{"gold_per_floor":[111,129,129,148,19,19,39,71,97,108,108,120,120,120,120,224,224,240,251,97,111,122,157,177,102,157,167,192,192,218,237,237,337,337,351,371,1370,645,645,680,728,215,267,267,284,284,317,317,317,317],"floor_reached":51,"playtime":2294,"items_purged":["Pain","Strike_R","Normality","Strike_R"],"score":942,"play_id":"f377db67-52e7-46b2-88d6-bf7c1ad59309","local_time":"20190704201942","is_ascension_mode":false,"campfire_choices":[{"data":"Bash","floor":6,"key":"SMITH"},{"data":"Bludgeon","floor":11,"key":"SMITH"},{"data":"Whirlwind","floor":13,"key":"SMITH"},{"data":"Shrug It Off","floor":15,"key":"SMITH"},{"data":"Demon Form","floor":29,"key":"SMITH"},{"data":"Demon Form","floor":32,"key":"SMITH"},{"data":"Feel No Pain","floor":44,"key":"SMITH"},{"data":"Feel No Pain","floor":46,"key":"SMITH"},{"data":"Offering","floor":49,"key":"SMITH"}],"neow_cost":"NONE","seed_source_timestamp":1124086338258835,"circlet_count":0,"master_deck":["Strike_R","Strike_R","Defend_R+1","Defend_R","Defend_R","Defend_R","Bash+1","Sword Boomerang+1","Whirlwind+1","Shrug It Off+1","Flex+1","Bludgeon+1","Impervious","Headbutt","Offering+1","Corruption","Shrug It Off","Warcry","Demon Form+1","True Grit+1","Demon Form+1","Seeing Red+1","Reaper","Shrug It Off","Feel No Pain+1","Offering+1","Feel No Pain+1","Injury","Shrug It Off","Madness","Madness"],"relics":["Burning Blood","WarpedTongs","Omamori","Juzu Bracelet","Cursed Key","PreservedInsect","Smiling Mask","Charon\u0027s Ashes","Strawberry","Velvet Choker","Potion Belt","Mango","Lantern","Torii","Shuriken","War Paint","Orichalcum","Pen Nib"],"potions_floor_usage":[22,28,47,50,50,50,50,50],"damage_taken":[{"damage":2,"enemies":"2 Louse","floor":1,"turns":3},{"damage":4,"enemies":"Cultist","floor":2,"turns":4},{"damage":1,"enemies":"Small Slimes","floor":4,"turns":2},{"damage":5,"enemies":"Looter","floor":7,"turns":3},{"damage":16,"enemies":"Lagavulin","floor":8,"turns":6},{"damage":8,"enemies":"Red Slaver","floor":10,"turns":3},{"damage":1,"enemies":"2 Fungi Beasts","floor":12,"turns":2},{"damage":53,"enemies":"Hexaghost","floor":16,"turns":8},{"damage":6,"enemies":"3 Byrds","floor":18,"turns":3},{"damage":6,"enemies":"Spheric Guardian","floor":19,"turns":1},{"damage":9,"enemies":"Cultist and Chosen","floor":21,"turns":4},{"damage":15,"enemies":"Shelled Parasite and Fungi","floor":22,"turns":3},{"damage":6,"enemies":"Slavers","floor":23,"turns":1},{"damage":0,"enemies":"Snecko","floor":24,"turns":3},{"damage":13,"enemies":"Chosen and Byrds","floor":27,"turns":2},{"damage":6,"enemies":"Book of Stabbing","floor":28,"turns":3},{"damage":9,"enemies":"Slavers","floor":30,"turns":2},{"damage":14,"enemies":"3 Cultists","floor":31,"turns":4},{"damage":18,"enemies":"Automaton","floor":33,"turns":7},{"damage":24,"enemies":"3 Darklings","floor":35,"turns":4},{"damage":0,"enemies":"Orb Walker","floor":36,"turns":3},{"damage":17,"enemies":"Giant Head","floor":40,"turns":6},{"damage":24,"enemies":"2 Orb Walkers","floor":41,"turns":4},{"damage":45,"enemies":"Spire Growth","floor":45,"turns":5},{"damage":13,"enemies":"Nemesis","floor":47,"turns":5},{"damage":27,"enemies":"Donu and Deca","floor":50,"turns":9}],"seed_played":"-7725867034721648381","potions_obtained":[{"floor":8,"key":"Explosive Potion"},{"floor":12,"key":"Regen Potion"},{"floor":16,"key":"BloodPotion"},{"floor":22,"key":"LiquidBronze"},{"floor":30,"key":"SpeedPotion"},{"floor":31,"key":"Swift Potion"},{"floor":36,"key":"SkillPotion"},{"floor":47,"key":"Poison Potion"}],"is_trial":false,"path_per_floor":["M","M","?","M","$","R","M","E","T","M","R","M","R","?","R","B",null,"M","M","$","M","M","E","M","?","T","M","E","R","E","M","R","B",null,"M","M","?","$","?","E","?","$","T","R","M","R","E","?","R","B",null],"character_chosen":"IRONCLAD","items_purchased":["Flex","Shrug It Off","Feel No Pain","Offering","Potion Belt","Mango","Swift Potion","Strength Potion","Feel No Pain","Shuriken","War Paint"],"campfire_rested":0,"item_purchase_floors":[5,20,38,38,38,38,38,38,42,42,42],"current_hp_per_floor":[88,88,88,88,88,88,88,78,78,76,76,81,81,63,63,16,88,88,88,88,85,81,81,87,87,87,80,80,80,84,76,76,64,95,95,95,95,109,109,109,103,103,103,103,92,92,104,90,90,69],"gold":317,"neow_bonus":"TEN_PERCENT_HP_BONUS","is_prod":false,"is_daily":false,"chose_seed":false,"campfire_upgraded":9,"win_rate":1,"timestamp":1562239182,"path_taken":["M","M","?","M","$","R","M","E","T","M","R","M","R","?","R","BOSS","M","M","$","M","M","E","M","?","T","M","E","R","E","M","R","BOSS","M","M","?","$","?","E","?","$","T","R","M","R","E","?","R","BOSS"],"build_version":"2019-07-01","purchased_purges":4,"victory":true,"max_hp_per_floor":[88,88,88,88,88,88,88,88,88,88,88,88,88,88,88,88,88,88,88,88,88,88,88,88,88,88,88,88,88,95,95,95,95,95,95,95,95,109,109,109,109,109,109,109,109,109,109,109,109,109],"card_choices":[{"not_picked":["Pommel Strike","Flex"],"picked":"Sword Boomerang","floor":1},{"not_picked":["Flex","Dropkick"],"picked":"Whirlwind","floor":2},{"not_picked":["Warcry","Cleave"],"picked":"Shrug It Off","floor":4},{"not_picked":["Battle Trance","Dual Wield"],"picked":"Bludgeon","floor":7},{"not_picked":["Clothesline","Body Slam","Anger"],"picked":"SKIP","floor":8},{"not_picked":["Anger","Thunderclap"],"picked":"Impervious","floor":10},{"not_picked":["Body Slam","Thunderclap"],"picked":"Headbutt","floor":12},{"not_picked":["Bludgeon","Double Tap"],"picked":"Offering","floor":16},{"not_picked":["Wild Strike","Reckless Charge"],"picked":"Corruption","floor":18},{"not_picked":["Headbutt+1","Thunderclap"],"picked":"Bloodletting+1","floor":19},{"not_picked":["Sword Boomerang+1","Whirlwind","Body Slam"],"picked":"SKIP","floor":21},{"not_picked":["Cleave","Clothesline"],"picked":"Warcry","floor":22},{"not_picked":["Uppercut","Warcry"],"picked":"Demon Form","floor":23},{"not_picked":["Whirlwind","Rampage"],"picked":"True Grit+1","floor":24},{"not_picked":["Perfected Strike","Anger","Power Through"],"picked":"SKIP","floor":27},{"not_picked":["Uppercut","Pummel"],"picked":"Demon Form","floor":28},{"not_picked":["Body Slam+1","Armaments","Heavy Blade"],"picked":"SKIP","floor":30},{"not_picked":["Body Slam+1","Armaments","Heavy Blade"],"picked":"SKIP","floor":30},{"not_picked":["Clash","Warcry"],"picked":"Seeing Red+1","floor":31},{"not_picked":["Limit Break","Berserk"],"picked":"Reaper","floor":33},{"not_picked":["Wild Strike","Iron Wave+1"],"picked":"Shrug It Off","floor":35},{"not_picked":["Infernal Blade+1","Wild Strike","Warcry"],"picked":"SKIP","floor":36},{"not_picked":["Dropkick+1","Pommel Strike+1","Brutality"],"picked":"SKIP","floor":40},{"not_picked":["Disarm","Thunderclap+1","Perfected Strike"],"picked":"SKIP","floor":45},{"not_picked":["Heavy Blade","Wild Strike"],"picked":"Shrug It Off","floor":47}],"player_experience":31502,"relics_obtained":[{"floor":8,"key":"Omamori"},{"floor":9,"key":"Juzu Bracelet"},{"floor":23,"key":"PreservedInsect"},{"floor":26,"key":"Smiling Mask"},{"floor":28,"key":"Charon\u0027s Ashes"},{"floor":30,"key":"Strawberry"},{"floor":40,"key":"Lantern"},{"floor":41,"key":"Torii"},{"floor":43,"key":"Orichalcum"},{"floor":47,"key":"Pen Nib"}],"event_choices":[{"damage_healed":0,"gold_gain":0,"player_choice":"Rummage","damage_taken":0,"relics_obtained":["WarpedTongs"],"max_hp_gain":0,"max_hp_loss":0,"event_name":"Accursed Blacksmith","floor":3,"gold_loss":0,"cards_obtained":["Pain"]},{"damage_healed":0,"gold_gain":0,"player_choice":"Entered Light","damage_taken":18,"max_hp_gain":0,"max_hp_loss":0,"event_name":"Shining Light","floor":14,"gold_loss":0,"cards_upgraded":["Sword Boomerang","Flex"]},{"cards_removed":["Strike_R"],"damage_healed":0,"gold_gain":0,"player_choice":"Gave Gold","damage_taken":0,"max_hp_gain":0,"max_hp_loss":0,"event_name":"Beggar","floor":25,"gold_loss":75},{"damage_healed":0,"gold_gain":999,"player_choice":"Gold","damage_taken":0,"max_hp_gain":0,"max_hp_loss":0,"event_name":"MindBloom","floor":37,"gold_loss":0,"cards_obtained":["Normality","Normality"]},{"cards_removed":["Bloodletting"],"damage_healed":0,"gold_gain":0,"player_choice":"Removed Skill","damage_taken":0,"max_hp_gain":0,"max_hp_loss":0,"event_name":"Falling","floor":39,"gold_loss":0},{"damage_healed":0,"gold_gain":0,"player_choice":"Fight","damage_taken":0,"max_hp_gain":0,"max_hp_loss":0,"event_name":"Mysterious Sphere","floor":41,"gold_loss":0},{"damage_healed":0,"gold_gain":0,"player_choice":"Embrace Madness","damage_taken":14,"max_hp_gain":0,"max_hp_loss":0,"event_name":"Winding Halls","floor":48,"gold_loss":0,"cards_obtained":["Madness","Madness"]}],"is_beta":false,"boss_relics":[{"not_picked":["Coffee Dripper","Runic Pyramid"],"picked":"Cursed Key"},{"not_picked":["Black Star","Philosopher\u0027s Stone"],"picked":"Velvet Choker"}],"items_purged_floors":[5,20,38,42],"is_endless":false,"potions_floor_spawned":[8,12,16,21,22,24,30,31,36,47],"ascension_level":0}