{"gold_per_floor":[109,129,14,14,31,62,79,93,93,93,93,168,168,181,181,281,281,294,155,168,183,194,194,206,237,264,264,314,339,354,453,453,548,548,561,578,578,678,246,246,120,120,120,138,3,16,16,34,34,34],"floor_reached":51,"playtime":2439,"items_purged":["Strike_R","Strike_R","Bash"],"score":764,"play_id":"d520f83b-cef4-4326-8d41-a51971b46113","local_time":"20190902233601","is_ascension_mode":false,"campfire_choices":[{"data":"Armaments","floor":10.0,"key":"SMITH"},{"data":"Rampage","floor":13.0,"key":"SMITH"},{"data":"Iron Wave","floor":15.0,"key":"SMITH"},{"floor":23.0,"key":"REST"},{"floor":27.0,"key":"REST"},{"floor":32.0,"key":"REST"},{"floor":40.0,"key":"REST"},{"data":"Juggernaut","floor":42.0,"key":"SMITH"},{"floor":49.0,"key":"REST"}],"neow_cost":"PERCENT_DAMAGE","seed_source_timestamp":745178049727200,"circlet_count":0,"master_deck":["Headbutt","Combust","Rampage+1","Iron Wave+1","Combust","Armaments+1","Anger","Fiend Fire","Battle Trance+1","Metallicize","Shrug It Off","Ghostly Armor","Inflame+1","Flex+1","Shrug It Off","Juggernaut+1","Entrench","Body Slam","Metallicize","Immolate","Iron Wave+1","Metallicize+1","Metallicize","Combust","Master of Strategy","Blind","Body Slam","Body Slam","Iron Wave+1"],"special_seed":0,"relics":["Burning Blood","Mercury Hourglass","Ornamental Fan","Empty Cage","Kunai","Dream Catcher","Gremlin Horn","Pandora\u0027s Box","Mango","Membership Card","Bag of Marbles","Ancient Tea Set","The Courier","Strawberry","Vajra"],"potions_floor_usage":[50,50,50],"damage_taken":[{"damage":0.0,"enemies":"Small Slimes","floor":1.0,"turns":4.0},{"damage":1.0,"enemies":"Cultist","floor":2.0,"turns":4.0},{"damage":2.0,"enemies":"Jaw Worm","floor":5.0,"turns":3.0},{"damage":25.0,"enemies":"3 Sentries","floor":6.0,"turns":7.0},{"damage":5.0,"enemies":"2 Fungi Beasts","floor":7.0,"turns":3.0},{"damage":10.0,"enemies":"Gremlin Gang","floor":8.0,"turns":2.0},{"damage":9.0,"enemies":"Blue Slaver","floor":14.0,"turns":4.0},{"damage":25.0,"enemies":"The Guardian","floor":16.0,"turns":8.0},{"damage":3.0,"enemies":"Shell Parasite","floor":18.0,"turns":6.0},{"damage":11.0,"enemies":"2 Thieves","floor":20.0,"turns":3.0},{"damage":31.0,"enemies":"Snake Plant","floor":21.0,"turns":3.0},{"damage":16.0,"enemies":"Shelled Parasite and Fungi","floor":22.0,"turns":4.0},{"damage":14.0,"enemies":"Sentry and Sphere","floor":24.0,"turns":8.0},{"damage":29.0,"enemies":"Book of Stabbing","floor":25.0,"turns":7.0},{"damage":38.0,"enemies":"Slavers","floor":29.0,"turns":7.0},{"damage":29.0,"enemies":"Snecko","floor":30.0,"turns":5.0},{"damage":27.0,"enemies":"Champ","floor":33.0,"turns":11.0},{"damage":2.0,"enemies":"3 Shapes","floor":35.0,"turns":3.0},{"damage":8.0,"enemies":"Orb Walker","floor":36.0,"turns":4.0},{"damage":52.0,"enemies":"Mind Bloom Boss Battle","floor":38.0,"turns":9.0},{"damage":17.0,"enemies":"Maw","floor":44.0,"turns":8.0},{"damage":32.0,"enemies":"3 Darklings","floor":46.0,"turns":5.0},{"damage":21.0,"enemies":"Spire Growth","floor":48.0,"turns":7.0},{"damage":27,"enemies":"Awakened One","floor":50,"turns":12}],"seed_played":"6444531360336436856","potions_obtained":[{"floor":1.0,"key":"Regen Potion"},{"floor":6.0,"key":"LiquidBronze"},{"floor":16.0,"key":"Regen Potion"},{"floor":29.0,"key":"Strength Potion"},{"floor":30.0,"key":"Explosive Potion"},{"floor":35.0,"key":"Dexterity Potion"},{"floor":47.0,"key":"EssenceOfSteel"}],"is_trial":false,"path_per_floor":["M","M","$","?","M","E","M","M","T","R","?","?","R","M","R","B",null,"M","$","M","M","M","R","M","E","T","R","?","E","M","?","R","B",null,"M","M","?","?","$","R","$","R","T","M","$","M","?","M","R","B",null],"character_chosen":"IRONCLAD","items_purchased":["Rampage","Metallicize","Membership Card","Metallicize","Bag of Marbles","Ancient Tea Set","Master of Strategy","Blind","Body Slam","Strawberry","Vajra"],"campfire_rested":5,"item_purchase_floors":[3,19,39,39,39,39,41,41,45,45,45],"current_hp_per_floor":[78,83,83,96,96,77,78,74,74,74,74,63,63,60,60,41,96,96,96,91,66,56,84,76,53,53,81,81,64,53,53,81,60,96,96,94,94,62,62,95,95,95,95,84,91,65,65,50,85,64],"gold":34,"neow_bonus":"TWENTY_PERCENT_HP_BONUS","is_prod":false,"is_daily":false,"chose_seed":false,"campfire_upgraded":4,"win_rate":0,"timestamp":1567460161,"path_taken":["M","M","$","?","?","E","M","M","T","R","?","?","R","M","R","BOSS","M","$","M","M","M","R","M","E","T","R","?","E","?","?","R","BOSS","M","M","?","?","$","R","?","R","T","?","$","M","?","M","R","BOSS"],"build_version":"2019-07-17","purchased_purges":3,"victory":true,"max_hp_per_floor":[96,96,96,96,96,96,96,96,96,96,96,96,96,96,96,96,96,96,96,96,96,96,96,96,96,96,96,96,96,96,96,96,96,96,96,96,96,110,110,110,110,110,110,110,117,117,117,117,117,117],"card_choices":[{"not_picked":["Bloodletting","Havoc"],"picked":"Headbutt","floor":1.0},{"not_picked":["Twin Strike","Dual Wield"],"picked":"Combust","floor":2.0},{"not_picked":["Body Slam","Carnage"],"picked":"Rampage","floor":5.0},{"not_picked":["Infernal Blade","Cleave"],"picked":"Iron Wave","floor":6.0},{"not_picked":["Bloodletting","Pommel Strike"],"picked":"Combust","floor":7.0},{"not_picked":["Disarm","Perfected Strike"],"picked":"Armaments","floor":8.0},{"not_picked":["Wild Strike","Twin Strike"],"picked":"Anger","floor":14.0},{"not_picked":["Exhume","Dark Embrace"],"picked":"Fiend Fire","floor":16.0},{"not_picked":["Clothesline","Entrench+1"],"picked":"Battle Trance+1","floor":18.0},{"not_picked":["Sword Boomerang","Body Slam"],"picked":"Shrug It Off","floor":20.0},{"not_picked":["True Grit","Evolve"],"picked":"Ghostly Armor","floor":21.0},{"not_picked":["Shockwave","Cleave","Havoc"],"picked":"SKIP","floor":22.0},{"not_picked":["Hemokinesis+1","Armaments","Clothesline+1"],"picked":"SKIP","floor":24.0},{"not_picked":["Intimidate+1","True Grit+1"],"picked":"Inflame+1","floor":25.0},{"not_picked":["Sword Boomerang+1","Havoc"],"picked":"Flex+1","floor":27.0},{"not_picked":["Havoc+1","Sword Boomerang","Feed"],"picked":"SKIP","floor":29.0},{"not_picked":["Clash","Havoc","Heavy Blade"],"picked":"SKIP","floor":30.0},{"not_picked":["Heavy Blade","Iron Wave"],"picked":"Shrug It Off","floor":32.0},{"not_picked":["Dark Embrace","Impervious"],"picked":"Juggernaut","floor":33.0},{"not_picked":["Burning Pact+1","Feel No Pain+1"],"picked":"Iron Wave+1","floor":35.0},{"not_picked":["Cleave","Armaments"],"picked":"Metallicize+1","floor":36.0},{"not_picked":["Fire Breathing","Battle Trance"],"picked":"Combust","floor":40.0},{"not_picked":["Dual Wield+1","Warcry+1","Cleave+1"],"picked":"SKIP","floor":44.0},{"not_picked":["Immolate","Pummel"],"picked":"Body Slam","floor":46.0},{"not_picked":["Clash","Pommel Strike+1"],"picked":"Iron Wave+1","floor":48.0}],"player_experience":389041,"relics_obtained":[{"floor":6.0,"key":"Mercury Hourglass"},{"floor":9.0,"key":"Ornamental Fan"},{"floor":25.0,"key":"Kunai"},{"floor":26.0,"key":"Dream Catcher"},{"floor":29.0,"key":"Gremlin Horn"},{"floor":38.0,"key":"Mango"},{"floor":43.0,"key":"The Courier"}],"event_choices":[{"cards_removed":["Rampage"],"damage_healed":13.0,"max_hp_gain":0.0,"max_hp_loss":0.0,"gold_gain":0.0,"event_name":"Bonfire Elementals","player_choice":"Offered Uncommon","floor":4.0,"gold_loss":0.0,"damage_taken":0.0},{"cards_removed":["Strike_R"],"damage_healed":0.0,"max_hp_gain":0.0,"max_hp_loss":0.0,"gold_gain":0.0,"event_name":"Living Wall","player_choice":"Forget","floor":11.0,"gold_loss":0.0,"damage_taken":0.0},{"damage_healed":0.0,"max_hp_gain":0.0,"max_hp_loss":0.0,"gold_gain":75.0,"event_name":"World of Goop","player_choice":"Gather Gold","floor":12.0,"gold_loss":0.0,"damage_taken":11.0},{"damage_healed":0.0,"max_hp_gain":0.0,"max_hp_loss":0.0,"gold_gain":100.0,"event_name":"The Joust","player_choice":"Bet on Murderer","floor":28.0,"gold_loss":50.0,"damage_taken":0.0},{"damage_healed":0.0,"max_hp_gain":0.0,"max_hp_loss":0.0,"gold_gain":99.0,"event_name":"Nest","player_choice":"Stole From Cult","floor":31.0,"gold_loss":0.0,"damage_taken":0.0},{"damage_healed":0.0,"max_hp_gain":0.0,"max_hp_loss":0.0,"gold_gain":0.0,"event_name":"Tomb of Lord Red Mask","player_choice":"Ignored","floor":37.0,"gold_loss":0.0,"damage_taken":0.0},{"damage_healed":0.0,"max_hp_gain":0.0,"max_hp_loss":0.0,"gold_gain":0.0,"event_name":"MindBloom","player_choice":"Fight","floor":38.0,"gold_loss":0.0,"damage_taken":0.0},{"damage_healed":0.0,"max_hp_gain":0.0,"max_hp_loss":0.0,"gold_gain":0.0,"event_name":"Lab","player_choice":"Got Potions","floor":47.0,"gold_loss":0.0,"damage_taken":0.0}],"is_beta":false,"boss_relics":[{"not_picked":["Coffee Dripper","Mark of Pain"],"picked":"Empty Cage"},{"not_picked":["Eternal Feather","White Beast Statue"],"picked":"Pandora\u0027s Box"}],"items_purged_floors":[3,19,39],"is_endless":false,"potions_floor_spawned":[1,6,16,18,21,29,30,35,36,46],"ascension_level":0}