{"gold_per_floor":[411,427,57,76,76,101,114,147,147,147,161,190,208,223,223,294,294,306,306,326,344,361,361,386,386,386,386,402,428,443,443,443,522,522,534,552,552,552],"floor_reached":38,"playtime":2836,"items_purged":["Regret"],"score":930,"play_id":"aa63c2b6-9fa0-436d-b407-7e2210ba5cd1","local_time":"20190712222132","is_ascension_mode":true,"campfire_choices":[{"floor":15.0,"key":"REST"},{"floor":23.0,"key":"REST"},{"data":"Genetic Algorithm","floor":25.0,"key":"SMITH"},{"data":"Recycle","floor":27.0,"key":"SMITH"},{"floor":32,"key":"REST"}],"neow_cost":"CURSE","seed_source_timestamp":265399790385200,"circlet_count":0,"master_deck":["AscendersBane","Zap","Dualcast","Cold Snap","Glacier","Sunder","Hologram","White Noise","Cold Snap","Compile Driver","Machine Learning","Genetic Algorithm+1","Ball Lightning","Streamline","Redo","Electrodynamics","Decay","Recycle+1","Compile Driver+1","Capacitor+1","Buffer","Steam","Rainbow","Coolheaded","Thunder Strike","Skim","Consume","Creative AI","Leap","Chaos+1"],"special_seed":0,"relics":["Cracked Core","Old Coin","Bag of Marbles","Symbiotic Virus","Gremlin Horn","Dream Catcher","Letter Opener","Smiling Mask","Velvet Choker","The Courier","Bottled Lightning","Blood Vial","Pandora\u0027s Box"],"potions_floor_usage":[30,36],"damage_taken":[{"damage":14.0,"enemies":"Jaw Worm","floor":1.0,"turns":3.0},{"damage":2.0,"enemies":"2 Louse","floor":2.0,"turns":3.0},{"damage":0.0,"enemies":"Cultist","floor":4.0,"turns":4.0},{"damage":17.0,"enemies":"Lagavulin","floor":6.0,"turns":7.0},{"damage":0.0,"enemies":"Lots of Slimes","floor":7.0,"turns":5.0},{"damage":3.0,"enemies":"3 Sentries","floor":8.0,"turns":6.0},{"damage":4.0,"enemies":"Looter","floor":11.0,"turns":2.0},{"damage":8.0,"enemies":"Lagavulin","floor":12.0,"turns":7.0},{"damage":6.0,"enemies":"Exordium Wildlife","floor":13.0,"turns":3.0},{"damage":0.0,"enemies":"2 Fungi Beasts","floor":14.0,"turns":2.0},{"damage":11.0,"enemies":"The Guardian","floor":16.0,"turns":16.0},{"damage":9.0,"enemies":"Shell Parasite","floor":18.0,"turns":5.0},{"damage":17.0,"enemies":"Spheric Guardian","floor":20.0,"turns":4.0},{"damage":24.0,"enemies":"Shelled Parasite and Fungi","floor":21.0,"turns":8.0},{"damage":11.0,"enemies":"Snake Plant","floor":22.0,"turns":3.0},{"damage":0.0,"enemies":"Gremlin Leader","floor":24.0,"turns":5.0},{"damage":0.0,"enemies":"3 Cultists","floor":28.0,"turns":4.0},{"damage":29.0,"enemies":"Slavers","floor":29.0,"turns":5.0},{"damage":7,"enemies":"Chosen and Byrds","floor":30,"turns":5},{"damage":31,"enemies":"Automaton","floor":33,"turns":10},{"damage":0,"enemies":"3 Shapes","floor":35,"turns":3},{"damage":30,"enemies":"3 Darklings","floor":36,"turns":6},{"damage":82,"enemies":"Transient","floor":38,"turns":6}],"seed_played":"464392390567206601","potions_obtained":[{"floor":4.0,"key":"GamblersBrew"},{"floor":11.0,"key":"GamblersBrew"},{"floor":12.0,"key":"LiquidBronze"},{"floor":13.0,"key":"Dexterity Potion"},{"floor":18.0,"key":"Regen Potion"},{"floor":20.0,"key":"Ancient Potion"},{"floor":22.0,"key":"Regen Potion"},{"floor":35,"key":"Block Potion"}],"is_trial":false,"path_per_floor":["M","M","$","M","?","E","M","E","T","?","M","E","M","M","R","B",null,"M","?","M","M","M","R","E","R","T","R","M","E","M","?","R","B",null,"M","M","?","M"],"character_chosen":"DEFECT","items_purchased":["Fire Potion","Sunder","Bag of Marbles"],"campfire_rested":3,"item_purchase_floors":[3,3,3],"current_hp_per_floor":[50,48,48,48,43,26,26,23,23,23,19,11,5,5,26,15,57,48,48,43,19,8,29,43,43,43,43,43,14,9,9,30,1,54,56,28,28,0],"gold":552,"neow_bonus":"ONE_RARE_RELIC","is_prod":false,"is_daily":false,"chose_seed":false,"campfire_upgraded":2,"win_rate":0,"timestamp":1562984492,"path_taken":["M","M","$","M","?","E","M","E","T","?","M","E","M","M","R","BOSS","M","?","M","M","?","R","E","R","T","R","M","E","M","?","R","BOSS","M","M","?","M"],"build_version":"2019-07-05","purchased_purges":1,"victory":false,"max_hp_per_floor":[71,71,71,71,71,71,71,71,71,71,71,71,71,71,71,71,71,71,71,71,71,71,71,71,71,71,71,71,71,71,71,71,71,71,71,71,67,67],"card_choices":[{"not_picked":["Blizzard","Sweeping Beam"],"picked":"Cold Snap","floor":1.0},{"not_picked":["Scrape","Gash"],"picked":"Glacier","floor":2.0},{"not_picked":["Rebound","Coolheaded"],"picked":"Hologram","floor":4.0},{"not_picked":["Leap","Steam"],"picked":"White Noise","floor":6.0},{"not_picked":["Streamline","Steam Power"],"picked":"Cold Snap","floor":7.0},{"not_picked":["Turbo","Scrape"],"picked":"Compile Driver","floor":8.0},{"not_picked":["Consume","Gash"],"picked":"Machine Learning","floor":11.0},{"not_picked":["Barrage","Turbo"],"picked":"Genetic Algorithm","floor":12.0},{"not_picked":["White Noise","Beam Cell"],"picked":"Ball Lightning","floor":13.0},{"not_picked":["Fusion","Ball Lightning"],"picked":"Streamline","floor":14.0},{"not_picked":["Ball Lightning","Force Field"],"picked":"Redo","floor":15.0},{"not_picked":["Fission","Rainbow"],"picked":"Electrodynamics","floor":16.0},{"not_picked":["Streamline+1","Fusion","Scrape+1"],"picked":"SKIP","floor":18.0},{"not_picked":["Sunder","Stack","Steam"],"picked":"SKIP","floor":20.0},{"not_picked":["Ball Lightning+1","Hello World","Steam"],"picked":"SKIP","floor":21.0},{"not_picked":["Streamline","Hologram"],"picked":"Recycle","floor":22.0},{"not_picked":["Cold Snap","Darkness"],"picked":"Compile Driver+1","floor":23.0},{"not_picked":["Sweeping Beam","Chill","Stack"],"picked":"SKIP","floor":24.0},{"not_picked":["Turbo","Amplify","Steam"],"picked":"SKIP","floor":28.0},{"not_picked":["Beam Cell","Machine Learning","Gash"],"picked":"SKIP","floor":29.0},{"not_picked":["Auto Shields","Genetic Algorithm"],"picked":"Capacitor+1","floor":30},{"not_picked":["All For One","Core Surge"],"picked":"Rainbow","floor":33},{"not_picked":["Chaos+1","Redo","BootSequence"],"picked":"SKIP","floor":35},{"not_picked":["Redo","BootSequence"],"picked":"Chaos+1","floor":35},{"not_picked":["BootSequence","Streamline+1","Go for the Eyes"],"picked":"SKIP","floor":36}],"player_experience":1340966,"relics_obtained":[{"floor":6.0,"key":"Gremlin Horn"},{"floor":8.0,"key":"Dream Catcher"},{"floor":9.0,"key":"Letter Opener"},{"floor":12.0,"key":"Smiling Mask"},{"floor":24.0,"key":"The Courier"},{"floor":26.0,"key":"Bottled Lightning"},{"floor":29.0,"key":"Blood Vial"}],"event_choices":[{"damage_healed":0.0,"max_hp_gain":0.0,"max_hp_loss":0.0,"gold_gain":0.0,"event_name":"Scrap Ooze","player_choice":"Success","floor":5.0,"gold_loss":0.0,"damage_taken":5.0,"relics_obtained":["Symbiotic Virus"]},{"damage_healed":0.0,"max_hp_gain":0.0,"max_hp_loss":0.0,"gold_gain":0.0,"event_name":"Match and Keep!","player_choice":"0 cards matched","floor":10.0,"gold_loss":0.0,"damage_taken":0.0,"cards_obtained":[]},{"damage_healed":0.0,"max_hp_gain":0.0,"max_hp_loss":0.0,"gold_gain":0.0,"event_name":"Wheel of Change","player_choice":"Cursed","floor":19.0,"gold_loss":0.0,"damage_taken":0.0,"cards_obtained":["Decay"]},{"damage_healed":0,"gold_gain":0,"cards_transformed":["Strike_B","Strike_B"],"player_choice":"Became Test Subject","damage_taken":0,"max_hp_gain":0,"max_hp_loss":0,"event_name":"Drug Dealer","floor":31,"gold_loss":0,"cards_obtained":["Buffer","Steam"]},{"damage_healed":0,"gold_gain":0,"player_choice":"Max HP","damage_taken":0,"max_hp_gain":0,"max_hp_loss":4,"event_name":"Winding Halls","floor":37,"gold_loss":0}],"is_beta":false,"boss_relics":[{"not_picked":["Astrolabe","White Beast Statue"],"picked":"Velvet Choker"},{"not_picked":["Coffee Dripper","FrozenCore"],"picked":"Pandora\u0027s Box"}],"items_purged_floors":[3],"is_endless":false,"potions_floor_spawned":[4,6,11,12,13,18,20,22,35],"killed_by":"Transient","ascension_level":20}