{"gold_per_floor":[117,117,129,139,49,49,84,97,166,200,216,41,41,52,52,129,129,129,20,20,0,0,0,0,0,0,0,0,0,0,0,0,0,0,0,0,0,0,0,0,0,0,0,0],"floor_reached":44,"playtime":2654,"items_purged":["Defend_B"],"score":1009,"play_id":"324907be-b5d9-43c3-b926-e7bf81a89a2a","local_time":"20190607202912","daily_mods":["Uncertain Future"],"is_ascension_mode":true,"campfire_choices":[{"data":"FTL","floor":6.0,"key":"SMITH"},{"floor":13.0,"key":"REST"},{"data":"Genetic Algorithm","floor":15.0,"key":"SMITH"},{"floor":25.0,"key":"REST"},{"floor":29.0,"key":"REST"},{"floor":32.0,"key":"REST"},{"floor":41.0,"key":"REST"}],"neow_cost":"","seed_source_timestamp":0,"circlet_count":0,"master_deck":["AscendersBane","Strike_B","Strike_B","Strike_B","Strike_B","Defend_B","Defend_B","Defend_B","Zap","Dualcast","FTL+1","Leap","Chill","Flash of Steel","Cold Snap","Go for the Eyes","Ball Lightning","Echo Form","Genetic Algorithm+1","Sweeping Beam","Seek","Defragment","Streamline","Conserve Battery","Sweeping Beam+1","Compile Driver","Double Energy","Defragment","Creative AI","Cold Snap","Seek","Glacier","Turbo+1","Capacitor+1","Seek"],"special_seed":0,"relics":["Cracked Core","Nunchaku","Shuriken","PreservedInsect","Ectoplasm","Matryoshka","Dream Catcher","Pear","Art of War","Runic Pyramid","Ornamental Fan","Lantern","Sundial"],"potions_floor_usage":[44],"damage_taken":[{"damage":7.0,"enemies":"Cultist","floor":1.0,"turns":4.0},{"damage":0.0,"enemies":"2 Louse","floor":3.0,"turns":3.0},{"damage":4.0,"enemies":"Small Slimes","floor":4.0,"turns":3.0},{"damage":23.0,"enemies":"Lagavulin","floor":7.0,"turns":7.0},{"damage":2.0,"enemies":"Blue Slaver","floor":8.0,"turns":5.0},{"damage":22.0,"enemies":"Gremlin Nob","floor":10.0,"turns":4.0},{"damage":7.0,"enemies":"Looter","floor":11.0,"turns":3.0},{"damage":6.0,"enemies":"2 Fungi Beasts","floor":14.0,"turns":4.0},{"damage":2.0,"enemies":"Slime Boss","floor":16.0,"turns":5.0},{"damage":7.0,"enemies":"Shell Parasite","floor":18.0,"turns":5.0},{"damage":7.0,"enemies":"2 Thieves","floor":21.0,"turns":3.0},{"damage":8.0,"enemies":"Centurion and Healer","floor":22.0,"turns":7.0},{"damage":8.0,"enemies":"Book of Stabbing","floor":23.0,"turns":6.0},{"damage":1.0,"enemies":"Gremlin Leader","floor":27.0,"turns":7.0},{"damage":27.0,"enemies":"Snake Plant","floor":28.0,"turns":5.0},{"damage":10.0,"enemies":"Snecko","floor":30.0,"turns":6.0},{"damage":20.0,"enemies":"Centurion and Healer","floor":31.0,"turns":6.0},{"damage":33.0,"enemies":"Automaton","floor":33.0,"turns":10.0},{"damage":5.0,"enemies":"3 Shapes","floor":35.0,"turns":5.0},{"damage":7.0,"enemies":"Orb Walker","floor":38.0,"turns":4.0},{"damage":1.0,"enemies":"Jaw Worm Horde","floor":39.0,"turns":6.0},{"damage":27.0,"enemies":"Giant Head","floor":40.0,"turns":7.0},{"damage":17.0,"enemies":"Spire Growth","floor":42.0,"turns":6.0},{"damage":41,"enemies":"Transient","floor":44,"turns":4}],"seed_played":"-63348438927870294","potions_obtained":[{"floor":1.0,"key":"Block Potion"},{"floor":3.0,"key":"FairyPotion"},{"floor":4.0,"key":"Weak Potion"},{"floor":14.0,"key":"Weak Potion"},{"floor":22.0,"key":"Dexterity Potion"},{"floor":28.0,"key":"FocusPotion"},{"floor":39.0,"key":"SkillPotion"},{"floor":40.0,"key":"SteroidPotion"}],"is_trial":true,"path_per_floor":["M","?","M","M","$","R","E","M","T","E","M","$","R","M","R","B",null,"M","$","?","M","M","E","$","R","T","E","M","R","M","M","R","B",null,"M","?","$","M","M","E","R","M","T","M"],"character_chosen":"DEFECT","items_purchased":["Flash of Steel","Genetic Algorithm","Fire Potion","Streamline","Fire Potion"],"campfire_rested":5,"item_purchase_floors":[5,12,12,19,19],"current_hp_per_floor":[57,71,71,67,67,67,44,42,42,20,13,13,34,28,28,26,60,53,53,53,46,38,30,30,51,61,60,33,57,47,27,51,18,65,60,60,60,53,52,25,49,32,32,0],"gold":0,"neow_bonus":"","is_prod":false,"is_daily":false,"chose_seed":true,"campfire_upgraded":2,"win_rate":0,"timestamp":1559953752,"path_taken":["M","?","M","?","$","R","E","M","T","E","M","?","R","M","R","BOSS","M","$","?","M","M","E","?","R","T","E","M","R","M","?","R","BOSS","M","?","$","M","?","E","R","M","T","M"],"build_version":"2019-01-23","purchased_purges":1,"victory":false,"max_hp_per_floor":[71,71,71,71,71,71,71,71,71,71,71,71,71,71,71,71,71,71,71,71,71,71,71,71,71,81,81,81,81,81,81,81,81,81,81,81,81,81,81,81,81,81,81,81],"card_choices":[{"not_picked":["Loop","Capacitor"],"picked":"FTL","floor":1.0},{"not_picked":["Stack","Compile Driver"],"picked":"Leap","floor":3.0},{"not_picked":["Barrage","Stack"],"picked":"Chill","floor":4.0},{"not_picked":["BootSequence","Turbo"],"picked":"Cold Snap","floor":7.0},{"not_picked":["Conserve Battery","Fission"],"picked":"Go for the Eyes","floor":8.0},{"not_picked":["Turbo","Steam Power"],"picked":"Ball Lightning","floor":10.0},{"not_picked":["Compile Driver","Steam Power"],"picked":"Echo Form","floor":11.0},{"not_picked":["Rebound","Coolheaded"],"picked":"Sweeping Beam","floor":14.0},{"not_picked":["Fission","Echo Form"],"picked":"Seek","floor":16.0},{"not_picked":["White Noise+1","Steam"],"picked":"Defragment","floor":18.0},{"not_picked":["Turbo","Leap"],"picked":"Conserve Battery","floor":21.0},{"not_picked":["Consume","Blizzard+1"],"picked":"Sweeping Beam+1","floor":22.0},{"not_picked":["Reinforced Body","Force Field"],"picked":"Compile Driver","floor":23.0},{"not_picked":["Leap","Gash","Redo"],"picked":"SKIP","floor":27.0},{"not_picked":["Cold Snap","Sweeping Beam"],"picked":"Double Energy","floor":28.0},{"not_picked":["Coolheaded","Turbo"],"picked":"Defragment","floor":29.0},{"not_picked":["Skim","Leap"],"picked":"Creative AI","floor":30.0},{"not_picked":["Double Energy","Auto Shields","Darkness"],"picked":"SKIP","floor":31.0},{"not_picked":["Double Energy","Sweeping Beam+1"],"picked":"Cold Snap","floor":32.0},{"not_picked":["Reboot","Amplify"],"picked":"Seek","floor":33.0},{"not_picked":["Barrage","Stack"],"picked":"Glacier","floor":35.0},{"not_picked":["Coolheaded","Ball Lightning"],"picked":"Turbo+1","floor":38.0},{"not_picked":["Heatsinks","Tempest","Beam Cell"],"picked":"SKIP","floor":39.0},{"not_picked":["Auto Shields+1","Skim","Loop"],"picked":"SKIP","floor":40.0},{"not_picked":["Leap","Streamline+1"],"picked":"Capacitor+1","floor":41.0},{"not_picked":["Gash","Redo"],"picked":"Seek","floor":42.0}],"player_experience":1148181,"relics_obtained":[{"floor":7.0,"key":"Nunchaku"},{"floor":9.0,"key":"Shuriken"},{"floor":10.0,"key":"PreservedInsect"},{"floor":23.0,"key":"Matryoshka"},{"floor":26.0,"key":"Dream Catcher"},{"floor":26.0,"key":"Pear"},{"floor":27.0,"key":"Art of War"},{"floor":40.0,"key":"Ornamental Fan"},{"floor":43.0,"key":"Lantern"},{"floor":43.0,"key":"Sundial"}],"event_choices":[{"damage_healed":14.0,"max_hp_gain":0.0,"max_hp_loss":0.0,"gold_gain":0.0,"event_name":"Wheel of Change","player_choice":"Full Heal","floor":2.0,"gold_loss":0.0,"damage_taken":0.0},{"damage_healed":0.0,"max_hp_gain":0.0,"max_hp_loss":0.0,"gold_gain":0.0,"event_name":"FaceTrader","player_choice":"Leave","floor":20.0,"gold_loss":0.0,"damage_taken":0.0},{"damage_healed":0.0,"max_hp_gain":0.0,"max_hp_loss":0.0,"gold_gain":50.0,"event_name":"Golden Shrine","player_choice":"Pray","floor":36.0,"gold_loss":0.0,"damage_taken":0.0}],"is_beta":false,"boss_relics":[{"not_picked":["Coffee Dripper","Astrolabe"],"picked":"Ectoplasm"},{"not_picked":["Velvet Choker","FrozenCore"],"picked":"Runic Pyramid"}],"items_purged_floors":[12],"is_endless":false,"potions_floor_spawned":[1,3,4,14,22,28,39,40],"killed_by":"Transient","ascension_level":20}