{"gold_per_floor":[111,60,72,33,33,67,87,121,121,134,134,153,169,184,184,258,258,270,270,287,356,406,406,419,451,477,477],"floor_reached":27,"playtime":1020,"items_purged":[],"score":544,"play_id":"2fe5b62e-2c77-4cae-a275-a2807b152f8e","local_time":"20190716163740","is_ascension_mode":true,"campfire_choices":[{"data":"Skewer","floor":11,"key":"SMITH"},{"data":"Distraction","floor":15,"key":"SMITH"},{"floor":23,"key":"REST"}],"neow_cost":"NONE","seed_source_timestamp":172238126559500,"circlet_count":0,"master_deck":["AscendersBane","Strike_G","Strike_G","Strike_G","Strike_G","Strike_G","Defend_G","Defend_G","Defend_G","Defend_G","Defend_G","Survivor","Neutralize","Sucker Punch","Deadly Poison","Well Laid Plans","Skewer+1","Dagger Spray","PiercingWail","Well Laid Plans","Calculated Gamble","Distraction+1","Flying Knee","Adrenaline","Noxious Fumes","Bouncing Flask+1","Footwork","Deadly Poison","Doubt"],"relics":["Ring of the Snake","NeowsBlessing","Pear","Letter Opener","Paper Crane","Cursed Key","SsserpentHead","Frozen Egg 2","Art of War"],"potions_floor_usage":[8,8,16,25,25,27],"damage_taken":[{"damage":0,"enemies":"Jaw Worm","floor":1,"turns":1},{"damage":0,"enemies":"Cultist","floor":3,"turns":1},{"damage":0,"enemies":"Gremlin Nob","floor":6,"turns":1},{"damage":4,"enemies":"Small Slimes","floor":7,"turns":3},{"damage":29,"enemies":"3 Sentries","floor":8,"turns":8},{"damage":11,"enemies":"Red Slaver","floor":10,"turns":4},{"damage":9,"enemies":"3 Louse","floor":12,"turns":3},{"damage":7,"enemies":"Blue Slaver","floor":13,"turns":3},{"damage":0,"enemies":"Large Slime","floor":14,"turns":4},{"damage":17,"enemies":"Slime Boss","floor":16,"turns":8},{"damage":10,"enemies":"2 Thieves","floor":18,"turns":4},{"damage":6,"enemies":"Spheric Guardian","floor":20,"turns":4},{"damage":0,"enemies":"Snake Plant","floor":21,"turns":4},{"damage":28,"enemies":"Centurion and Healer","floor":24,"turns":7},{"damage":13,"enemies":"Book of Stabbing","floor":25,"turns":6},{"damage":12,"enemies":"Shelled Parasite and Fungi","floor":27,"turns":1}],"seed_played":"5103074612068420519","potions_obtained":[{"floor":5,"key":"SneckoOil"},{"floor":5,"key":"Regen Potion"},{"floor":6,"key":"Swift Potion"},{"floor":7,"key":"Poison Potion"},{"floor":10,"key":"SkillPotion"},{"floor":13,"key":"PowerPotion"},{"floor":16,"key":"GhostInAJar"},{"floor":25,"key":"Fire Potion"}],"is_trial":false,"path_per_floor":["M","$","M","$","?","E","M","E","T","M","R","M","M","M","R","B",null,"M","?","M","M","?","R","M","E","T","M"],"character_chosen":"THE_SILENT","items_purchased":["Deadly Poison","Skewer"],"campfire_rested":1,"item_purchase_floors":[2,4],"current_hp_per_floor":[59,59,59,59,59,69,65,51,51,40,40,31,24,24,24,7,59,49,49,43,43,21,45,17,4,4,0],"gold":477,"neow_bonus":"THREE_ENEMY_KILL","is_prod":false,"is_daily":false,"chose_seed":false,"campfire_upgraded":2,"win_rate":0,"timestamp":1563309460,"path_taken":["M","$","M","$","?","E","M","E","T","M","R","M","?","M","R","BOSS","M","?","M","?","?","R","M","E","T","M"],"build_version":"2019-07-05","purchased_purges":0,"victory":false,"max_hp_per_floor":[66,66,66,66,66,76,76,76,76,76,76,76,76,76,76,76,76,76,76,76,76,81,81,81,81,81,81],"card_choices":[{"not_picked":["Eviscerate","Prepared"],"picked":"Sucker Punch","floor":1},{"not_picked":["Terror","Underhanded Strike"],"picked":"Well Laid Plans","floor":3},{"not_picked":["Reflex","Acrobatics"],"picked":"Dagger Spray","floor":6},{"not_picked":["Blade Dance","Distraction"],"picked":"PiercingWail","floor":7},{"not_picked":["Sucker Punch","Riddle With Holes"],"picked":"Well Laid Plans","floor":8},{"not_picked":["Dagger Spray","Dodge and Roll"],"picked":"Calculated Gamble","floor":10},{"not_picked":["Phantasmal Killer","Flechettes"],"picked":"Distraction","floor":12},{"not_picked":["Accuracy","Sucker Punch"],"picked":"Flying Knee","floor":13},{"not_picked":["Underhanded Strike","Quick Slash","Finisher"],"picked":"SKIP","floor":14},{"not_picked":["Bullet Time","Venomology"],"picked":"Adrenaline","floor":16},{"not_picked":["Outmaneuver","Quick Slash"],"picked":"Noxious Fumes","floor":18},{"not_picked":["Expertise","Blur+1"],"picked":"Bouncing Flask+1","floor":20},{"not_picked":["Setup","Slice+1"],"picked":"Footwork","floor":21},{"not_picked":["Setup","Tactician"],"picked":"Deadly Poison","floor":24},{"not_picked":["Infinite Blades","Dodge and Roll","Underhanded Strike"],"picked":"SKIP","floor":25}],"player_experience":1357326,"relics_obtained":[{"floor":6,"key":"Pear"},{"floor":8,"key":"Letter Opener"},{"floor":9,"key":"Paper Crane"},{"floor":25,"key":"Frozen Egg 2"},{"floor":26,"key":"Art of War"}],"event_choices":[{"damage_healed":0,"gold_gain":0,"player_choice":"Got Potions","damage_taken":0,"max_hp_gain":0,"max_hp_loss":0,"event_name":"Lab","floor":5,"gold_loss":0},{"damage_healed":0,"gold_gain":0,"player_choice":"Trade","damage_taken":0,"relics_obtained":["SsserpentHead"],"max_hp_gain":0,"max_hp_loss":0,"event_name":"FaceTrader","floor":19,"gold_loss":0},{"damage_healed":0,"gold_gain":0,"player_choice":"Shed Blood","damage_taken":27,"max_hp_gain":5,"max_hp_loss":0,"event_name":"Forgotten Altar","floor":22,"gold_loss":0}],"is_beta":false,"boss_relics":[{"not_picked":["Ring of the Serpent","Ectoplasm"],"picked":"Cursed Key"}],"items_purged_floors":[],"is_endless":false,"potions_floor_spawned":[6,7,10,13,16,21,25],"killed_by":"Shelled Parasite and Fungi","ascension_level":20}