{"gold_per_floor":[113,113,126,138,155,155,155,155,155,169,169,201,201,211,211,290,290,302,15,29,40,54,89,89,89,112,439,489,508,9,44,44,119,119,129,129,146,17,28,28,40,40,116,148,148,148,148,158,158,158,158],"floor_reached":51,"playtime":2407,"items_purged":["Strike_R"],"score":1424,"play_id":"4d23b513-60cf-4e25-b1f1-06b7345fe743","local_time":"20190601123803","is_ascension_mode":true,"campfire_choices":[{"data":"Clothesline","floor":6.0,"key":"SMITH"},{"floor":8.0,"key":"REST"},{"data":"Pommel Strike","floor":11.0,"key":"SMITH"},{"data":"Battle Trance","floor":15.0,"key":"SMITH"},{"data":"Immolate","floor":24.0,"key":"SMITH"},{"data":"Flame Barrier","floor":25.0,"key":"SMITH"},{"data":"Bludgeon","floor":32.0,"key":"SMITH"},{"floor":40.0,"key":"RECALL"},{"data":"Demon Form","floor":42.0,"key":"SMITH"},{"data":"Disarm","floor":46.0,"key":"SMITH"},{"data":"Heavy Blade","floor":49.0,"key":"SMITH"}],"neow_cost":"NONE","seed_source_timestamp":410001878324200,"circlet_count":0,"master_deck":["AscendersBane","Strike_R+1","Defend_R","Defend_R","Defend_R","Bash+1","Thunderclap+1","Clothesline+1","Battle Trance+1","Immolate+1","Shrug It Off","Flame Barrier+1","Clothesline","Offering","Corruption","Inflame","Bludgeon+1","Demon Form+1","Flame Barrier+1","Hemokinesis+1","Metallicize+1","Shrug It Off","Whirlwind","Disarm+1","Shrug It Off","Panacea","Magnetism+1","Purity","Heavy Blade+1"],"special_seed":0,"relics":["Burning Blood","Magic Flower","WingedGreaves","Potion Belt","Snecko Eye","Cauldron","Dodecahedron","Old Coin","Nunchaku","Pantograph","Astrolabe","Shuriken","Frozen Egg 2"],"potions_floor_usage":[51,51,51],"damage_taken":[{"damage":4.0,"enemies":"Jaw Worm","floor":1.0,"turns":4.0},{"damage":0.0,"enemies":"Small Slimes","floor":3.0,"turns":3.0},{"damage":6.0,"enemies":"Cultist","floor":4.0,"turns":3.0},{"damage":15.0,"enemies":"Large Slime","floor":5.0,"turns":5.0},{"damage":6.0,"enemies":"2 Fungi Beasts","floor":10.0,"turns":2.0},{"damage":6.0,"enemies":"Gremlin Nob","floor":12.0,"turns":3.0},{"damage":9.0,"enemies":"Blue Slaver","floor":14.0,"turns":3.0},{"damage":65.0,"enemies":"The Guardian","floor":16.0,"turns":16.0},{"damage":32.0,"enemies":"3 Byrds","floor":18.0,"turns":5.0},{"damage":4.0,"enemies":"Chosen","floor":20.0,"turns":3.0},{"damage":4.0,"enemies":"3 Cultists","floor":21.0,"turns":3.0},{"damage":24.0,"enemies":"Shelled Parasite and Fungi","floor":22.0,"turns":4.0},{"damage":22.0,"enemies":"Book of Stabbing","floor":23.0,"turns":3.0},{"damage":13.0,"enemies":"Slavers","floor":27.0,"turns":5.0},{"damage":10.0,"enemies":"Snake Plant","floor":29.0,"turns":3.0},{"damage":11.0,"enemies":"Book of Stabbing","floor":31.0,"turns":4.0},{"damage":8.0,"enemies":"Automaton","floor":33.0,"turns":4.0},{"damage":6.0,"enemies":"3 Shapes","floor":35.0,"turns":1.0},{"damage":4.0,"enemies":"Orb Walker","floor":37.0,"turns":3.0},{"damage":3.0,"enemies":"4 Shapes","floor":39.0,"turns":7.0},{"damage":8.0,"enemies":"Transient","floor":41.0,"turns":6.0},{"damage":13.0,"enemies":"Nemesis","floor":44.0,"turns":5.0},{"damage":17.0,"enemies":"3 Darklings","floor":48.0,"turns":4.0},{"damage":60.0,"enemies":"Time Eater","floor":50.0,"turns":9.0},{"damage":67,"enemies":"Donu and Deca","floor":51,"turns":5}],"seed_played":"2108444319381591538","potions_obtained":[{"floor":4.0,"key":"Energy Potion"},{"floor":10.0,"key":"SteroidPotion"},{"floor":16.0,"key":"Regen Potion"},{"floor":19.0,"key":"EntropicBrew"},{"floor":19.0,"key":"BloodPotion"},{"floor":19.0,"key":"GamblersBrew"},{"floor":19.0,"key":"Ancient Potion"},{"floor":20.0,"key":"Poison Potion"},{"floor":23.0,"key":"SteroidPotion"},{"floor":31.0,"key":"Strength Potion"},{"floor":33.0,"key":"SneckoOil"},{"floor":35.0,"key":"Fire Potion"},{"floor":39.0,"key":"Swift Potion"},{"floor":48.0,"key":"Dexterity Potion"}],"is_trial":false,"path_per_floor":["M","?","M","M","M","R","?","R","T","M","R","E","?","M","R","B",null,"M","$","M","M","M","E","R","R","T","E","?","M","$","E","R","B",null,"M","?","M","$","M","R","M","R","T","E","?","R","?","M","R","B","B"],"character_chosen":"IRONCLAD","items_purchased":["Cauldron","Shrug It Off","Inflame","Nunchaku","Disarm","PowerPotion"],"campfire_rested":1,"item_purchase_floors":[19,19,30,30,38,38],"current_hp_per_floor":[70,70,75,75,66,66,43,65,65,68,68,71,66,66,66,10,59,50,50,66,71,56,43,43,43,43,61,54,53,53,51,51,75,75,75,75,75,75,75,75,75,75,75,71,71,71,61,53,53,24,0],"gold":158,"neow_bonus":"UPGRADE_CARD","is_prod":false,"is_daily":false,"chose_seed":false,"campfire_upgraded":9,"win_rate":0,"timestamp":1559407083,"path_taken":["M","?","M","M","M","R","?","R","T","M","R","E","?","M","R","BOSS","M","$","M","M","M","E","R","R","T","E","?","M","$","E","R","BOSS","M","?","M","$","M","R","M","R","T","E","?","R","?","M","R","BOSS","BOSS"],"build_version":"2019-01-23","purchased_purges":1,"victory":false,"max_hp_per_floor":[75,75,75,75,75,75,75,75,75,75,75,75,75,75,75,75,75,75,75,75,75,75,75,75,75,75,75,75,75,75,75,75,75,75,75,75,75,75,75,75,75,75,75,75,75,75,75,75,75,75,75],"card_choices":[{"not_picked":["Warcry","Burning Pact"],"picked":"Thunderclap","floor":1.0},{"not_picked":["Havoc","Intimidate","Fire Breathing"],"picked":"SKIP","floor":3.0},{"not_picked":["Clash","Thunderclap","Perfected Strike"],"picked":"SKIP","floor":4.0},{"not_picked":["Clash","Sever Soul"],"picked":"Clothesline","floor":5.0},{"not_picked":["Warcry","Carnage"],"picked":"Pommel Strike","floor":10.0},{"not_picked":["Burning Pact","Flex"],"picked":"Battle Trance","floor":12.0},{"not_picked":["Seeing Red","Havoc","Anger"],"picked":"SKIP","floor":14.0},{"not_picked":["Brutality","Juggernaut"],"picked":"Immolate","floor":16.0},{"not_picked":["Flex","Sword Boomerang","Body Slam"],"picked":"SKIP","floor":18.0},{"not_picked":["Clash","Heavy Blade","Sword Boomerang"],"picked":"SKIP","floor":20.0},{"not_picked":["Perfected Strike","Body Slam"],"picked":"Flame Barrier","floor":21.0},{"not_picked":["Clash","Twin Strike","Fire Breathing"],"picked":"SKIP","floor":22.0},{"not_picked":["True Grit","Warcry"],"picked":"Clothesline","floor":23.0},{"not_picked":["Thunderclap","Headbutt"],"picked":"Offering","floor":27.0},{"not_picked":["Shrug It Off","Headbutt"],"picked":"Corruption","floor":29.0},{"not_picked":["Perfected Strike+1","Spot Weakness"],"picked":"Bludgeon","floor":31.0},{"not_picked":["Fiend Fire","Dark Embrace"],"picked":"Demon Form","floor":33.0},{"not_picked":["Sword Boomerang","Pommel Strike"],"picked":"Shrug It Off","floor":35.0},{"not_picked":["Perfected Strike+1","Sword Boomerang"],"picked":"Whirlwind","floor":37.0},{"not_picked":["Iron Wave","Thunderclap+1","Intimidate"],"picked":"SKIP","floor":39.0},{"not_picked":["Thunderclap+1","Inflame","Intimidate"],"picked":"SKIP","floor":41.0},{"not_picked":["Combust","Headbutt"],"picked":"Shrug It Off","floor":44.0},{"not_picked":["Flash of Steel","Magnetism+1"],"picked":"Panacea","floor":47.0},{"not_picked":["Flash of Steel","Jack Of All Trades"],"picked":"Magnetism+1","floor":47.0},{"not_picked":["Metamorphosis","Forethought"],"picked":"Purity","floor":47.0},{"not_picked":["Warcry+1","Shrug It Off"],"picked":"Heavy Blade","floor":48.0}],"player_experience":1126495,"relics_obtained":[{"floor":9.0,"key":"Magic Flower"},{"floor":12.0,"key":"WingedGreaves"},{"floor":23.0,"key":"Dodecahedron"},{"floor":27.0,"key":"Old Coin"},{"floor":31.0,"key":"Pantograph"},{"floor":43.0,"key":"Shuriken"},{"floor":44.0,"key":"Frozen Egg 2"}],"event_choices":[{"cards_removed":["Strike_R"],"damage_healed":0.0,"max_hp_gain":0.0,"max_hp_loss":0.0,"gold_gain":0.0,"event_name":"Living Wall","player_choice":"Forget","floor":2.0,"gold_loss":0.0,"damage_taken":0.0},{"damage_healed":0.0,"max_hp_gain":0.0,"max_hp_loss":0.0,"gold_gain":0.0,"event_name":"Shining Light","player_choice":"Entered Light","floor":7.0,"gold_loss":0.0,"damage_taken":23.0,"cards_upgraded":["Strike_R","Thunderclap"]},{"damage_healed":0.0,"max_hp_gain":0.0,"max_hp_loss":0.0,"gold_gain":0.0,"event_name":"Scrap Ooze","player_choice":"Success","floor":13.0,"gold_loss":0.0,"damage_taken":5.0,"relics_obtained":["Potion Belt"]},{"damage_healed":0.0,"max_hp_gain":0.0,"max_hp_loss":0.0,"gold_gain":50.0,"event_name":"FaceTrader","player_choice":"Touch","floor":28.0,"gold_loss":0.0,"damage_taken":7.0},{"cards_removed":["Pommel Strike"],"damage_healed":0.0,"max_hp_gain":0.0,"max_hp_loss":0.0,"gold_gain":0.0,"event_name":"Falling","player_choice":"Removed Attack","floor":36.0,"gold_loss":0.0,"damage_taken":0.0},{"damage_healed":0.0,"max_hp_gain":0.0,"max_hp_loss":0.0,"gold_gain":0.0,"event_name":"Tomb of Lord Red Mask","player_choice":"Ignored","floor":45.0,"gold_loss":0.0,"damage_taken":0.0},{"damage_healed":0.0,"max_hp_gain":0.0,"max_hp_loss":0.0,"gold_gain":0.0,"event_name":"SensoryStone","player_choice":"Memory 3","floor":47.0,"gold_loss":0.0,"damage_taken":10.0}],"is_beta":false,"boss_relics":[{"not_picked":["Mark of Pain","Sozu"],"picked":"Snecko Eye"},{"not_picked":["Pandora\u0027s Box","Lizard Tail"],"picked":"Astrolabe"}],"items_purged_floors":[30],"is_endless":false,"potions_floor_spawned":[4,10,16,20,21,23,31,33,35,39,41,48],"killed_by":"Donu and Deca","ascension_level":20}