{"gold_per_floor":[113,113,134,154,168,168,199,222,300,300,250,284,303,323,323,447,447,447,447,362,15,15,15,15,15,15,15,15,15,15,15,15,15,15,15,15,15,15,15,15,15,15,15,15,15,15,15,15,15,15],"floor_reached":51,"playtime":2652,"items_purged":[],"score":911,"play_id":"58e77b24-3d5f-41c9-b783-83ce662cd5cb","local_time":"20190812225309","is_ascension_mode":false,"campfire_choices":[{"data":"Die Die Die","floor":6,"key":"SMITH"},{"data":"Neutralize","floor":10,"key":"SMITH"},{"data":"Poisoned Stab","floor":15,"key":"SMITH"},{"data":"After Image","floor":25,"key":"SMITH"},{"data":"Crippling Poison","floor":27,"key":"SMITH"},{"floor":32,"key":"REST"},{"data":"Footwork","floor":40,"key":"SMITH"},{"data":"Well Laid Plans","floor":42,"key":"SMITH"},{"data":"Night Terror","floor":44,"key":"SMITH"},{"floor":49,"key":"REST"}],"neow_cost":"TEN_PERCENT_HP_LOSS","seed_source_timestamp":1875191135880600,"circlet_count":0,"master_deck":["Strike_G","Strike_G","Strike_G","Strike_G","Defend_G","Defend_G","Defend_G","Defend_G","Defend_G","Survivor","Neutralize+1","Infinite Blades","Masterful Stab","Poisoned Stab+1","Die Die Die+1","PiercingWail","Infinite Blades","Infinite Blades","Cloak And Dagger","After Image+1","Dash+1","Crippling Poison+1","Infinite Blades","Backflip","Well Laid Plans+1","Terror+1","Blade Dance+1","PiercingWail","Acrobatics+1","Footwork+1","Deadly Poison+1","Night Terror+1","Blur+1","Backflip","Dodge and Roll+1","Tools of the Trade","PiercingWail","Leg Sweep+1","Noxious Fumes+1","Footwork+1","Escape Plan+1"],"relics":["Ring of the Snake","FossilizedHelix","PreservedInsect","The Courier","Torii","Ectoplasm","Snake Skull","Paper Crane","Shuriken","Calipers","Orrery","NlothsMask","Happy Flower","Thread and Needle"],"potions_floor_usage":[14,16,18,46,50,50,50],"damage_taken":[{"damage":0,"enemies":"2 Louse","floor":1,"turns":4},{"damage":0,"enemies":"Small Slimes","floor":3,"turns":4},{"damage":0,"enemies":"Jaw Worm","floor":4,"turns":3},{"damage":0,"enemies":"Looter","floor":5,"turns":4},{"damage":15,"enemies":"Gremlin Nob","floor":7,"turns":4},{"damage":0,"enemies":"Red Slaver","floor":8,"turns":3},{"damage":0,"enemies":"3 Sentries","floor":12,"turns":2},{"damage":0,"enemies":"2 Fungi Beasts","floor":13,"turns":2},{"damage":0,"enemies":"Large Slime","floor":14,"turns":4},{"damage":15,"enemies":"The Guardian","floor":16,"turns":13},{"damage":0,"enemies":"3 Byrds","floor":18,"turns":5},{"damage":10,"enemies":"Spheric Guardian","floor":19,"turns":4},{"damage":0,"enemies":"Centurion and Healer","floor":22,"turns":6},{"damage":23,"enemies":"Slavers","floor":23,"turns":5},{"damage":0,"enemies":"Snecko","floor":24,"turns":4},{"damage":0,"enemies":"3 Cultists","floor":28,"turns":5},{"damage":0,"enemies":"Snake Plant","floor":30,"turns":4},{"damage":0,"enemies":"Centurion and Healer","floor":31,"turns":4},{"damage":0,"enemies":"Automaton","floor":33,"turns":7},{"damage":0,"enemies":"3 Darklings","floor":35,"turns":6},{"damage":0,"enemies":"3 Shapes","floor":36,"turns":4},{"damage":0,"enemies":"Giant Head","floor":45,"turns":8},{"damage":15,"enemies":"Writhing Mass","floor":46,"turns":8},{"damage":0,"enemies":"Jaw Worm Horde","floor":47,"turns":3},{"damage":7,"enemies":"2 Orb Walkers","floor":48,"turns":3},{"damage":0,"enemies":"Donu and Deca","floor":50,"turns":8}],"seed_played":"2643516179546304597","potions_obtained":[{"floor":5,"key":"Block Potion"},{"floor":8,"key":"Poison Potion"},{"floor":13,"key":"Swift Potion"},{"floor":28,"key":"Strength Potion"},{"floor":30,"key":"PowerPotion"},{"floor":33,"key":"Regen Potion"},{"floor":46,"key":"Fire Potion"},{"floor":47,"key":"EssenceOfSteel"}],"is_trial":false,"path_per_floor":["M","?","M","M","M","R","E","M","T","R","?","E","M","M","R","B",null,"M","M","?","$","M","E","M","R","T","R","M","?","M","M","R","B",null,"M","M","?","?","$","R","$","R","T","R","E","M","M","?","R","B",null],"character_chosen":"THE_SILENT","items_purchased":["Paper Crane","Infinite Blades","Backflip","Well Laid Plans"],"campfire_rested":2,"item_purchase_floors":[21,21,21,21],"current_hp_per_floor":[63,48,48,48,48,48,33,33,33,33,33,33,33,33,33,18,63,63,53,53,53,53,30,30,30,30,30,30,30,30,30,48,48,63,63,63,63,63,63,63,63,63,63,63,63,63,63,56,63,63],"gold":15,"neow_bonus":"ONE_RARE_RELIC","is_prod":false,"is_daily":false,"chose_seed":false,"campfire_upgraded":8,"win_rate":1,"timestamp":1565617989,"path_taken":["M","?","M","M","M","R","E","M","T","R","?","E","M","M","R","BOSS","M","M","?","$","M","E","M","R","T","R","M","?","M","M","R","BOSS","M","M","?","?","$","R","$","R","T","R","E","?","M","?","R","BOSS"],"build_version":"2019-07-17","purchased_purges":0,"victory":true,"max_hp_per_floor":[63,63,63,63,63,63,63,63,63,63,63,63,63,63,63,63,63,63,63,63,63,63,63,63,63,63,63,63,63,63,63,63,63,63,63,63,63,63,63,63,63,63,63,63,63,63,63,63,63,63],"card_choices":[{"not_picked":["Dodge and Roll","Blade Dance"],"picked":"Infinite Blades","floor":1},{"not_picked":["Dodge and Roll","Heel Hook"],"picked":"Masterful Stab","floor":3},{"not_picked":["Underhanded Strike","Tactician"],"picked":"Poisoned Stab","floor":4},{"not_picked":["Reflex","Poisoned Stab"],"picked":"Die Die Die","floor":5},{"not_picked":["Dagger Throw","Heel Hook"],"picked":"PiercingWail","floor":7},{"not_picked":["Backstab","Deadly Poison"],"picked":"Infinite Blades","floor":8},{"not_picked":["Underhanded Strike","Dagger Throw","Concentrate"],"picked":"SKIP","floor":12},{"not_picked":["Dagger Throw","Distraction"],"picked":"Infinite Blades","floor":13},{"not_picked":["Deflect","Outmaneuver"],"picked":"Cloak And Dagger","floor":14},{"not_picked":["A Thousand Cuts","Doppelganger"],"picked":"After Image","floor":16},{"not_picked":["Backflip","Acrobatics"],"picked":"Dash+1","floor":18},{"not_picked":["Flying Knee","Cloak And Dagger"],"picked":"Crippling Poison","floor":19},{"not_picked":["Dodge and Roll","Setup+1"],"picked":"Terror+1","floor":22},{"not_picked":["Eviscerate","Infinite Blades"],"picked":"Blade Dance+1","floor":23},{"not_picked":["Dagger Throw","Bullet Time"],"picked":"PiercingWail","floor":24},{"not_picked":["Terror","Dodge and Roll"],"picked":"Acrobatics+1","floor":28},{"not_picked":["Prepared","Flying Knee","Outmaneuver"],"picked":"SKIP","floor":30},{"not_picked":["Expertise+1","Quick Slash"],"picked":"Deadly Poison+1","floor":31},{"not_picked":["Wraith Form v2","Phantasmal Killer"],"picked":"Night Terror","floor":33},{"not_picked":["Prepared","Slice+1"],"picked":"Blur+1","floor":34},{"not_picked":["Endless Agony+1","Slice+1"],"picked":"Backflip","floor":34},{"not_picked":["Underhanded Strike","Reflex"],"picked":"Dodge and Roll+1","floor":34},{"not_picked":["Quick Slash","Deadly Poison"],"picked":"Tools of the Trade","floor":34},{"not_picked":["Deflect+1","Accuracy"],"picked":"PiercingWail","floor":35},{"not_picked":["Deadly Poison","Blade Dance"],"picked":"Leg Sweep+1","floor":36},{"not_picked":["Malaise","Bullet Time"],"picked":"Noxious Fumes+1","floor":45},{"not_picked":["Dagger Spray+1","Outmaneuver","Bane"],"picked":"SKIP","floor":46},{"not_picked":["Backflip","Concentrate+1"],"picked":"Footwork+1","floor":47},{"not_picked":["Flying Knee","Backstab+1"],"picked":"Escape Plan+1","floor":48}],"player_experience":156407,"relics_obtained":[{"floor":7,"key":"PreservedInsect"},{"floor":9,"key":"The Courier"},{"floor":12,"key":"Torii"},{"floor":23,"key":"Shuriken"},{"floor":26,"key":"Calipers"},{"floor":45,"key":"Happy Flower"},{"floor":48,"key":"Thread and Needle"}],"event_choices":[{"damage_healed":0,"gold_gain":0,"player_choice":"Take Damage","damage_taken":15,"relics_obtained":["Golden Idol"],"max_hp_gain":0,"max_hp_loss":0,"event_name":"Golden Idol","floor":2,"gold_loss":0},{"cards_removed":["Strike_G"],"damage_healed":0,"gold_gain":0,"player_choice":"Card Removal","damage_taken":0,"max_hp_gain":0,"max_hp_loss":0,"event_name":"The Cleric","floor":11,"gold_loss":50},{"damage_healed":0,"gold_gain":0,"player_choice":"Obtained Relic","damage_taken":0,"relics_obtained":["Snake Skull"],"max_hp_gain":0,"max_hp_loss":0,"event_name":"Addict","floor":20,"gold_loss":85},{"damage_healed":0,"gold_gain":0,"player_choice":"Read","damage_taken":0,"max_hp_gain":0,"max_hp_loss":0,"event_name":"The Library","floor":29,"gold_loss":0,"cards_obtained":["Footwork"]},{"damage_healed":0,"gold_gain":333,"player_choice":"Gave Idol","damage_taken":0,"max_hp_gain":0,"max_hp_loss":0,"event_name":"The Moai Head","floor":37,"relics_lost":["Golden Idol"],"gold_loss":0},{"damage_healed":0,"gold_gain":0,"player_choice":"Trade","damage_taken":0,"relics_obtained":["NlothsMask"],"max_hp_gain":0,"max_hp_loss":0,"event_name":"FaceTrader","floor":38,"gold_loss":0},{"damage_healed":0,"gold_gain":0,"player_choice":"Fight","damage_taken":0,"max_hp_gain":0,"max_hp_loss":0,"event_name":"Mysterious Sphere","floor":48,"gold_loss":0}],"is_beta":false,"boss_relics":[{"not_picked":["White Beast Statue","Runic Pyramid"],"picked":"Ectoplasm"},{"not_picked":["Snecko Eye","Runic Dome"],"picked":"Orrery"}],"items_purged_floors":[],"is_endless":false,"potions_floor_spawned":[5,8,13,28,30,33,35,46,47],"ascension_level":0}