{"gold_per_floor":[115,115,130,205,205,217,261,273,285,317,361,430,456,480,492,602,614,642,753,765,789,801,847,878,890,929,958,990,1002,1014,936,948,1057,1119,1146,1177,1204,1233,493,493,504,504,528,528,92,92,119,134,134,134],"floor_reached":51,"playtime":2872,"items_purged":["Strike_G","Strike_G"],"score":807,"play_id":"152bdb8c-6a40-4ed9-8f9e-4596bdcc42e9","local_time":"20190704003930","is_ascension_mode":false,"campfire_choices":[{"data":"A Thousand Cuts","floor":6.0,"key":"SMITH"},{"data":"Neutralize","floor":8.0,"key":"SMITH"},{"data":"Dagger Spray","floor":15.0,"key":"SMITH"},{"data":"Corpse Explosion","floor":25.0,"key":"SMITH"},{"data":"Backflip","floor":29.0,"key":"SMITH"},{"floor":32.0,"key":"REST"},{"data":"Noxious Fumes","floor":40,"key":"SMITH"},{"data":"After Image","floor":42,"key":"SMITH"},{"data":"Backflip","floor":44,"key":"SMITH"},{"data":"Backflip","floor":46,"key":"SMITH"},{"floor":49,"key":"REST"}],"neow_cost":"NONE","seed_source_timestamp":1051963459124906,"circlet_count":0,"master_deck":["Strike_G+1","Strike_G","Defend_G","Defend_G+1","Defend_G+1","Defend_G","Defend_G","Survivor+1","Neutralize+1","A Thousand Cuts+1","Dagger Spray+1","Flying Knee","Backflip+1","Backstab","Dagger Spray","Backflip+1","Backflip+1","Corpse Explosion+1","Predator","Calculated Gamble+1","Outmaneuver+1","Backflip+1","After Image+1","Deadly Poison+1","Leg Sweep+1","Blade Dance+1","Night Terror+1","Noxious Fumes+1","Backflip+1","Underhanded Strike","Backflip+1","Master of Strategy+1","Bouncing Flask+1","Caltrops"],"special_seed":0,"relics":["Ring of the Snake","MawBank","War Paint","Bottled Flame","Bag of Preparation","Ninja Scroll","Snecko Eye","Meat on the Bone","Toxic Egg 2","Vajra","Enchiridion","Tiny House","The Specimen","Regal Pillow","Ancient Tea Set"],"potions_floor_usage":[33,33,35,50,50,50,50,50,50],"damage_taken":[{"damage":0.0,"enemies":"Jaw Worm","floor":1.0,"turns":5.0},{"damage":0.0,"enemies":"2 Louse","floor":3.0,"turns":2.0},{"damage":12.0,"enemies":"Lagavulin","floor":7.0,"turns":10.0},{"damage":0.0,"enemies":"Small Slimes","floor":10.0,"turns":3.0},{"damage":20.0,"enemies":"Gremlin Nob","floor":11.0,"turns":5.0},{"damage":5.0,"enemies":"Lagavulin Event","floor":12.0,"turns":6.0},{"damage":0.0,"enemies":"Looter","floor":13.0,"turns":2.0},{"damage":0.0,"enemies":"Exordium Thugs","floor":14.0,"turns":4.0},{"damage":28.0,"enemies":"Slime Boss","floor":16.0,"turns":8.0},{"damage":0.0,"enemies":"3 Byrds","floor":18.0,"turns":2.0},{"damage":9.0,"enemies":"2 Thieves","floor":21.0,"turns":2.0},{"damage":11.0,"enemies":"Book of Stabbing","floor":23.0,"turns":6.0},{"damage":21.0,"enemies":"Snake Plant","floor":24.0,"turns":5.0},{"damage":14.0,"enemies":"Shelled Parasite and Fungi","floor":27.0,"turns":6.0},{"damage":15.0,"enemies":"Snecko","floor":28.0,"turns":4.0},{"damage":20,"enemies":"Champ","floor":33,"turns":11},{"damage":18,"enemies":"3 Shapes","floor":35,"turns":5},{"damage":5,"enemies":"Orb Walker","floor":36,"turns":3},{"damage":8,"enemies":"Spire Growth","floor":37,"turns":5},{"damage":0,"enemies":"Maw","floor":38,"turns":7},{"damage":4,"enemies":"Writhing Mass","floor":41,"turns":7},{"damage":12,"enemies":"Nemesis","floor":47,"turns":7},{"damage":25,"enemies":"Sphere and 2 Shapes","floor":48,"turns":8},{"damage":0,"enemies":"Donu and Deca","floor":50,"turns":5}],"seed_played":"-5322424499193363711","potions_obtained":[{"floor":3.0,"key":"PowerPotion"},{"floor":11.0,"key":"Regen Potion"},{"floor":12.0,"key":"SteroidPotion"},{"floor":13.0,"key":"GhostInAJar"},{"floor":16.0,"key":"GamblersBrew"},{"floor":22.0,"key":"Ancient Potion"},{"floor":23.0,"key":"GamblersBrew"},{"floor":28.0,"key":"Ancient Potion"},{"floor":34,"key":"Regen Potion"},{"floor":37,"key":"AttackPotion"},{"floor":41,"key":"EssenceOfSteel"},{"floor":48,"key":"EntropicBrew"}],"is_trial":false,"path_per_floor":["M","?","M","?","?","R","E","R","T","M","E","?","M","M","R","B",null,"M","?","T","M","?","E","M","R","T","M","M","R","?","?","R","B",null,"M","M","M","M","$","R","M","R","T","R","$","R","E","M","R","B",null],"character_chosen":"THE_SILENT","items_purchased":["Night Terror+1","The Specimen","Noxious Fumes","Backflip+1","EssenceOfSteel","Backflip+1","Master of Strategy+1","Bouncing Flask+1","Strength Potion"],"campfire_rested":2,"item_purchase_floors":[39,39,39,39,39,45,45,45,45],"current_hp_per_floor":[70,70,70,59,52,52,40,40,40,40,20,30,30,30,30,2,70,70,70,70,61,61,50,41,41,41,39,36,36,20,20,41,33,75,71,66,58,58,58,58,54,54,54,54,54,54,42,29,66,66],"gold":134,"neow_bonus":"ONE_RANDOM_RARE_CARD","is_prod":false,"is_daily":false,"chose_seed":false,"campfire_upgraded":9,"win_rate":1,"timestamp":1562168370,"path_taken":["M","?","M","?","?","R","E","R","T","M","E","?","M","M","R","BOSS","M","?","?","M","?","E","?","R","T","M","?","R","?","?","R","BOSS","M","?","M","M","$","R","M","R","T","R","?","R","E","M","R","BOSS"],"build_version":"2019-07-01","purchased_purges":2,"victory":true,"max_hp_per_floor":[70,70,70,70,70,70,70,70,70,70,70,70,70,70,70,70,70,70,70,70,70,70,70,70,70,70,70,70,70,70,70,70,70,75,75,75,75,75,75,75,75,75,75,75,75,75,75,75,75,75],"card_choices":[{"not_picked":["Eviscerate","PiercingWail"],"picked":"Dagger Spray","floor":1.0},{"not_picked":["Dagger Throw","Dodge and Roll"],"picked":"Flying Knee","floor":3.0},{"not_picked":["Acrobatics","Doppelganger"],"picked":"Backflip","floor":7.0},{"not_picked":["Slice","Prepared"],"picked":"Backstab","floor":10.0},{"not_picked":["Flechettes","Masterful Stab"],"picked":"Dagger Spray","floor":11.0},{"not_picked":["Blur","Poisoned Stab"],"picked":"Backflip","floor":12.0},{"not_picked":["Dagger Spray","Eviscerate"],"picked":"Backflip","floor":13.0},{"not_picked":["Expertise","Skewer","Quick Slash"],"picked":"SKIP","floor":14.0},{"not_picked":["Adrenaline","Tools of the Trade"],"picked":"Corpse Explosion","floor":16.0},{"not_picked":["Infinite Blades","Slice+1"],"picked":"Predator","floor":18.0},{"not_picked":["Expertise+1","Masterful Stab","Skewer"],"picked":"SKIP","floor":21.0},{"not_picked":["Die Die Die","Flechettes+1"],"picked":"Calculated Gamble","floor":23.0},{"not_picked":["Heel Hook","Deflect+1"],"picked":"Outmaneuver+1","floor":24.0},{"not_picked":["Heel Hook","Calculated Gamble+1","Prepared+1"],"picked":"SKIP","floor":27.0},{"not_picked":["Predator","Dodge and Roll+1"],"picked":"Backflip+1","floor":28.0},{"not_picked":["Phantasmal Killer+1","Malaise+1"],"picked":"After Image","floor":33},{"not_picked":["Flying Knee","Poisoned Stab"],"picked":"Deadly Poison+1","floor":34},{"not_picked":["Skewer+1","Poisoned Stab","Unload"],"picked":"SKIP","floor":35},{"not_picked":["Deflect+1","Dagger Throw"],"picked":"Leg Sweep+1","floor":36},{"not_picked":["Backstab","Flying Knee+1"],"picked":"Blade Dance+1","floor":37},{"not_picked":["Dagger Throw+1","Blade Dance+1","Skewer"],"picked":"SKIP","floor":38},{"not_picked":["Quick Slash+1","Dagger Spray"],"picked":"Underhanded Strike","floor":41},{"not_picked":["Tactician+1","Dagger Spray+1"],"picked":"Caltrops","floor":47},{"not_picked":["Phantasmal Killer+1","Poisoned Stab+1","Sucker Punch"],"picked":"SKIP","floor":48}],"player_experience":26209,"relics_obtained":[{"floor":7.0,"key":"War Paint"},{"floor":9.0,"key":"Bottled Flame"},{"floor":11.0,"key":"Bag of Preparation"},{"floor":12.0,"key":"Ninja Scroll"},{"floor":20.0,"key":"Meat on the Bone"},{"floor":23.0,"key":"Toxic Egg 2"},{"floor":26.0,"key":"Vajra"},{"floor":30.0,"key":"Enchiridion"},{"floor":43,"key":"Regal Pillow"},{"floor":47,"key":"Ancient Tea Set"}],"event_choices":[{"damage_healed":0.0,"max_hp_gain":0.0,"max_hp_loss":0.0,"gold_gain":0.0,"event_name":"Liars Game","player_choice":"Ignored","floor":2.0,"gold_loss":0.0,"damage_taken":0.0},{"damage_healed":0.0,"max_hp_gain":0.0,"max_hp_loss":0.0,"gold_gain":75.0,"event_name":"World of Goop","player_choice":"Gather Gold","floor":4.0,"gold_loss":0.0,"damage_taken":11.0},{"damage_healed":0.0,"max_hp_gain":0.0,"max_hp_loss":0.0,"gold_gain":0.0,"event_name":"Scrap Ooze","player_choice":"Success","floor":5.0,"gold_loss":0.0,"damage_taken":7.0,"relics_obtained":["MawBank"]},{"damage_healed":0.0,"max_hp_gain":0.0,"max_hp_loss":0.0,"gold_gain":0.0,"event_name":"Dead Adventurer","player_choice":"Searched \u00271\u0027 times","floor":12.0,"gold_loss":0.0,"damage_taken":0.0},{"damage_healed":0.0,"max_hp_gain":0.0,"max_hp_loss":0.0,"gold_gain":99.0,"event_name":"Nest","player_choice":"Stole From Cult","floor":19.0,"gold_loss":0.0,"damage_taken":0.0},{"damage_healed":0.0,"max_hp_gain":0.0,"max_hp_loss":0.0,"gold_gain":0.0,"event_name":"Lab","player_choice":"Got Potions","floor":22.0,"gold_loss":0.0,"damage_taken":0.0},{"damage_healed":0.0,"max_hp_gain":0.0,"max_hp_loss":0.0,"gold_gain":0.0,"event_name":"Cursed Tome","player_choice":"Obtained Book","floor":30.0,"gold_loss":0.0,"damage_taken":16.0},{"cards_removed":["Strike_G"],"damage_healed":0.0,"max_hp_gain":0.0,"max_hp_loss":0.0,"gold_gain":0.0,"event_name":"Designer","player_choice":"Upgrade and Remove","floor":31.0,"gold_loss":90.0,"damage_taken":0.0,"cards_upgraded":["Strike_G"]}],"is_beta":false,"boss_relics":[{"not_picked":["Runic Pyramid","Ring of the Serpent"],"picked":"Snecko Eye"},{"not_picked":["Coffee Dripper","White Beast Statue"],"picked":"Tiny House"}],"items_purged_floors":[39,45],"is_endless":false,"potions_floor_spawned":[3,11,12,13,16,23,28,37,41,48],"ascension_level":0}