{"gold_per_floor":[112,122,72,2,19,19,50,50,50,50,120,103,103,103,103,198,198,187,187,9,9,9,9,35,35,59,70,102,112,112,112,112,212,212,224,242,122,134,149,181,195,195,195,46,46,64,77,93,93,93],"floor_reached":51,"playtime":2051,"items_purged":["Strike_G","Strike_R"],"score":815,"play_id":"c90566f8-dab7-4659-9883-4dd7cca042c8","local_time":"20190827010632","is_ascension_mode":false,"campfire_choices":[{"data":"Crippling Poison","floor":6.0,"key":"SMITH"},{"data":"Wraith Form v2","floor":8.0,"key":"SMITH"},{"data":"Bouncing Flask","floor":10.0,"key":"SMITH"},{"data":"Catalyst","floor":13.0,"key":"SMITH"},{"data":"Flechettes","floor":15.0,"key":"SMITH"},{"data":"Wraith Form v2","floor":23,"key":"SMITH"},{"data":"Catalyst","floor":25,"key":"SMITH"},{"data":"Burst","floor":30,"key":"SMITH"},{"data":"Neutralize","floor":32,"key":"SMITH"},{"data":"Deadly Poison","floor":42,"key":"SMITH"},{"data":"Malaise","floor":49,"key":"SMITH"}],"neow_cost":"NONE","seed_source_timestamp":540863643634700,"circlet_count":0,"master_deck":["Defend_G","Defend_G","Defend_G","Defend_G","Defend_G+1","Survivor","Neutralize+1","Wraith Form v2+1","Crippling Poison+1","Poisoned Stab","Bouncing Flask+1","Cloak And Dagger","Catalyst+1","Deflect","Dagger Spray","Flechettes+1","Glass Knife","Catalyst+1","Expertise","Wraith Form v2+1","Burst+1","Backflip","Crippling Poison+1","Deadly Poison+1","Malaise+1"],"special_seed":0,"relics":["Ring of the Snake","Mummified Hand","Art of War","Pear","Busted Crown","Orichalcum","The Specimen","Anchor","Bronze Scales","Orrery","War Paint","Frozen Egg 2","GremlinMask"],"potions_floor_usage":[50,50,50],"damage_taken":[{"damage":0.0,"enemies":"2 Louse","floor":1.0,"turns":4.0},{"damage":10.0,"enemies":"Jaw Worm","floor":2.0,"turns":6.0},{"damage":0.0,"enemies":"Small Slimes","floor":5.0,"turns":3.0},{"damage":13.0,"enemies":"Lagavulin","floor":7.0,"turns":6.0},{"damage":8.0,"enemies":"Exordium Thugs","floor":12.0,"turns":4.0},{"damage":21,"enemies":"Slime Boss","floor":16,"turns":6},{"damage":1,"enemies":"2 Thieves","floor":18,"turns":4},{"damage":0,"enemies":"Gremlin Leader","floor":24,"turns":5},{"damage":0,"enemies":"Spheric Guardian","floor":27,"turns":3},{"damage":0,"enemies":"Book of Stabbing","floor":28,"turns":3},{"damage":0,"enemies":"Snake Plant","floor":29,"turns":3},{"damage":4,"enemies":"Automaton","floor":33,"turns":3},{"damage":0,"enemies":"Orb Walker","floor":35,"turns":4},{"damage":0,"enemies":"3 Shapes","floor":36,"turns":3},{"damage":0,"enemies":"Sphere and 2 Shapes","floor":38,"turns":3},{"damage":0,"enemies":"Transient","floor":39,"turns":5},{"damage":0,"enemies":"Nemesis","floor":40,"turns":5},{"damage":0,"enemies":"Jaw Worm Horde","floor":41,"turns":3},{"damage":0,"enemies":"Writhing Mass","floor":46,"turns":2},{"damage":0,"enemies":"Sphere and 2 Shapes","floor":47,"turns":2},{"damage":0,"enemies":"Transient","floor":48,"turns":5},{"damage":29,"enemies":"Awakened One","floor":50,"turns":12}],"seed_played":"78381821217122890","potions_obtained":[{"floor":1.0,"key":"Ancient Potion"},{"floor":7.0,"key":"EssenceOfSteel"},{"floor":18,"key":"Strength Potion"}],"is_trial":false,"path_per_floor":["M","M","?","$","M","R","E","R","T","R","T","M","R","?","R","B",null,"M","?","$","?","?","R","E","R","T","M","E","M","R","?","R","B",null,"M","M","$","M","M","E","M","R","T","$","?","M","M","M","R","B",null],"character_chosen":"THE_SILENT","items_purchased":["Bouncing Flask","Orichalcum","Noxious Fumes","Deadly Poison","Poison Potion"],"campfire_rested":0,"item_purchase_floors":[4,20,20,37,44],"current_hp_per_floor":[70,60,60,60,60,60,47,47,47,47,57,49,49,49,49,28,80,79,79,79,79,79,79,79,79,79,79,79,79,79,79,79,75,80,80,80,80,80,80,80,80,80,80,80,80,80,80,80,80,51],"gold":93,"neow_bonus":"TRANSFORM_CARD","is_prod":false,"is_daily":false,"chose_seed":false,"campfire_upgraded":11,"win_rate":1,"timestamp":1566835592,"path_taken":["M","M","?","$","M","R","E","R","T","R","?","M","R","?","R","BOSS","M","?","$","?","?","R","E","R","T","M","E","M","R","?","R","BOSS","M","?","$","M","M","E","M","R","T","?","?","?","M","M","R","BOSS"],"build_version":"2019-07-17","purchased_purges":2,"victory":true,"max_hp_per_floor":[70,70,70,70,70,70,70,70,70,70,80,80,80,80,80,80,80,80,80,80,80,80,80,80,80,80,80,80,80,80,80,80,80,80,80,80,80,80,80,80,80,80,80,80,80,80,80,80,80,80],"card_choices":[{"not_picked":["Acrobatics","Tactician"],"picked":"Crippling Poison","floor":1.0},{"not_picked":["Slice","Outmaneuver"],"picked":"Poisoned Stab","floor":2.0},{"not_picked":["Riddle With Holes","Acrobatics"],"picked":"Cloak And Dagger","floor":5.0},{"not_picked":["Crippling Poison","Eviscerate"],"picked":"Catalyst","floor":7.0},{"not_picked":["Blade Dance","Slice"],"picked":"Deflect","floor":12.0},{"not_picked":["Venomology","Die Die Die"],"picked":"Glass Knife","floor":16},{"not_picked":["Accuracy+1"],"picked":"SKIP","floor":18},{"not_picked":["Dagger Throw+1"],"picked":"SKIP","floor":24},{"not_picked":["Cloak And Dagger"],"picked":"SKIP","floor":27},{"not_picked":["Blade Dance"],"picked":"SKIP","floor":28},{"not_picked":[],"picked":"Burst","floor":29},{"not_picked":[],"picked":"Backflip","floor":34},{"not_picked":[],"picked":"Crippling Poison","floor":34},{"not_picked":["Reflex+1"],"picked":"SKIP","floor":35},{"not_picked":["Sucker Punch"],"picked":"SKIP","floor":36},{"not_picked":["Poisoned Stab"],"picked":"SKIP","floor":38},{"not_picked":["Poisoned Stab"],"picked":"SKIP","floor":38},{"not_picked":["Expertise"],"picked":"SKIP","floor":39},{"not_picked":["Blade Dance+1"],"picked":"SKIP","floor":40},{"not_picked":["Outmaneuver+1"],"picked":"SKIP","floor":41},{"not_picked":["Quick Slash"],"picked":"SKIP","floor":46},{"not_picked":["Quick Slash"],"picked":"SKIP","floor":46},{"not_picked":[],"picked":"Malaise","floor":47},{"not_picked":["Dagger Throw"],"picked":"SKIP","floor":48}],"player_experience":238128,"relics_obtained":[{"floor":7.0,"key":"Mummified Hand"},{"floor":9.0,"key":"Art of War"},{"floor":11.0,"key":"Pear"},{"floor":24,"key":"The Specimen"},{"floor":26,"key":"Anchor"},{"floor":28,"key":"Bronze Scales"},{"floor":40,"key":"War Paint"},{"floor":43,"key":"Frozen Egg 2"}],"event_choices":[{"cards_removed":["Strike_G"],"damage_healed":0.0,"max_hp_gain":0.0,"max_hp_loss":0.0,"gold_gain":0.0,"event_name":"The Cleric","player_choice":"Card Removal","floor":3.0,"gold_loss":50.0,"damage_taken":0.0},{"damage_healed":0.0,"max_hp_gain":0.0,"max_hp_loss":0.0,"gold_gain":0.0,"event_name":"Match and Keep!","player_choice":"2 cards matched","floor":14.0,"gold_loss":0.0,"damage_taken":0.0,"cards_obtained":["Dagger Spray","Flechettes"]},{"damage_healed":0,"gold_gain":0,"player_choice":"Read","damage_taken":0,"max_hp_gain":0,"max_hp_loss":0,"event_name":"The Library","floor":19,"gold_loss":0,"cards_obtained":["Catalyst"]},{"damage_healed":0,"gold_gain":0,"player_choice":"Ignored","damage_taken":0,"max_hp_gain":0,"max_hp_loss":0,"event_name":"Vampires","floor":21,"gold_loss":0},{"damage_healed":0,"gold_gain":0,"cards_transformed":["Strike_G","Strike_G"],"player_choice":"Became Test Subject","damage_taken":0,"max_hp_gain":0,"max_hp_loss":0,"event_name":"Drug Dealer","floor":22,"gold_loss":0,"cards_obtained":["Expertise","Wraith Form v2"]},{"cards_removed":["Noxious Fumes"],"damage_healed":0,"gold_gain":0,"player_choice":"Took Card","damage_taken":0,"max_hp_gain":0,"max_hp_loss":0,"event_name":"NoteForYourself","floor":31,"gold_loss":0,"cards_obtained":["Strike_R"]},{"damage_healed":0,"gold_gain":0,"player_choice":"Trade","damage_taken":0,"relics_obtained":["GremlinMask"],"max_hp_gain":0,"max_hp_loss":0,"event_name":"FaceTrader","floor":45,"gold_loss":0}],"is_beta":false,"boss_relics":[{"not_picked":["Astrolabe","White Beast Statue"],"picked":"Busted Crown"},{"not_picked":["Coffee Dripper","WristBlade"],"picked":"Orrery"}],"items_purged_floors":[37,44],"is_endless":false,"potions_floor_spawned":[1,7,18,28,33,35,39,47,48],"ascension_level":0}