{"gold_per_floor":[114,15,32,32,107,107,137,154,154,154,154,187,212,223,223,323,323,342,360,260,272,283,283,382,382,382,382,393,393,407,425,425,522,522,534,554,569,569,444,444,459,459,459,19,49,49,66,83,83,83],"floor_reached":51,"playtime":2891,"items_purged":["Strike_B","Strike_B","Parasite"],"score":739,"play_id":"b9e6da2a-890a-4dbc-82ee-2ba9211670bc","local_time":"20190818163921","is_ascension_mode":false,"campfire_choices":[{"data":"Ball Lightning","floor":6,"key":"SMITH"},{"data":"Dualcast","floor":10,"key":"SMITH"},{"data":"Genetic Algorithm","floor":15,"key":"SMITH"},{"data":"Fission","floor":23,"key":"SMITH"},{"data":"Coolheaded","floor":25,"key":"SMITH"},{"data":"Beam Cell","floor":27,"key":"SMITH"},{"data":"Undo","floor":29,"key":"SMITH"},{"data":"Fusion","floor":32,"key":"SMITH"},{"data":"Seek","floor":40,"key":"SMITH"},{"data":"Conserve Battery","floor":42,"key":"SMITH"},{"data":"Biased Cognition","floor":49,"key":"SMITH"}],"neow_cost":"NONE","seed_source_timestamp":2370944249838300,"circlet_count":0,"master_deck":["Strike_B","Defend_B","Defend_B","Defend_B","Defend_B","Zap+1","Dualcast+1","Ball Lightning+1","Ball Lightning","Undo+1","Hologram","Coolheaded+1","Genetic Algorithm+1","Hologram","Fission+1","Conserve Battery+1","Cold Snap+1","Go for the Eyes+1","Beam Cell+1","Skim+1","White Noise+1","Fusion+1","Seek+1","Tempest+1","Biased Cognition+1","White Noise","Double Energy","Core Surge","Glacier+1"],"relics":["Cracked Core","Gremlin Horn","Dead Branch","Pear","FossilizedHelix","Odd Mushroom","Nuclear Battery","Symbiotic Virus","Sozu","Bottled Flame","ClockworkSouvenir","Sundial"],"potions_floor_usage":[50,50,50],"damage_taken":[{"damage":0,"enemies":"Cultist","floor":1,"turns":3},{"damage":1,"enemies":"Jaw Worm","floor":3,"turns":2},{"damage":12,"enemies":"3 Sentries","floor":7,"turns":5},{"damage":0,"enemies":"Small Slimes","floor":8,"turns":2},{"damage":3,"enemies":"Lagavulin","floor":12,"turns":6},{"damage":0,"enemies":"The Mushroom Lair","floor":13,"turns":4},{"damage":0,"enemies":"Looter","floor":14,"turns":2},{"damage":26,"enemies":"The Guardian","floor":16,"turns":11},{"damage":0,"enemies":"Shell Parasite","floor":18,"turns":7},{"damage":0,"enemies":"2 Thieves","floor":19,"turns":4},{"damage":0,"enemies":"Centurion and Healer","floor":21,"turns":8},{"damage":4,"enemies":"Snake Plant","floor":22,"turns":6},{"damage":0,"enemies":"3 Cultists","floor":28,"turns":3},{"damage":0,"enemies":"Centurion and Healer","floor":30,"turns":5},{"damage":0,"enemies":"Snake Plant","floor":31,"turns":2},{"damage":23,"enemies":"Champ","floor":33,"turns":9},{"damage":0,"enemies":"3 Shapes","floor":35,"turns":3},{"damage":0,"enemies":"3 Darklings","floor":36,"turns":4},{"damage":0,"enemies":"Writhing Mass","floor":37,"turns":9},{"damage":0,"enemies":"4 Shapes","floor":41,"turns":1},{"damage":0,"enemies":"Nemesis","floor":45,"turns":7},{"damage":0,"enemies":"Maw","floor":47,"turns":6},{"damage":0,"enemies":"Transient","floor":48,"turns":5},{"damage":9,"enemies":"Time Eater","floor":50,"turns":15}],"seed_played":"-1162357594443339102","potions_obtained":[{"floor":1,"key":"Ancient Potion"},{"floor":3,"key":"FearPotion"},{"floor":8,"key":"PowerPotion"},{"floor":31,"key":"FocusPotion"}],"is_trial":false,"path_per_floor":["M","$","M","T","?","R","E","M","T","R","?","E","?","M","R","B",null,"M","M","$","M","M","R","?","R","T","R","M","R","M","M","R","B",null,"M","M","M","?","$","R","M","R","T","$","E","?","M","M","R","B",null],"character_chosen":"DEFECT","items_purchased":["Ball Lightning","ClockworkSouvenir","Biased Cognition","White Noise"],"campfire_rested":0,"item_purchase_floors":[2,44,44,44],"current_hp_per_floor":[75,75,74,74,63,63,51,51,61,61,61,58,58,58,58,32,85,85,85,85,85,81,81,81,81,81,81,81,81,81,81,81,58,85,85,85,85,85,82,82,82,82,82,82,82,82,82,82,82,73],"gold":83,"neow_bonus":"UPGRADE_CARD","is_prod":false,"is_daily":false,"chose_seed":false,"campfire_upgraded":11,"win_rate":0,"timestamp":1566113961,"path_taken":["M","$","M","?","?","R","E","M","T","R","?","E","?","M","R","BOSS","M","M","$","M","M","R","?","R","T","R","M","R","M","M","R","BOSS","M","M","M","?","$","R","M","R","T","$","E","?","M","M","R","BOSS"],"build_version":"2019-07-17","purchased_purges":3,"victory":true,"max_hp_per_floor":[75,75,75,75,75,75,75,75,85,85,85,85,85,85,85,85,85,85,85,85,85,85,85,85,85,85,85,85,85,85,85,85,85,85,85,85,85,85,82,82,82,82,82,82,82,82,82,82,82,82],"card_choices":[{"not_picked":["Chaos","Leap"],"picked":"Ball Lightning","floor":1},{"not_picked":["Darkness","Gash"],"picked":"Undo","floor":3},{"not_picked":["Turbo","Blizzard"],"picked":"Hologram","floor":7},{"not_picked":["Turbo","Sweeping Beam"],"picked":"Coolheaded","floor":8},{"not_picked":["Chill","Undo"],"picked":"Genetic Algorithm","floor":12},{"not_picked":["Conserve Battery","Beam Cell"],"picked":"Hologram","floor":13},{"not_picked":["Beam Cell","Streamline","Barrage"],"picked":"SKIP","floor":14},{"not_picked":["All For One","Rainbow"],"picked":"Fission","floor":16},{"not_picked":["Streamline","Barrage"],"picked":"Conserve Battery","floor":18},{"not_picked":["Storm","Hyperbeam"],"picked":"Cold Snap+1","floor":19},{"not_picked":["Sweeping Beam","Auto Shields"],"picked":"Go for the Eyes+1","floor":21},{"not_picked":["Compile Driver","Barrage+1"],"picked":"Beam Cell","floor":22},{"not_picked":["Conserve Battery","Self Repair"],"picked":"Skim+1","floor":28},{"not_picked":["Redo+1","Sweeping Beam+1"],"picked":"White Noise+1","floor":30},{"not_picked":["Beam Cell","Cold Snap"],"picked":"Fusion","floor":31},{"not_picked":["Rainbow","Hyperbeam"],"picked":"Seek","floor":33},{"not_picked":["Hologram+1","Cold Snap","Sweeping Beam"],"picked":"SKIP","floor":35},{"not_picked":["Ball Lightning","Beam Cell","Barrage+1"],"picked":"SKIP","floor":36},{"not_picked":["Cold Snap+1","Sweeping Beam","Redo+1"],"picked":"SKIP","floor":37},{"not_picked":["Sweeping Beam+1","Stack+1"],"picked":"Tempest+1","floor":41},{"not_picked":["Stack","Chaos"],"picked":"Double Energy","floor":45},{"not_picked":["Conserve Battery+1","Auto Shields+1","Barrage"],"picked":"SKIP","floor":47},{"not_picked":["Coolheaded+1","Barrage+1"],"picked":"Glacier+1","floor":48}],"player_experience":174954,"relics_obtained":[{"floor":4,"key":"Gremlin Horn"},{"floor":7,"key":"Dead Branch"},{"floor":9,"key":"Pear"},{"floor":12,"key":"FossilizedHelix"},{"floor":13,"key":"Odd Mushroom"},{"floor":26,"key":"Symbiotic Virus"},{"floor":43,"key":"Bottled Flame"},{"floor":45,"key":"Sundial"}],"event_choices":[{"damage_healed":0,"gold_gain":75,"player_choice":"Gather Gold","damage_taken":11,"max_hp_gain":0,"max_hp_loss":0,"event_name":"World of Goop","floor":5,"gold_loss":0},{"cards_removed":["Strike_B"],"damage_healed":0,"gold_gain":0,"player_choice":"Forget","damage_taken":0,"max_hp_gain":0,"max_hp_loss":0,"event_name":"Living Wall","floor":11,"gold_loss":0},{"damage_healed":0,"gold_gain":0,"player_choice":"Fought Mushrooms","damage_taken":0,"max_hp_gain":0,"max_hp_loss":0,"event_name":"Mushrooms","floor":13,"gold_loss":0},{"damage_healed":0,"gold_gain":99,"player_choice":"Stole From Cult","damage_taken":0,"max_hp_gain":0,"max_hp_loss":0,"event_name":"Nest","floor":24,"gold_loss":0},{"damage_healed":0,"gold_gain":0,"player_choice":"Ignored","damage_taken":0,"max_hp_gain":0,"max_hp_loss":0,"event_name":"Tomb of Lord Red Mask","floor":38,"gold_loss":0},{"damage_healed":0,"gold_gain":0,"player_choice":"1 cards matched","damage_taken":0,"max_hp_gain":0,"max_hp_loss":0,"event_name":"Match and Keep!","floor":46,"gold_loss":0,"cards_obtained":["Core Surge"]}],"is_beta":false,"boss_relics":[{"not_picked":["Tiny House","Fusion Hammer"],"picked":"Nuclear Battery"},{"not_picked":["Astrolabe","Inserter"],"picked":"Sozu"}],"items_purged_floors":[2,20,39],"is_endless":false,"potions_floor_spawned":[1,3,8,14,18,28,31,36,41,45],"ascension_level":0}