{"gold_per_floor":[119,119,135,147,222,222,242,242,242,11,11,11,44,64,64,166,166,180,180,198,218,218,218,246,256,256,276,276,83,83,83,83,181,181,191,191,191,208,208,208,208,208,279,279,35,49,63,12,12,12],"floor_reached":51,"playtime":2266,"items_purged":[],"score":663,"play_id":"49f37e3a-1790-4266-aa86-34156410133f","local_time":"20190725202256","is_ascension_mode":false,"campfire_choices":[{"data":"Barrage","floor":6.0,"key":"SMITH"},{"data":"Ball Lightning","floor":8.0,"key":"SMITH"},{"data":"Doom and Gloom","floor":11.0,"key":"SMITH"},{"data":"White Noise","floor":15.0,"key":"SMITH"},{"data":"Reinforced Body","floor":23.0,"key":"SMITH"},{"floor":30.0,"key":"REST"},{"data":"Mayhem","floor":32.0,"key":"SMITH"},{"data":"Rainbow","floor":40,"key":"SMITH"},{"data":"Buffer","floor":42,"key":"SMITH"},{"data":"Multi-Cast","floor":44,"key":"SMITH"},{"floor":49,"key":"REST"}],"neow_cost":"NONE","seed_source_timestamp":311110123886300,"circlet_count":0,"master_deck":["Zap+1","Dualcast","Coolheaded","Conserve Battery","Barrage+1","Ball Lightning+1","Doom and Gloom+1","White Noise+1","Rainbow+1","Tempest","Genetic Algorithm","Barrage","Buffer+1","Cold Snap","Reinforced Body+1","Lockon","Consume","Leap","Turbo","Ball Lightning","Beam Cell","Coolheaded","Mayhem+1","Multi-Cast+1","Madness","Madness","Beam Cell+1","Consume+1"],"special_seed":0,"relics":["Cracked Core","Sundial","Happy Flower","Unceasing Top","Pandora\u0027s Box","Gremlin Horn","Kunai","Nilry\u0027s Codex","Velvet Choker","Frozen Egg 2","Potion Belt"],"potions_floor_usage":[50,50,50,50],"damage_taken":[{"damage":0.0,"enemies":"Small Slimes","floor":1.0,"turns":2.0},{"damage":1.0,"enemies":"2 Louse","floor":3.0,"turns":2.0},{"damage":0.0,"enemies":"Cultist","floor":4.0,"turns":4.0},{"damage":0.0,"enemies":"Exordium Wildlife","floor":7.0,"turns":3.0},{"damage":11.0,"enemies":"Lagavulin","floor":13.0,"turns":6.0},{"damage":0.0,"enemies":"Large Slime","floor":14.0,"turns":3.0},{"damage":23.0,"enemies":"Hexaghost","floor":16.0,"turns":7.0},{"damage":5.0,"enemies":"Chosen","floor":18.0,"turns":3.0},{"damage":11.0,"enemies":"2 Thieves","floor":20.0,"turns":4.0},{"damage":19.0,"enemies":"Cultist and Chosen","floor":21.0,"turns":6.0},{"damage":15.0,"enemies":"Gremlin Leader","floor":24.0,"turns":6.0},{"damage":4.0,"enemies":"Centurion and Healer","floor":25.0,"turns":5.0},{"damage":0.0,"enemies":"3 Cultists","floor":27.0,"turns":4.0},{"damage":25.0,"enemies":"Automaton","floor":33.0,"turns":10.0},{"damage":9.0,"enemies":"Orb Walker","floor":35.0,"turns":4.0},{"damage":9.0,"enemies":"3 Darklings","floor":38.0,"turns":5.0},{"damage":0,"enemies":"Maw","floor":46,"turns":9},{"damage":20,"enemies":"Sphere and 2 Shapes","floor":47,"turns":5},{"damage":9,"enemies":"Time Eater","floor":50,"turns":13}],"seed_played":"-4052545253175451718","potions_obtained":[{"floor":3.0,"key":"FocusPotion"},{"floor":4.0,"key":"Regen Potion"},{"floor":14.0,"key":"SkillPotion"},{"floor":21.0,"key":"SkillPotion"},{"floor":22.0,"key":"Block Potion"},{"floor":22.0,"key":"Regen Potion"},{"floor":24.0,"key":"SpeedPotion"},{"floor":25.0,"key":"FearPotion"},{"floor":46,"key":"FearPotion"},{"floor":47,"key":"SneckoOil"}],"is_trial":false,"path_per_floor":["M","?","M","M","?","R","M","R","T","$","R","?","E","M","R","B",null,"M","?","M","M","?","R","E","M","T","M","?","$","R","$","R","B",null,"M","?","?","M","?","R","?","R","T","R","$","M","M","$","R","B",null],"character_chosen":"DEFECT","items_purchased":["Doom and Gloom","Happy Flower","Coolheaded","Mayhem","PowerPotion","Dexterity Potion","Potion Belt","SpeedPotion"],"campfire_rested":2,"item_purchase_floors":[10,10,29,29,45,45,45,48],"current_hp_per_floor":[75,75,74,74,63,63,63,63,63,63,63,48,37,37,37,14,75,70,70,71,52,52,52,49,45,45,45,29,29,51,51,51,26,75,66,57,57,48,48,48,48,48,48,48,48,48,28,28,50,41],"gold":12,"neow_bonus":"UPGRADE_CARD","is_prod":false,"is_daily":false,"chose_seed":false,"campfire_upgraded":9,"win_rate":0,"timestamp":1564053776,"path_taken":["M","?","M","M","?","R","M","R","T","$","R","?","E","M","R","BOSS","M","?","M","M","?","R","E","?","T","M","?","?","R","$","R","BOSS","M","?","?","M","?","R","?","R","T","R","$","M","M","?","R","BOSS"],"build_version":"2019-07-17","purchased_purges":0,"victory":true,"max_hp_per_floor":[75,75,75,75,75,75,75,75,75,75,75,75,75,75,75,75,75,75,75,75,75,75,75,75,75,75,75,75,75,75,75,75,75,75,75,75,75,75,75,75,75,75,75,75,75,75,75,75,75,75],"card_choices":[{"not_picked":["Steam","Turbo"],"picked":"Coolheaded","floor":1.0},{"not_picked":["Steam","Auto Shields"],"picked":"Conserve Battery","floor":3.0},{"not_picked":["Conserve Battery","Turbo"],"picked":"Barrage","floor":4.0},{"not_picked":["Rebound","Static Discharge"],"picked":"Ball Lightning","floor":7.0},{"not_picked":["Rebound","Turbo"],"picked":"White Noise","floor":13.0},{"not_picked":["Rebound","Barrage","Auto Shields"],"picked":"SKIP","floor":14.0},{"not_picked":["Thunder Strike","Meteor Strike"],"picked":"Rainbow","floor":16.0},{"not_picked":["Stack","Barrage"],"picked":"Lockon","floor":18.0},{"not_picked":["Stack","Blizzard+1"],"picked":"Leap","floor":20.0},{"not_picked":["Cold Snap","Streamline"],"picked":"Turbo","floor":21.0},{"not_picked":["Beam Cell","Gash"],"picked":"Ball Lightning","floor":24.0},{"not_picked":["Scrape","Go for the Eyes","Barrage"],"picked":"SKIP","floor":25.0},{"not_picked":["Streamline","Cold Snap"],"picked":"Beam Cell","floor":27.0},{"not_picked":["Rainbow","Thunder Strike"],"picked":"Multi-Cast","floor":33.0},{"not_picked":["Rip and Tear","Rebound","Lockon"],"picked":"SKIP","floor":35.0},{"not_picked":["Gash+1","Conserve Battery+1"],"picked":"Beam Cell+1","floor":38.0},{"not_picked":["Sunder+1","Barrage","Rip and Tear+1"],"picked":"SKIP","floor":46},{"not_picked":["Hologram+1","Rebound+1"],"picked":"Consume+1","floor":47}],"player_experience":110196,"relics_obtained":[{"floor":9.0,"key":"Sundial"},{"floor":13.0,"key":"Unceasing Top"},{"floor":24.0,"key":"Gremlin Horn"},{"floor":26.0,"key":"Kunai"},{"floor":28.0,"key":"Nilry\u0027s Codex"},{"floor":43,"key":"Frozen Egg 2"}],"event_choices":[{"cards_removed":["Strike_B"],"damage_healed":0.0,"max_hp_gain":0.0,"max_hp_loss":0.0,"gold_gain":0.0,"event_name":"Living Wall","player_choice":"Forget","floor":2.0,"gold_loss":0.0,"damage_taken":0.0},{"damage_healed":0.0,"max_hp_gain":0.0,"max_hp_loss":0.0,"gold_gain":75.0,"event_name":"World of Goop","player_choice":"Gather Gold","floor":5.0,"gold_loss":0.0,"damage_taken":11.0},{"damage_healed":0.0,"max_hp_gain":0.0,"max_hp_loss":0.0,"gold_gain":0.0,"event_name":"Shining Light","player_choice":"Entered Light","floor":12.0,"gold_loss":0.0,"damage_taken":15.0,"cards_upgraded":["Strike_B","Strike_B"]},{"damage_healed":0.0,"max_hp_gain":0.0,"max_hp_loss":0.0,"gold_gain":0.0,"event_name":"The Library","player_choice":"Read","floor":19.0,"gold_loss":0.0,"damage_taken":0.0,"cards_obtained":["Consume"]},{"damage_healed":0.0,"max_hp_gain":0.0,"max_hp_loss":0.0,"gold_gain":0.0,"event_name":"Lab","player_choice":"Got Potions","floor":22.0,"gold_loss":0.0,"damage_taken":0.0},{"damage_healed":0.0,"max_hp_gain":0.0,"max_hp_loss":0.0,"gold_gain":0.0,"event_name":"Cursed Tome","player_choice":"Obtained Book","floor":28.0,"gold_loss":0.0,"damage_taken":16.0},{"damage_healed":0.0,"max_hp_gain":0.0,"max_hp_loss":0.0,"gold_gain":0.0,"event_name":"Winding Halls","player_choice":"Embrace Madness","floor":36.0,"gold_loss":0.0,"damage_taken":9.0,"cards_obtained":["Madness","Madness"]},{"damage_healed":0.0,"max_hp_gain":0.0,"max_hp_loss":0.0,"gold_gain":0.0,"event_name":"Tomb of Lord Red Mask","player_choice":"Ignored","floor":37.0,"gold_loss":0.0,"damage_taken":0.0},{"damage_healed":0,"gold_gain":0,"player_choice":"Ignored","damage_taken":0,"max_hp_gain":0,"max_hp_loss":0,"event_name":"Mysterious Sphere","floor":39,"gold_loss":0},{"cards_removed":["Aggregate"],"damage_healed":0,"gold_gain":0,"player_choice":"Removed Skill","damage_taken":0,"max_hp_gain":0,"max_hp_loss":0,"event_name":"Falling","floor":41,"gold_loss":0}],"is_beta":false,"boss_relics":[{"not_picked":["FrozenCore","Tiny House"],"picked":"Pandora\u0027s Box"},{"not_picked":["Lizard Tail","Philosopher\u0027s Stone"],"picked":"Velvet Choker"}],"items_purged_floors":[],"is_endless":false,"potions_floor_spawned":[3,4,14,21,24,25,27,46,47],"ascension_level":0}