{"gold_per_floor":[362,377,117,117,135,135,149,149,174,174,191,191,223,235,235,309,309,325,344,11,30,30,64,95,110,110,110,26,26,58,76,76,147,147,164,164,177,197,69,69],"floor_reached":40,"playtime":2565,"items_purged":["Strike_R","Strike_R"],"score":813,"play_id":"5673f38e-1073-4a5b-adea-8d7bf1e5ec6b","local_time":"20190531140710","is_ascension_mode":true,"campfire_choices":[{"data":"Whirlwind","floor":6.0,"key":"SMITH"},{"data":"Feel No Pain","floor":8.0,"key":"SMITH"},{"data":"Bash","floor":10.0,"key":"SMITH"},{"data":"True Grit","floor":15.0,"key":"SMITH"},{"data":"Fiend Fire","floor":27.0,"key":"SMITH"},{"data":"Inflame","floor":29.0,"key":"SMITH"},{"data":"Limit Break","floor":32.0,"key":"SMITH"}],"neow_cost":"PERCENT_DAMAGE","seed_source_timestamp":0,"circlet_count":0,"master_deck":["AscendersBane","Strike_R","Strike_R","Defend_R","Defend_R","Defend_R","Defend_R","Bash+1","Feel No Pain+1","Warcry+1","Finesse","Whirlwind+1","Reckless Charge","Shockwave+1","Limit Break+1","True Grit+1","Fiend Fire+1","Inflame+1","Twin Strike","Pommel Strike","Feel No Pain","Pummel","Demon Form","Infernal Blade+1","Body Slam","Shrug It Off"],"special_seed":0,"relics":["Burning Blood","Regal Pillow","Bronze Scales","Sozu","Charon\u0027s Ashes","Singing Bowl","Red Mask","Bottled Tornado","Mark of Pain"],"potions_floor_usage":[],"damage_taken":[{"damage":4.0,"enemies":"2 Louse","floor":1.0,"turns":4.0},{"damage":20.0,"enemies":"Small Slimes","floor":2.0,"turns":4.0},{"damage":1.0,"enemies":"Cultist","floor":5.0,"turns":4.0},{"damage":9.0,"enemies":"Looter","floor":7.0,"turns":3.0},{"damage":30.0,"enemies":"Exordium Thugs","floor":11.0,"turns":6.0},{"damage":20.0,"enemies":"3 Sentries","floor":13.0,"turns":8.0},{"damage":1.0,"enemies":"Red Slaver","floor":14.0,"turns":4.0},{"damage":16.0,"enemies":"Slime Boss","floor":16.0,"turns":9.0},{"damage":10.0,"enemies":"Spheric Guardian","floor":18.0,"turns":6.0},{"damage":11.0,"enemies":"Shell Parasite","floor":19.0,"turns":4.0},{"damage":1.0,"enemies":"Centurion and Healer","floor":21.0,"turns":6.0},{"damage":24.0,"enemies":"Book of Stabbing","floor":23.0,"turns":4.0},{"damage":0.0,"enemies":"Masked Bandits","floor":24.0,"turns":3.0},{"damage":7.0,"enemies":"Cultist and Chosen","floor":25.0,"turns":5.0},{"damage":9.0,"enemies":"Gremlin Leader","floor":30.0,"turns":4.0},{"damage":10.0,"enemies":"Snake Plant","floor":31.0,"turns":4.0},{"damage":32.0,"enemies":"Champ","floor":33.0,"turns":11.0},{"damage":21.0,"enemies":"Orb Walker","floor":35.0,"turns":5.0},{"damage":6.0,"enemies":"3 Darklings","floor":37.0,"turns":3.0},{"damage":12.0,"enemies":"Sphere and 2 Shapes","floor":38.0,"turns":4.0},{"damage":86,"enemies":"Giant Head","floor":40,"turns":7}],"seed_played":"-5926698703455447954","potions_obtained":[{"floor":2.0,"key":"Regen Potion"},{"floor":7.0,"key":"Regen Potion"},{"floor":13.0,"key":"SneckoOil"},{"floor":16.0,"key":"SkillPotion"}],"is_trial":false,"path_per_floor":["M","M","$","?","M","R","M","R","T","R","M","?","E","M","R","B",null,"M","M","$","M","?","E","?","M","T","R","$","R","E","M","R","B",null,"M","?","M","M","$","E"],"character_chosen":"IRONCLAD","items_purchased":["Finesse","Whirlwind","Fire Potion","Charon\u0027s Ashes","Feel No Pain","Shrug It Off"],"campfire_rested":0,"item_purchase_floors":[3,3,3,20,28,39],"current_hp_per_floor":[52,38,38,31,48,48,45,45,45,45,36,36,22,27,27,17,61,57,52,52,57,57,41,49,50,50,50,50,50,47,45,45,19,67,52,52,52,48,48,0],"gold":69,"neow_bonus":"TWO_FIFTY_GOLD","is_prod":false,"is_daily":false,"chose_seed":false,"campfire_upgraded":7,"win_rate":0,"timestamp":1559326030,"path_taken":["M","M","$","?","M","R","M","R","T","R","M","?","E","M","R","BOSS","M","M","$","M","?","E","?","M","T","R","$","R","E","M","R","BOSS","M","?","M","M","$","E"],"build_version":"2019-01-23","purchased_purges":2,"victory":false,"max_hp_per_floor":[75,75,75,75,75,75,75,75,75,75,75,75,75,75,75,75,75,75,75,75,75,75,77,79,81,81,81,81,81,81,83,83,83,83,83,83,83,85,85,85],"card_choices":[{"not_picked":["Flex","True Grit"],"picked":"Feel No Pain","floor":1.0},{"not_picked":["Dual Wield","Wild Strike"],"picked":"Warcry","floor":2.0},{"not_picked":["Dark Embrace","Havoc","Clash"],"picked":"SKIP","floor":5.0},{"not_picked":["Twin Strike","Clothesline"],"picked":"Reckless Charge","floor":7.0},{"not_picked":["Intimidate","Havoc"],"picked":"Shockwave","floor":11.0},{"not_picked":["Bloodletting","Combust"],"picked":"Limit Break","floor":13.0},{"not_picked":["Wild Strike","Pommel Strike"],"picked":"True Grit","floor":14.0},{"not_picked":["Demon Form","Impervious"],"picked":"Fiend Fire","floor":16.0},{"not_picked":["Sever Soul","Spot Weakness"],"picked":"Inflame","floor":18.0},{"not_picked":["Anger","Body Slam+1"],"picked":"Twin Strike","floor":19.0},{"not_picked":["Wild Strike","Clothesline"],"picked":"Pommel Strike","floor":21.0},{"not_picked":["Metallicize","Clothesline","Brutality"],"picked":"Singing Bowl","floor":23.0},{"not_picked":["Havoc","Thunderclap","Ghostly Armor"],"picked":"Singing Bowl","floor":24.0},{"not_picked":["Anger","Headbutt","Fire Breathing"],"picked":"Singing Bowl","floor":25.0},{"not_picked":["Reckless Charge+1","Immolate"],"picked":"Pummel","floor":30.0},{"not_picked":["Shockwave","Bloodletting","Thunderclap"],"picked":"Singing Bowl","floor":31.0},{"not_picked":["Impervious","Exhume"],"picked":"Demon Form","floor":33.0},{"not_picked":["Burning Pact","Anger"],"picked":"Infernal Blade+1","floor":35.0},{"not_picked":["Warcry","Feel No Pain"],"picked":"Body Slam","floor":37.0},{"not_picked":["Iron Wave+1","Twin Strike","Armaments"],"picked":"Singing Bowl","floor":38.0}],"player_experience":1117103,"relics_obtained":[{"floor":9.0,"key":"Regal Pillow"},{"floor":13.0,"key":"Bronze Scales"},{"floor":23.0,"key":"Singing Bowl"},{"floor":24.0,"key":"Red Mask"},{"floor":30.0,"key":"Bottled Tornado"}],"event_choices":[{"cards_removed":["Strike_R"],"damage_healed":0.0,"max_hp_gain":0.0,"max_hp_loss":0.0,"gold_gain":0.0,"event_name":"Golden Wing","player_choice":"Card Removal","floor":4.0,"gold_loss":0.0,"damage_taken":7.0},{"damage_healed":0.0,"max_hp_gain":0.0,"max_hp_loss":0.0,"gold_gain":0.0,"event_name":"Living Wall","player_choice":"Grow","floor":12.0,"gold_loss":0.0,"damage_taken":0.0,"cards_upgraded":["Shockwave"]},{"damage_healed":0.0,"max_hp_gain":0.0,"max_hp_loss":0.0,"gold_gain":0.0,"event_name":"The Mausoleum","player_choice":"Ignored","floor":22.0,"gold_loss":0.0,"damage_taken":0.0},{"damage_healed":0.0,"max_hp_gain":0.0,"max_hp_loss":0.0,"gold_gain":0.0,"event_name":"Masked Bandits","player_choice":"Fought Bandits","floor":24.0,"gold_loss":0.0,"damage_taken":0.0},{"damage_healed":0.0,"max_hp_gain":0.0,"max_hp_loss":0.0,"gold_gain":0.0,"event_name":"Upgrade Shrine","player_choice":"Upgraded","floor":36.0,"gold_loss":0.0,"damage_taken":0.0,"cards_upgraded":["Warcry"]}],"is_beta":false,"boss_relics":[{"not_picked":["Pandora\u0027s Box","Ectoplasm"],"picked":"Sozu"},{"not_picked":["Lizard Tail","Calling Bell"],"picked":"Mark of Pain"}],"items_purged_floors":[3,39],"is_endless":false,"potions_floor_spawned":[2,7,13,16,18,21,30,33,37,38],"killed_by":"Giant Head","ascension_level":18}