{"gold_per_floor":[113,188,54,54,66,66,31,31,103,134,134,148,148,163,163,163],"floor_reached":16,"playtime":348,"items_purged":["Strike_R"],"score":196,"play_id":"dc3b2262-c965-4e7a-b143-051b873ed453","local_time":"20190716193009","is_ascension_mode":true,"campfire_choices":[{"data":"Corruption","floor":6,"key":"SMITH"},{"data":"Evolve","floor":8,"key":"SMITH"},{"data":"Bash","floor":11,"key":"SMITH"},{"data":"Shrug It Off","floor":13,"key":"SMITH"},{"floor":15,"key":"REST"}],"neow_cost":"NONE","seed_source_timestamp":183262459961200,"circlet_count":0,"master_deck":["AscendersBane","Strike_R","Strike_R","Strike_R","Strike_R","Defend_R","Defend_R","Defend_R","Defend_R","Bash+1","Corruption+1","Shrug It Off+1","Evolve+1"],"relics":["Burning Blood","Singing Bowl","Matryoshka"],"potions_floor_usage":[10,16,16],"damage_taken":[{"damage":7,"enemies":"Small Slimes","floor":1,"turns":3},{"damage":6,"enemies":"2 Louse","floor":5,"turns":4},{"damage":55,"enemies":"Gremlin Nob","floor":10,"turns":5},{"damage":9,"enemies":"Jaw Worm","floor":12,"turns":4},{"damage":34,"enemies":"Exordium Wildlife","floor":14,"turns":7},{"damage":48,"enemies":"Slime Boss","floor":16,"turns":8}],"seed_played":"5340985116194738769","potions_obtained":[{"floor":1,"key":"Strength Potion"},{"floor":5,"key":"Strength Potion"},{"floor":10,"key":"Energy Potion"}],"is_trial":false,"path_per_floor":["M","?","$","?","M","R","?","R","T","E","R","M","R","M","R","B"],"character_chosen":"IRONCLAD","items_purchased":["Shrug It Off"],"campfire_rested":1,"item_purchase_floors":[3],"current_hp_per_floor":[74,63,63,68,68,68,87,87,87,40,40,39,39,13,40,0],"gold":163,"neow_bonus":"TEN_PERCENT_HP_BONUS","is_prod":false,"is_daily":false,"chose_seed":false,"campfire_upgraded":4,"win_rate":0,"timestamp":1563319809,"path_taken":["M","?","$","?","M","R","?","R","T","E","R","M","R","M","R","BOSS"],"build_version":"2019-07-05","purchased_purges":1,"victory":false,"max_hp_per_floor":[82,82,82,87,87,87,87,87,87,89,89,91,91,93,93,93],"card_choices":[{"not_picked":["Burning Pact","Anger"],"picked":"Corruption","floor":1},{"not_picked":["Hemokinesis","Perfected Strike"],"picked":"Evolve","floor":5},{"not_picked":["Clothesline","Intimidate","Infernal Blade"],"picked":"Singing Bowl","floor":10},{"not_picked":["Anger","Fire Breathing","Heavy Blade"],"picked":"Singing Bowl","floor":12},{"not_picked":["Rage","Anger","Twin Strike"],"picked":"Singing Bowl","floor":14}],"player_experience":1358346,"relics_obtained":[{"floor":9,"key":"Singing Bowl"},{"floor":10,"key":"Matryoshka"}],"event_choices":[{"damage_healed":0,"gold_gain":75,"player_choice":"Gather Gold","damage_taken":11,"max_hp_gain":0,"max_hp_loss":0,"event_name":"World of Goop","floor":2,"gold_loss":0},{"damage_healed":0,"gold_gain":0,"player_choice":"Donut","damage_taken":0,"max_hp_gain":5,"max_hp_loss":0,"event_name":"Big Fish","floor":4,"gold_loss":0},{"damage_healed":21,"gold_gain":0,"player_choice":"Healed","damage_taken":0,"max_hp_gain":0,"max_hp_loss":0,"event_name":"The Cleric","floor":7,"gold_loss":35}],"is_beta":false,"boss_relics":[],"items_purged_floors":[3],"is_endless":false,"potions_floor_spawned":[1,5,10],"killed_by":"Slime Boss","ascension_level":20}