{"gold_per_floor":[214,214,234,509,521,521,13,45,45,45,77,95,95,127,127,127],"floor_reached":16,"playtime":447,"items_purged":["Regret"],"score":236,"play_id":"aa51df91-b624-43d6-bfd0-cdbcc7f0f8ac","local_time":"20190830183311","is_ascension_mode":true,"campfire_choices":[{"data":"Deadly Poison","floor":6,"key":"SMITH"},{"data":"Glass Knife","floor":10,"key":"SMITH"},{"floor":13,"key":"REST"},{"floor":15,"key":"REST"}],"neow_cost":"NONE","seed_source_timestamp":125480862852100,"circlet_count":0,"master_deck":["AscendersBane","Strike_G","Strike_G","Strike_G","Strike_G","Strike_G","Defend_G","Defend_G","Defend_G","Defend_G","Defend_G","Survivor","Neutralize","PiercingWail","Deadly Poison+1","Glass Knife+1"],"relics":["Ring of the Snake","Kunai","Singing Bowl","Bronze Scales","Matryoshka","Happy Flower"],"potions_floor_usage":[3,3,8,11,14],"damage_taken":[{"damage":1,"enemies":"Small Slimes","floor":1,"turns":4},{"damage":4,"enemies":"Cultist","floor":3,"turns":4},{"damage":3,"enemies":"2 Louse","floor":5,"turns":3},{"damage":17,"enemies":"Lagavulin","floor":8,"turns":6},{"damage":26,"enemies":"Gremlin Nob","floor":11,"turns":4},{"damage":10,"enemies":"Lots of Slimes","floor":12,"turns":4},{"damage":13,"enemies":"3 Sentries","floor":14,"turns":7},{"damage":59,"enemies":"Slime Boss","floor":16,"turns":7}],"seed_played":"567998732554302335","potions_obtained":[{"floor":1,"key":"Regen Potion"},{"floor":2,"key":"EntropicBrew"},{"floor":5,"key":"Poison Potion"},{"floor":11,"key":"EssenceOfSteel"}],"is_trial":false,"path_per_floor":["M","?","M","?","M","R","$","E","T","R","E","M","R","E","R","B"],"character_chosen":"THE_SILENT","items_purchased":["Glass Knife","Kunai"],"campfire_rested":2,"item_purchase_floors":[7,7],"current_hp_per_floor":[58,58,65,65,62,62,62,47,47,47,23,15,36,25,47,0],"gold":127,"neow_bonus":"HUNDRED_GOLD","is_prod":false,"is_daily":false,"chose_seed":false,"campfire_upgraded":2,"win_rate":0,"timestamp":1567204391,"path_taken":["M","?","?","?","?","R","$","E","T","R","E","M","R","E","R","BOSS"],"build_version":"2019-08-26","purchased_purges":1,"victory":false,"max_hp_per_floor":[66,66,66,66,66,66,66,68,68,68,70,72,72,74,74,74],"card_choices":[{"not_picked":["Eviscerate","Deflect"],"picked":"PiercingWail","floor":1},{"not_picked":["Poisoned Stab","Slice"],"picked":"Deadly Poison","floor":3},{"not_picked":["Slice","Deflect","Prepared"],"picked":"SKIP","floor":5},{"not_picked":["Deflect","A Thousand Cuts","Cloak And Dagger"],"picked":"Singing Bowl","floor":8},{"not_picked":["Dodge and Roll","All Out Attack","Dagger Throw"],"picked":"Singing Bowl","floor":11},{"not_picked":["Tactician","Dagger Throw","Quick Slash"],"picked":"Singing Bowl","floor":12},{"not_picked":["Tools of the Trade","Underhanded Strike","Choke"],"picked":"Singing Bowl","floor":14}],"player_experience":819811,"relics_obtained":[{"floor":8,"key":"Singing Bowl"},{"floor":9,"key":"Bronze Scales"},{"floor":11,"key":"Matryoshka"},{"floor":14,"key":"Happy Flower"}],"event_choices":[{"damage_healed":0,"gold_gain":0,"player_choice":"Got Potions","damage_taken":0,"max_hp_gain":0,"max_hp_loss":0,"event_name":"Lab","floor":2,"gold_loss":0},{"damage_healed":0,"gold_gain":275,"player_choice":"Desecrate","damage_taken":0,"max_hp_gain":0,"max_hp_loss":0,"event_name":"Golden Shrine","floor":4,"gold_loss":0,"cards_obtained":["Regret"]}],"is_beta":true,"boss_relics":[],"items_purged_floors":[7],"is_endless":false,"potions_floor_spawned":[1,5,11],"killed_by":"Slime Boss","ascension_level":20}