{"gold_per_floor":[110,110,157,175,54,79,91,113,125,137,179,204,234,16,16,114,114,134,146,46,46,64,64,16,28,28,28,58,58,58,74,74,178,178,193,243,262,124,140,172,272,305,354,374,406,420,420,435,435,435,435,435,33,60,60],"floor_reached":56,"playtime":23715,"items_purged":["Strike_G","Finisher","Doubt"],"score":1492,"play_id":"46e92549-fb5a-4975-b1d5-b9e554c2ec3e","local_time":"20190829031159","is_ascension_mode":false,"campfire_choices":[{"data":"Noxious Fumes","floor":7.0,"key":"SMITH"},{"data":"Crippling Poison","floor":15.0,"key":"SMITH"},{"data":"Bullet Time","floor":27.0,"key":"SMITH"},{"data":"Well Laid Plans","floor":29.0,"key":"SMITH"},{"data":"Bouncing Flask","floor":32.0,"key":"SMITH"},{"floor":49,"key":"RECALL"},{"data":"Malaise","floor":52,"key":"SMITH"}],"neow_cost":"NONE","seed_source_timestamp":699692860565600,"circlet_count":0,"master_deck":["Defend_G+1","Defend_G","Defend_G","Defend_G+1","Defend_G","Survivor","Neutralize+1","Dash+1","Noxious Fumes+1","Deadly Poison","Well Laid Plans+1","Crippling Poison+1","Strike_B+1","Bouncing Flask+1","Acrobatics","Adrenaline","Bullet Time+1","Concentrate+1","Blur+1","Malaise+1","Cloak And Dagger","Prepared","Adrenaline","Dark Shackles","Backflip","Acrobatics","Malaise+1","Tactician+1","Noxious Fumes","PiercingWail","Acrobatics+1","Blur+1","Clumsy","Deadly Poison","Reflex+1","Catalyst+1","Footwork","Underhanded Strike","Tactician"],"special_seed":0,"relics":["Ring of the Snake","Bag of Marbles","MawBank","Bottled Lightning","War Paint","Bronze Scales","Astrolabe","Ornamental Fan","Ninja Scroll","Cursed Key","Ice Cream","Centennial Puzzle","The Specimen","Whetstone","Bottled Tornado","Kunai","Medical Kit","Paper Crane"],"potions_floor_usage":[55,55,55],"damage_taken":[{"damage":0.0,"enemies":"2 Louse","floor":1.0,"turns":3.0},{"damage":0.0,"enemies":"Jaw Worm","floor":4.0,"turns":2.0},{"damage":8.0,"enemies":"Lagavulin","floor":6.0,"turns":6.0},{"damage":0.0,"enemies":"Cultist","floor":8.0,"turns":2.0},{"damage":16.0,"enemies":"3 Sentries","floor":11.0,"turns":6.0},{"damage":0.0,"enemies":"Exordium Thugs","floor":12.0,"turns":3.0},{"damage":0.0,"enemies":"2 Fungi Beasts","floor":13.0,"turns":3.0},{"damage":0.0,"enemies":"The Guardian","floor":16.0,"turns":9.0},{"damage":0.0,"enemies":"Shell Parasite","floor":18.0,"turns":6.0},{"damage":0.0,"enemies":"Spheric Guardian","floor":19.0,"turns":3.0},{"damage":0.0,"enemies":"3 Cultists","floor":22.0,"turns":4.0},{"damage":0.0,"enemies":"Sentry and Sphere","floor":25.0,"turns":3.0},{"damage":0.0,"enemies":"Gremlin Leader","floor":28.0,"turns":6.0},{"damage":0.0,"enemies":"Snake Plant","floor":31.0,"turns":5.0},{"damage":0.0,"enemies":"Collector","floor":33.0,"turns":9.0},{"damage":0.0,"enemies":"3 Shapes","floor":35.0,"turns":4.0},{"damage":0.0,"enemies":"2 Orb Walkers","floor":36.0,"turns":6.0},{"damage":0.0,"enemies":"3 Darklings","floor":37.0,"turns":5.0},{"damage":1.0,"enemies":"Jaw Worm Horde","floor":39.0,"turns":3.0},{"damage":0.0,"enemies":"Giant Head","floor":40.0,"turns":8.0},{"damage":0.0,"enemies":"Mind Bloom Boss Battle","floor":41.0,"turns":6.0},{"damage":0.0,"enemies":"Nemesis","floor":42.0,"turns":9.0},{"damage":0,"enemies":"Maw","floor":44,"turns":7},{"damage":5,"enemies":"Reptomancer","floor":45,"turns":6},{"damage":0,"enemies":"3 Darklings","floor":46,"turns":3},{"damage":0,"enemies":"Spire Growth","floor":48,"turns":6},{"damage":3,"enemies":"Awakened One","floor":50,"turns":13},{"damage":0,"enemies":"Shield and Spear","floor":54,"turns":7},{"damage":12,"enemies":"The Heart","floor":55,"turns":11}],"seed_played":"-1170911293650830631","potions_obtained":[{"floor":8.0,"key":"Explosive Potion"},{"floor":11.0,"key":"Weak Potion"},{"floor":12.0,"key":"GhostInAJar"},{"floor":28.0,"key":"SteroidPotion"},{"floor":46,"key":"Poison Potion"}],"is_trial":false,"path_per_floor":["M","?","T","M","$","E","R","M","T","?","E","M","M","$","R","B",null,"M","M","$","?","M","?","$","M","T","R","E","R","$","M","R","B",null,"M","?","M","$","M","E","?","E","T","M","E","M","T","M","R","B",null,"R","$","E","B",null],"character_chosen":"THE_SILENT","items_purchased":["Noxious Fumes","Deadly Poison","Bronze Scales","Backflip","Noxious Fumes","PiercingWail","PowerPotion","Footwork","Medical Kit","Underhanded Strike"],"campfire_rested":0,"item_purchase_floors":[5,5,14,24,38,38,38,53,53,53],"current_hp_per_floor":[70,56,56,56,56,48,48,48,48,48,32,32,32,32,32,32,70,70,70,70,70,70,70,70,70,70,70,70,70,70,70,70,70,70,70,70,70,70,69,69,69,69,69,69,64,64,64,64,64,61,70,70,70,70,58],"gold":60,"neow_bonus":"UPGRADE_CARD","is_prod":false,"is_daily":false,"chose_seed":false,"campfire_upgraded":6,"win_rate":1,"timestamp":1567015919,"path_taken":["M","?","?","M","$","E","R","M","T","?","E","?","M","?","R","BOSS","M","M","$","?","?","?","?","?","T","R","E","R","?","M","R","BOSS","M","?","M","$","M","E","?","E","T","M","E","M","?","?","R","BOSS","R","$","E","BOSS"],"build_version":"2019-07-17","purchased_purges":3,"victory":true,"max_hp_per_floor":[70,70,70,70,70,70,70,70,70,70,70,70,70,70,70,70,70,70,70,70,70,70,70,70,70,70,70,70,70,70,70,70,70,70,70,70,70,70,70,70,70,70,70,70,70,70,70,70,70,70,70,70,70,70,70],"card_choices":[{"not_picked":["Poisoned Stab","Predator"],"picked":"Dash","floor":1.0},{"not_picked":["Prepared","Slice"],"picked":"Finisher","floor":4.0},{"not_picked":["PiercingWail","Quick Slash"],"picked":"Well Laid Plans","floor":6.0},{"not_picked":["Prepared","Bane"],"picked":"Crippling Poison","floor":8.0},{"not_picked":["Outmaneuver","Flechettes"],"picked":"Bouncing Flask","floor":11.0},{"not_picked":["Deadly Poison","Slice"],"picked":"Acrobatics","floor":12.0},{"not_picked":["Finisher","Flying Knee"],"picked":"Adrenaline","floor":13.0},{"not_picked":["Venomology","Grand Finale"],"picked":"Bullet Time","floor":16.0},{"not_picked":["Predator","Underhanded Strike"],"picked":"Cloak And Dagger","floor":18.0},{"not_picked":["Quick Slash","Blade Dance"],"picked":"Prepared","floor":19.0},{"not_picked":["Venomology","Deadly Poison","Well Laid Plans"],"picked":"SKIP","floor":22.0},{"not_picked":["Sucker Punch","Dagger Throw"],"picked":"Acrobatics","floor":25.0},{"not_picked":["Eviscerate+1","Quick Slash","Bane+1"],"picked":"SKIP","floor":28.0},{"not_picked":["Setup+1","Flying Knee","Deflect"],"picked":"SKIP","floor":31.0},{"not_picked":["Phantasmal Killer","Storm of Steel"],"picked":"Malaise","floor":33.0},{"not_picked":["Dodge and Roll","Dash","Outmaneuver"],"picked":"SKIP","floor":35.0},{"not_picked":["Well Laid Plans","Quick Slash+1"],"picked":"Tactician+1","floor":37.0},{"not_picked":["Poisoned Stab","Dagger Spray+1"],"picked":"Acrobatics+1","floor":39.0},{"not_picked":["Acrobatics","Bane","Predator"],"picked":"SKIP","floor":40.0},{"not_picked":["Deflect","Poisoned Stab"],"picked":"Blur+1","floor":41.0},{"not_picked":["Poisoned Stab+1","Flechettes+1","Blade Dance"],"picked":"SKIP","floor":42.0},{"not_picked":["Endless Agony","Acrobatics","Phantasmal Killer"],"picked":"SKIP","floor":44},{"not_picked":["Sucker Punch+1","Poisoned Stab+1"],"picked":"Deadly Poison","floor":45},{"not_picked":["Sucker Punch+1","Concentrate"],"picked":"Reflex+1","floor":46},{"not_picked":["Cloak And Dagger","Slice"],"picked":"Catalyst+1","floor":48},{"not_picked":["Poisoned Stab+1","Underhanded Strike"],"picked":"Tactician","floor":54}],"player_experience":254679,"relics_obtained":[{"floor":3.0,"key":"Bag of Marbles"},{"floor":6.0,"key":"MawBank"},{"floor":9.0,"key":"Bottled Lightning"},{"floor":11.0,"key":"War Paint"},{"floor":26.0,"key":"Ornamental Fan"},{"floor":28.0,"key":"Ninja Scroll"},{"floor":36.0,"key":"Ice Cream"},{"floor":40.0,"key":"Centennial Puzzle"},{"floor":41.0,"key":"The Specimen"},{"floor":42.0,"key":"Whetstone"},{"floor":45,"key":"Bottled Tornado"},{"floor":47,"key":"Kunai"},{"floor":54,"key":"Paper Crane"}],"event_choices":[{"damage_healed":0.0,"max_hp_gain":0.0,"max_hp_loss":0.0,"gold_gain":0.0,"event_name":"Shining Light","player_choice":"Entered Light","floor":2.0,"gold_loss":0.0,"damage_taken":14.0,"cards_upgraded":["Strike_G","Strike_G"]},{"cards_removed":["Strike_G"],"damage_healed":0.0,"max_hp_gain":0.0,"max_hp_loss":0.0,"gold_gain":0.0,"event_name":"NoteForYourself","player_choice":"Took Card","floor":10.0,"gold_loss":0.0,"damage_taken":0.0,"cards_obtained":["Strike_B"]},{"damage_healed":0.0,"max_hp_gain":0.0,"max_hp_loss":0.0,"gold_gain":0.0,"event_name":"Match and Keep!","player_choice":"2 cards matched","floor":21.0,"gold_loss":0.0,"damage_taken":0.0,"cards_obtained":["Adrenaline","Dark Shackles"]},{"damage_healed":0.0,"max_hp_gain":0.0,"max_hp_loss":0.0,"gold_gain":0.0,"event_name":"The Woman in Blue","player_choice":"Bought 0 Potions","floor":23.0,"gold_loss":0.0,"damage_taken":0.0},{"damage_healed":0.0,"max_hp_gain":0.0,"max_hp_loss":0.0,"gold_gain":0.0,"event_name":"Mysterious Sphere","player_choice":"Fight","floor":36.0,"gold_loss":0.0,"damage_taken":0.0},{"damage_healed":0.0,"max_hp_gain":0.0,"max_hp_loss":0.0,"gold_gain":0.0,"event_name":"MindBloom","player_choice":"Fight","floor":41.0,"gold_loss":0.0,"damage_taken":0.0}],"is_beta":false,"boss_relics":[{"not_picked":["White Beast Statue","Black Star"],"picked":"Astrolabe"},{"not_picked":["Eternal Feather","Tiny House"],"picked":"Cursed Key"}],"items_purged_floors":[14,20,53],"is_endless":false,"potions_floor_spawned":[8,11,12,13,28,31,33,40,41,42,45,46],"ascension_level":0}