{"gold_per_floor":[215,215,227,227,11,11,31,56,132,207,207,226,226,256,256,256],"floor_reached":16,"playtime":530,"items_purged":[],"score":216,"play_id":"a29a0b1b-69b2-4708-b4bd-ffa5138104d2","local_time":"20190725204314","is_ascension_mode":true,"campfire_choices":[{"data":"Deadly Poison","floor":6.0,"key":"SMITH"},{"floor":11.0,"key":"REST"},{"data":"Crippling Poison","floor":13.0,"key":"SMITH"},{"data":"Dagger Spray","floor":15.0,"key":"SMITH"}],"neow_cost":"NONE","seed_source_timestamp":965011917510100,"circlet_count":0,"master_deck":["AscendersBane","Strike_G+1","Strike_G","Strike_G","Strike_G","Strike_G","Defend_G","Defend_G","Defend_G","Defend_G","Defend_G","Survivor","Neutralize+1","Dagger Spray+1","Crippling Poison+1","Deadly Poison+1","Bullet Time","Deflect","Deadly Poison"],"special_seed":0,"relics":["Ring of the Snake","Whetstone","Omamori","Pantograph"],"potions_floor_usage":[16,16],"damage_taken":[{"damage":3.0,"enemies":"2 Louse","floor":1.0,"turns":4.0},{"damage":2.0,"enemies":"Jaw Worm","floor":3.0,"turns":5.0},{"damage":2.0,"enemies":"Small Slimes","floor":7.0,"turns":3.0},{"damage":27.0,"enemies":"Lagavulin","floor":8.0,"turns":6.0},{"damage":0.0,"enemies":"3 Louse","floor":12.0,"turns":2.0},{"damage":25.0,"enemies":"3 Sentries","floor":14.0,"turns":8.0},{"damage":45,"enemies":"Slime Boss","floor":16,"turns":6}],"seed_played":"-309602807925452690","potions_obtained":[{"floor":3.0,"key":"AttackPotion"},{"floor":8.0,"key":"AttackPotion"},{"floor":12.0,"key":"FearPotion"}],"is_trial":false,"path_per_floor":["M","?","M","?","$","R","M","E","T","?","R","M","R","E","R","B"],"character_chosen":"THE_SILENT","items_purchased":["Deadly Poison","Whetstone"],"campfire_rested":1,"item_purchase_floors":[5,5],"current_hp_per_floor":[56,56,54,59,59,59,57,30,30,19,40,40,40,15,15,0],"gold":256,"neow_bonus":"HUNDRED_GOLD","is_prod":false,"is_daily":false,"chose_seed":false,"campfire_upgraded":3,"win_rate":0,"timestamp":1564101794,"path_taken":["M","?","M","?","$","R","?","E","T","?","R","M","R","E","R","BOSS"],"build_version":"2019-07-17","purchased_purges":0,"victory":false,"max_hp_per_floor":[66,66,66,71,71,71,71,71,71,71,71,71,71,71,71,71],"card_choices":[{"not_picked":["PiercingWail","Skewer"],"picked":"Dagger Spray","floor":1.0},{"not_picked":["Expertise","Cloak And Dagger"],"picked":"Crippling Poison","floor":3.0},{"not_picked":["Riddle With Holes","Terror","Sucker Punch"],"picked":"SKIP","floor":7.0},{"not_picked":["Prepared","PiercingWail"],"picked":"Bullet Time","floor":8.0},{"not_picked":["Deadly Poison","Underhanded Strike"],"picked":"Deflect","floor":12.0},{"not_picked":["Concentrate","Poisoned Stab"],"picked":"Deadly Poison","floor":14.0}],"player_experience":1392722,"relics_obtained":[{"floor":8.0,"key":"Omamori"},{"floor":14.0,"key":"Pantograph"}],"event_choices":[{"damage_healed":0.0,"max_hp_gain":0.0,"max_hp_loss":0.0,"gold_gain":0.0,"event_name":"The Cleric","player_choice":"Leave","floor":2.0,"gold_loss":0.0,"damage_taken":0.0},{"damage_healed":0.0,"max_hp_gain":5.0,"max_hp_loss":0.0,"gold_gain":0.0,"event_name":"Big Fish","player_choice":"Donut","floor":4.0,"gold_loss":0.0,"damage_taken":0.0},{"damage_healed":0.0,"max_hp_gain":0.0,"max_hp_loss":0.0,"gold_gain":75.0,"event_name":"World of Goop","player_choice":"Gather Gold","floor":10.0,"gold_loss":0.0,"damage_taken":11.0}],"is_beta":false,"boss_relics":[],"items_purged_floors":[],"is_endless":false,"potions_floor_spawned":[3,8,12],"killed_by":"Slime Boss","ascension_level":20}