{"gold_per_floor":[110,130,130,10,10,35,35,54,54,85,100,120,145,163,163,236,236,246,36,49,66,80,80,95,124,199,199,229,229,229,229,229,304,304,322,23,23,38,58,58,58,83,83,43,57,90,90,107,107,107,107],"floor_reached":51,"playtime":2600,"items_purged":["Strike_G","Strike_G"],"score":1534,"play_id":"4841d3a9-125c-4af2-a182-a43cda717d55","local_time":"20190830151856","is_ascension_mode":true,"campfire_choices":[{"floor":7.0,"key":"REST"},{"floor":15.0,"key":"REST"},{"floor":23.0,"key":"REST"},{"floor":29.0,"key":"REST"},{"data":"Catalyst","floor":32.0,"key":"SMITH"},{"floor":40.0,"key":"REST"},{"floor":47.0,"key":"RECALL"},{"floor":49,"key":"REST"}],"neow_cost":"NONE","seed_source_timestamp":111567387818700,"circlet_count":0,"master_deck":["AscendersBane","Strike_G","Defend_G","Defend_G","Defend_G","Defend_G","Survivor","Neutralize","Flying Knee","Leg Sweep","Dash","Noxious Fumes","PiercingWail","Deadly Poison","Well Laid Plans","Backstab","Crippling Poison","Catalyst+1","Crippling Poison","Adrenaline","Leg Sweep","Dagger Spray","Predator","Noxious Fumes","Backflip","Predator","Catalyst","Well Laid Plans","Flying Knee","Dagger Throw","Writhe","Adrenaline","Die Die Die","Apotheosis","Corpse Explosion","Acrobatics","Footwork","Deflect+1"],"special_seed":0,"relics":["Ring of the Serpent","Prayer Wheel","Mercury Hourglass","Matryoshka","Gremlin Horn","HoveringKite","Mango","Dream Catcher","Mummified Hand","Ice Cream","Snake Skull","Bronze Scales","Orichalcum","Pen Nib","Pear"],"potions_floor_usage":[50],"damage_taken":[{"damage":7.0,"enemies":"Jaw Worm","floor":1.0,"turns":6.0},{"damage":3.0,"enemies":"Small Slimes","floor":2.0,"turns":4.0},{"damage":27.0,"enemies":"Lagavulin","floor":6.0,"turns":12.0},{"damage":2.0,"enemies":"Cultist","floor":8.0,"turns":5.0},{"damage":12.0,"enemies":"3 Sentries","floor":10.0,"turns":6.0},{"damage":6.0,"enemies":"Lots of Slimes","floor":11.0,"turns":3.0},{"damage":0.0,"enemies":"Blue Slaver","floor":12.0,"turns":4.0},{"damage":6.0,"enemies":"Lagavulin","floor":13.0,"turns":7.0},{"damage":0.0,"enemies":"Looter","floor":14.0,"turns":3.0},{"damage":17.0,"enemies":"The Guardian","floor":16.0,"turns":11.0},{"damage":12.0,"enemies":"Chosen","floor":18.0,"turns":5.0},{"damage":10.0,"enemies":"2 Thieves","floor":20.0,"turns":3.0},{"damage":10.0,"enemies":"Snake Plant","floor":21.0,"turns":4.0},{"damage":8.0,"enemies":"Centurion and Healer","floor":22.0,"turns":6.0},{"damage":0.0,"enemies":"Snecko","floor":24.0,"turns":5.0},{"damage":16.0,"enemies":"Gremlin Leader","floor":25.0,"turns":6.0},{"damage":25.0,"enemies":"Book of Stabbing","floor":28.0,"turns":5.0},{"damage":6.0,"enemies":"Champ","floor":33.0,"turns":10.0},{"damage":6.0,"enemies":"3 Shapes","floor":35.0,"turns":4.0},{"damage":20.0,"enemies":"3 Darklings","floor":38.0,"turns":3.0},{"damage":10.0,"enemies":"Maw","floor":39.0,"turns":5.0},{"damage":23.0,"enemies":"Giant Head","floor":42.0,"turns":6.0},{"damage":0.0,"enemies":"Transient","floor":45.0,"turns":6.0},{"damage":18.0,"enemies":"Reptomancer","floor":46.0,"turns":5.0},{"damage":11,"enemies":"Sphere and 2 Shapes","floor":48,"turns":4},{"damage":35,"enemies":"Donu and Deca","floor":50,"turns":6},{"damage":17,"enemies":"Awakened One","floor":51,"turns":1}],"seed_played":"2416793048090146013","potions_obtained":[{"floor":0.0,"key":"Fire Potion"},{"floor":0.0,"key":"Explosive Potion"},{"floor":10.0,"key":"Block Potion"},{"floor":13.0,"key":"Dexterity Potion"},{"floor":21.0,"key":"PowerPotion"},{"floor":22.0,"key":"Block Potion"},{"floor":33.0,"key":"SteroidPotion"},{"floor":38.0,"key":"SkillPotion"},{"floor":42.0,"key":"Block Potion"},{"floor":44.0,"key":"SpeedPotion"},{"floor":48,"key":"Poison Potion"}],"is_trial":false,"path_per_floor":["M","M","?","$","?","E","R","M","T","E","M","M","E","M","R","B",null,"M","$","M","M","M","R","M","E","T","?","E","R","?","?","R","B",null,"M","$","T","M","M","R","?","E","T","?","M","E","R","M","R","B","B"],"character_chosen":"THE_SILENT","items_purchased":["Dash","Noxious Fumes","Predator","Fire Potion","Apotheosis"],"campfire_rested":6,"item_purchase_floors":[4,4,19,19,36],"current_hp_per_floor":[52,49,42,42,42,15,34,32,32,20,14,14,8,8,27,10,52,40,40,30,20,12,31,31,29,29,29,4,28,28,28,28,22,66,60,60,60,40,30,54,54,31,31,31,31,23,23,12,39,4,0],"gold":107,"neow_bonus":"THREE_SMALL_POTIONS","is_prod":false,"is_daily":false,"chose_seed":false,"campfire_upgraded":1,"win_rate":0,"timestamp":1567192736,"path_taken":["M","M","?","$","?","E","R","M","T","E","M","M","E","?","R","BOSS","M","?","M","M","?","R","M","E","T","?","E","R","?","?","R","BOSS","M","$","?","M","M","R","?","E","T","?","M","E","R","?","R","BOSS","BOSS"],"build_version":"2019-08-26","purchased_purges":2,"victory":false,"max_hp_per_floor":[66,66,66,66,66,66,66,66,66,66,66,66,66,66,66,66,66,66,66,66,66,66,66,66,80,80,80,80,80,80,80,80,80,80,80,80,80,80,80,80,80,80,80,80,80,90,90,90,90,90,90],"card_choices":[{"not_picked":["Quick Slash","Finisher"],"picked":"Flying Knee","floor":1.0},{"not_picked":["Cloak And Dagger","Reflex"],"picked":"Leg Sweep","floor":2.0},{"not_picked":["Quick Slash","Dagger Throw"],"picked":"PiercingWail","floor":6.0},{"not_picked":["Cloak And Dagger","Bane","Terror"],"picked":"SKIP","floor":8.0},{"not_picked":["Dodge and Roll","Bane","Sucker Punch"],"picked":"SKIP","floor":8.0},{"not_picked":["Escape Plan","Deflect"],"picked":"Deadly Poison","floor":10.0},{"not_picked":["Eviscerate","Quick Slash"],"picked":"Well Laid Plans","floor":11.0},{"not_picked":["Burst","Masterful Stab","Finisher"],"picked":"SKIP","floor":11.0},{"not_picked":["Reflex","Outmaneuver"],"picked":"Backstab","floor":12.0},{"not_picked":["Bane","Terror"],"picked":"Crippling Poison","floor":12.0},{"not_picked":["Poisoned Stab","Flying Knee"],"picked":"Catalyst","floor":13.0},{"not_picked":["Backflip","Sucker Punch"],"picked":"Crippling Poison","floor":14.0},{"not_picked":["Blade Dance","Sucker Punch","Slice"],"picked":"SKIP","floor":14.0},{"not_picked":["Doppelganger","A Thousand Cuts"],"picked":"Adrenaline","floor":16.0},{"not_picked":["Cloak And Dagger","Blade Dance"],"picked":"Leg Sweep","floor":18.0},{"not_picked":["Distraction+1","Flying Knee"],"picked":"Dagger Spray","floor":18.0},{"not_picked":["Terror","Underhanded Strike","Skewer"],"picked":"SKIP","floor":20.0},{"not_picked":["Dodge and Roll","Reflex+1","Quick Slash"],"picked":"SKIP","floor":20.0},{"not_picked":["Cloak And Dagger+1","Eviscerate+1"],"picked":"Noxious Fumes","floor":21.0},{"not_picked":["Dodge and Roll","Slice","Dagger Spray"],"picked":"SKIP","floor":21.0},{"not_picked":["Prepared","Deflect"],"picked":"Backflip","floor":22.0},{"not_picked":["Accuracy","Tools of the Trade"],"picked":"Predator","floor":22.0},{"not_picked":["Endless Agony","Dagger Throw"],"picked":"Catalyst","floor":24.0},{"not_picked":["Blade Dance","Cloak And Dagger"],"picked":"Well Laid Plans","floor":24.0},{"not_picked":["Sucker Punch","Quick Slash","Venomology"],"picked":"SKIP","floor":25.0},{"not_picked":["Unload","Heel Hook","Riddle With Holes"],"picked":"SKIP","floor":28.0},{"not_picked":["Unload","Bullet Time"],"picked":"Die Die Die","floor":33.0},{"not_picked":["Quick Slash","Dagger Throw","Caltrops"],"picked":"SKIP","floor":35.0},{"not_picked":["Distraction","Dagger Spray","Deflect"],"picked":"SKIP","floor":35.0},{"not_picked":["Bane","PiercingWail"],"picked":"Corpse Explosion","floor":38.0},{"not_picked":["Accuracy+1","Flying Knee","Dodge and Roll+1"],"picked":"SKIP","floor":38.0},{"not_picked":["Dagger Spray","All Out Attack+1"],"picked":"Acrobatics","floor":39.0},{"not_picked":["Finisher","Blade Dance+1","Riddle With Holes"],"picked":"SKIP","floor":39.0},{"not_picked":["Dagger Throw","Dodge and Roll+1"],"picked":"Footwork","floor":40.0},{"not_picked":["All Out Attack","Dagger Spray","Riddle With Holes"],"picked":"SKIP","floor":42.0},{"not_picked":["Eviscerate","Deadly Poison+1"],"picked":"Deflect+1","floor":45.0},{"not_picked":["Sucker Punch","Outmaneuver+1","Underhanded Strike+1"],"picked":"SKIP","floor":45.0},{"not_picked":["Dagger Throw+1","Blade Dance","Poisoned Stab"],"picked":"SKIP","floor":46.0},{"not_picked":["Riddle With Holes","All Out Attack+1","Cloak And Dagger"],"picked":"SKIP","floor":48},{"not_picked":["Predator","Dagger Throw","Outmaneuver"],"picked":"SKIP","floor":48}],"player_experience":816787,"relics_obtained":[{"floor":6.0,"key":"Prayer Wheel"},{"floor":9.0,"key":"Mercury Hourglass"},{"floor":10.0,"key":"Matryoshka"},{"floor":13.0,"key":"Gremlin Horn"},{"floor":25.0,"key":"Mango"},{"floor":26.0,"key":"Dream Catcher"},{"floor":26.0,"key":"Mummified Hand"},{"floor":28.0,"key":"Ice Cream"},{"floor":37.0,"key":"Bronze Scales"},{"floor":42.0,"key":"Orichalcum"},{"floor":43.0,"key":"Pen Nib"},{"floor":46.0,"key":"Pear"}],"event_choices":[{"cards_removed":["Defend_G"],"damage_healed":0.0,"max_hp_gain":0.0,"max_hp_loss":0.0,"gold_gain":0.0,"event_name":"Golden Wing","player_choice":"Card Removal","floor":3.0,"gold_loss":0.0,"damage_taken":7.0},{"damage_healed":0.0,"max_hp_gain":0.0,"max_hp_loss":0.0,"gold_gain":0.0,"event_name":"Lab","player_choice":"Got Potions","floor":5.0,"gold_loss":0.0,"damage_taken":0.0},{"damage_healed":0.0,"max_hp_gain":0.0,"max_hp_loss":0.0,"gold_gain":0.0,"cards_transformed":["Strike_G","Strike_G"],"event_name":"Drug Dealer","player_choice":"Became Test Subject","floor":27.0,"gold_loss":0.0,"damage_taken":0.0,"cards_obtained":["Flying Knee","Dagger Throw"]},{"damage_healed":0.0,"max_hp_gain":0.0,"max_hp_loss":0.0,"gold_gain":0.0,"event_name":"The Mausoleum","player_choice":"Opened","floor":30.0,"gold_loss":0.0,"damage_taken":0.0,"relics_obtained":["Snake Skull"],"cards_obtained":["Writhe"]},{"damage_healed":0.0,"max_hp_gain":0.0,"max_hp_loss":0.0,"gold_gain":0.0,"event_name":"Duplicator","player_choice":"Copied","floor":31.0,"gold_loss":0.0,"damage_taken":0.0,"cards_obtained":["Adrenaline"]},{"damage_healed":0.0,"max_hp_gain":0.0,"max_hp_loss":0.0,"gold_gain":0.0,"event_name":"SensoryStone","player_choice":"Memory 1","floor":41.0,"gold_loss":0.0,"damage_taken":0.0},{"damage_healed":0.0,"max_hp_gain":0.0,"max_hp_loss":0.0,"gold_gain":0.0,"event_name":"The Woman in Blue","player_choice":"Bought 3 Potions","floor":44.0,"gold_loss":0.0,"damage_taken":0.0}],"is_beta":true,"boss_relics":[{"not_picked":["Cursed Key","Runic Dome"],"picked":"HoveringKite"},{"not_picked":["WristBlade","Orrery"],"picked":"Ring of the Serpent"}],"items_purged_floors":[19,36],"is_endless":false,"potions_floor_spawned":[2,6,10,13,16,21,22,33,38,42,45,48],"killed_by":"Awakened One","ascension_level":20}