{"gold_per_floor":[117,117,132,150,161,161,181,181,181,181,191,206,241,259,259,364,364,377,377,143,43,142,142,160,160,160,160,179,191,218,234,234,337,387,406,406,1405,856,872,872,494,511,511,542,542,572,110,121,121,121],"floor_reached":51,"playtime":2567,"items_purged":["Strike_G","Strike_G","Strike_G+1"],"score":909,"play_id":"d5a7bb34-f50e-4250-9959-f01a740d64fb","local_time":"20190831124849","is_ascension_mode":false,"campfire_choices":[{"data":"Neutralize","floor":6.0,"key":"SMITH"},{"data":"All Out Attack","floor":8.0,"key":"SMITH"},{"data":"Deadly Poison","floor":10.0,"key":"SMITH"},{"data":"Deadly Poison","floor":15.0,"key":"SMITH"},{"data":"Footwork","floor":23.0,"key":"SMITH"},{"data":"Skewer","floor":25.0,"key":"SMITH"},{"data":"Bouncing Flask","floor":27.0,"key":"SMITH"},{"data":"Cloak And Dagger","floor":32.0,"key":"SMITH"},{"data":"Terror","floor":40.0,"key":"SMITH"},{"data":"Mayhem","floor":45,"key":"SMITH"},{"data":"Envenom","floor":49,"key":"SMITH"}],"neow_cost":"NONE","seed_source_timestamp":928292598639600,"circlet_count":0,"master_deck":["Defend_G","Defend_G","Defend_G","Defend_G","Defend_G","Survivor","Neutralize+1","Deadly Poison+1","All Out Attack+1","Deadly Poison+1","Skewer+1","Cloak And Dagger+1","Blur","Flying Knee","Dodge and Roll","Venomology","Acrobatics","Footwork+1","Bouncing Flask+1","Deflect","Bane+1","Acrobatics","Caltrops","Terror+1","Leg Sweep+1","Mayhem+1","Sucker Punch+1","Envenom+1","PiercingWail","Blur"],"special_seed":0,"relics":["Ring of the Snake","Mummified Hand","Omamori","Busted Crown","Vajra","PreservedInsect","Tiny House","Membership Card","Bronze Scales","Sundial","HandDrill","Ornamental Fan","Art of War","Pear","Ice Cream","Incense Burner","TwistedFunnel","Dream Catcher","Pantograph"],"potions_floor_usage":[42,44,48,48,50,50,50],"damage_taken":[{"damage":0.0,"enemies":"Jaw Worm","floor":1.0,"turns":6.0},{"damage":0.0,"enemies":"2 Louse","floor":3.0,"turns":3.0},{"damage":0.0,"enemies":"Cultist","floor":4.0,"turns":3.0},{"damage":0.0,"enemies":"Looter","floor":5.0,"turns":4.0},{"damage":4.0,"enemies":"Blue Slaver","floor":7.0,"turns":4.0},{"damage":0.0,"enemies":"Exordium Thugs","floor":11.0,"turns":3.0},{"damage":0.0,"enemies":"2 Fungi Beasts","floor":12.0,"turns":3.0},{"damage":14.0,"enemies":"3 Sentries","floor":13.0,"turns":6.0},{"damage":1.0,"enemies":"Looter","floor":14.0,"turns":3.0},{"damage":10.0,"enemies":"The Guardian","floor":16.0,"turns":9.0},{"damage":6.0,"enemies":"Spheric Guardian","floor":18.0,"turns":6.0},{"damage":0.0,"enemies":"Shell Parasite","floor":24.0,"turns":5.0},{"damage":0.0,"enemies":"Snecko","floor":28.0,"turns":3.0},{"damage":10.0,"enemies":"Snake Plant","floor":29.0,"turns":4.0},{"damage":1.0,"enemies":"3 Cultists","floor":31.0,"turns":5.0},{"damage":0.0,"enemies":"Automaton","floor":33.0,"turns":11.0},{"damage":9.0,"enemies":"3 Darklings","floor":35.0,"turns":10.0},{"damage":0.0,"enemies":"Orb Walker","floor":39.0,"turns":4.0},{"damage":0,"enemies":"Jaw Worm Horde","floor":42,"turns":4},{"damage":0,"enemies":"Nemesis","floor":44,"turns":5},{"damage":0,"enemies":"Reptomancer","floor":46,"turns":6},{"damage":10,"enemies":"Spire Growth","floor":48,"turns":4},{"damage":0,"enemies":"Awakened One","floor":50,"turns":13}],"seed_played":"8701430160514720022","potions_obtained":[{"floor":1.0,"key":"Fire Potion"},{"floor":3.0,"key":"PowerPotion"},{"floor":12.0,"key":"Regen Potion"},{"floor":14.0,"key":"Swift Potion"},{"floor":18.0,"key":"EntropicBrew"},{"floor":28.0,"key":"FearPotion"},{"floor":31.0,"key":"SkillPotion"},{"floor":34.0,"key":"PowerPotion"},{"floor":42,"key":"SkillPotion"},{"floor":48,"key":"EssenceOfSteel"}],"is_trial":false,"path_per_floor":["M","?","M","M","M","R","M","R","T","R","M","M","E","M","R","B",null,"M","?","$","$","?","R","M","R","T","R","M","M","T","M","R","B",null,"M","?","?","$","M","R","$","M","T","E","R","E","$","M","R","B",null],"character_chosen":"THE_SILENT","items_purchased":["Footwork","Bouncing Flask","Deflect","Membership Card","Bronze Scales","Sundial","Acrobatics","Caltrops","Terror","HandDrill","Ornamental Fan","Mayhem","Art of War","TwistedFunnel","Envenom","PiercingWail","Blur","Dexterity Potion","Dream Catcher","Pantograph"],"campfire_rested":0,"item_purchase_floors":[20,20,20,38,38,38,38,38,38,41,41,41,41,47,47,47,47,47,47,47],"current_hp_per_floor":[70,75,75,75,75,75,71,71,71,71,71,71,57,56,56,46,75,69,69,69,69,69,69,69,69,69,69,69,59,59,58,58,58,80,80,80,80,80,80,80,80,80,90,90,90,90,90,80,80,90],"gold":121,"neow_bonus":"REMOVE_CARD","is_prod":false,"is_daily":false,"chose_seed":false,"campfire_upgraded":11,"win_rate":1,"timestamp":1567223329,"path_taken":["M","?","M","M","M","R","M","R","T","R","M","M","E","M","R","BOSS","M","?","?","$","?","R","M","R","T","R","M","M","?","M","R","BOSS","M","?","?","$","?","R","$","M","T","E","R","E","$","M","R","BOSS"],"build_version":"2019-07-17","purchased_purges":3,"victory":true,"max_hp_per_floor":[70,75,75,75,75,75,75,75,75,75,75,75,75,75,75,75,75,75,75,75,75,75,75,75,75,75,75,75,75,75,75,75,75,80,80,80,80,80,80,80,80,80,90,90,90,90,90,90,90,90],"card_choices":[{"not_picked":["Terror","Deflect"],"picked":"Quick Slash","floor":1.0},{"not_picked":["Prepared","Outmaneuver"],"picked":"Deadly Poison","floor":3.0},{"not_picked":["Flying Knee","Blur"],"picked":"All Out Attack","floor":4.0},{"not_picked":["Phantasmal Killer","Underhanded Strike"],"picked":"Deadly Poison","floor":5.0},{"not_picked":["Blade Dance","Deflect"],"picked":"Skewer","floor":7.0},{"not_picked":["Blade Dance","Accuracy"],"picked":"Cloak And Dagger","floor":11.0},{"not_picked":["Prepared","All Out Attack"],"picked":"Blur","floor":12.0},{"not_picked":["Reflex","Deflect"],"picked":"Flying Knee","floor":13.0},{"not_picked":["Reflex","Skewer"],"picked":"Dodge and Roll","floor":14.0},{"not_picked":["Phantasmal Killer","Unload"],"picked":"Venomology","floor":16.0},{"not_picked":["Dodge and Roll"],"picked":"SKIP","floor":18.0},{"not_picked":["Skewer"],"picked":"SKIP","floor":24.0},{"not_picked":["Sucker Punch"],"picked":"SKIP","floor":28.0},{"not_picked":["Dagger Throw"],"picked":"SKIP","floor":29.0},{"not_picked":["Poisoned Stab"],"picked":"SKIP","floor":31.0},{"not_picked":[],"picked":"Bane+1","floor":34.0},{"not_picked":["Concentrate"],"picked":"SKIP","floor":35.0},{"not_picked":[],"picked":"Leg Sweep+1","floor":39.0},{"not_picked":["Blade Dance"],"picked":"SKIP","floor":42},{"not_picked":[],"picked":"Sucker Punch+1","floor":44},{"not_picked":["Dagger Spray+1"],"picked":"SKIP","floor":46},{"not_picked":["Calculated Gamble"],"picked":"SKIP","floor":48}],"player_experience":308811,"relics_obtained":[{"floor":9.0,"key":"Mummified Hand"},{"floor":13.0,"key":"Omamori"},{"floor":26.0,"key":"Vajra"},{"floor":30.0,"key":"PreservedInsect"},{"floor":43,"key":"Pear"},{"floor":44,"key":"Ice Cream"},{"floor":46,"key":"Incense Burner"}],"event_choices":[{"damage_healed":0.0,"max_hp_gain":5.0,"max_hp_loss":0.0,"gold_gain":0.0,"event_name":"Big Fish","player_choice":"Donut","floor":2.0,"gold_loss":0.0,"damage_taken":0.0},{"damage_healed":0.0,"max_hp_gain":0.0,"max_hp_loss":0.0,"gold_gain":0.0,"cards_transformed":["Strike_G"],"event_name":"Transmorgrifier","player_choice":"Transformed","floor":19.0,"gold_loss":0.0,"damage_taken":0.0,"cards_obtained":["Acrobatics"]},{"damage_healed":0.0,"max_hp_gain":0.0,"max_hp_loss":0.0,"gold_gain":99.0,"event_name":"Nest","player_choice":"Stole From Cult","floor":22.0,"gold_loss":0.0,"damage_taken":0.0},{"cards_removed":["Quick Slash"],"damage_healed":0.0,"max_hp_gain":0.0,"max_hp_loss":0.0,"gold_gain":0.0,"event_name":"Falling","player_choice":"Removed Attack","floor":36.0,"gold_loss":0.0,"damage_taken":0.0},{"damage_healed":0.0,"max_hp_gain":0.0,"max_hp_loss":0.0,"gold_gain":999.0,"event_name":"MindBloom","player_choice":"Gold","floor":37.0,"gold_loss":0.0,"damage_taken":0.0,"cards_obtained":["Normality","Normality"]}],"is_beta":false,"boss_relics":[{"not_picked":["Lizard Tail","Eternal Feather"],"picked":"Busted Crown"},{"not_picked":["WristBlade","Velvet Choker"],"picked":"Tiny House"}],"items_purged_floors":[20,21,38],"is_endless":false,"potions_floor_spawned":[1,3,12,14,16,18,28,29,31,42,46,48],"ascension_level":0}