{"gold_per_floor":[119,133,0,0,10,36,36,66,93,121,136,136,163,222,222,295,295,312,312,328,0,16,49,61,61,84,111,111,127,143,143,143,216,216,235,235,535,149,164,164,164,164,238,257,269,269,295,307,307,307],"floor_reached":50,"playtime":2160,"items_purged":["Strike_B","Strike_B"],"score":1355,"play_id":"4e574919-ca61-4a11-be7f-7100605f2494","local_time":"20190628112223","is_ascension_mode":true,"campfire_choices":[{"floor":7.0,"key":"REST"},{"floor":15.0,"key":"REST"},{"floor":25.0,"key":"REST"},{"floor":32.0,"key":"REST"},{"data":"Defragment","floor":40.0,"key":"SMITH"},{"floor":42.0,"key":"RECALL"},{"data":"Loop","floor":49,"key":"SMITH"}],"neow_cost":"NONE","seed_source_timestamp":0,"circlet_count":0,"master_deck":["AscendersBane","Strike_B","Strike_B","Defend_B","Defend_B","Defend_B","Defend_B","Zap","Dualcast","Barrage","Cold Snap","Ball Lightning","Chill","Blizzard","Capacitor","Rebound","Cold Snap","Electrodynamics","Defragment","All For One","Streamline","Streamline","Blizzard+1","Conserve Battery+1","Chill","Cold Snap","Ball Lightning","Biased Cognition","Cold Snap+1","Loop+1","Defragment+1","Glacier","Consume","Double Energy","Defragment+1","Compile Driver"],"special_seed":0,"relics":["Cracked Core","Pen Nib","Regal Pillow","DataDisk","Nunchaku","Juzu Bracelet","Pocketwatch","Philosopher\u0027s Stone","FossilizedHelix","Dodecahedron","Anchor","Art of War","Runic Pyramid","DollysMirror","Ancient Tea Set"],"potions_floor_usage":[47,50],"damage_taken":[{"damage":7.0,"enemies":"2 Louse","floor":1.0,"turns":3.0},{"damage":10.0,"enemies":"Small Slimes","floor":2.0,"turns":3.0},{"damage":7.0,"enemies":"Jaw Worm","floor":5.0,"turns":2.0},{"damage":17.0,"enemies":"Lagavulin","floor":6.0,"turns":6.0},{"damage":4.0,"enemies":"3 Sentries","floor":8.0,"turns":5.0},{"damage":26.0,"enemies":"Gremlin Nob","floor":10.0,"turns":4.0},{"damage":0.0,"enemies":"Blue Slaver","floor":11.0,"turns":3.0},{"damage":12.0,"enemies":"3 Sentries","floor":13.0,"turns":6.0},{"damage":31.0,"enemies":"Lagavulin Event","floor":14.0,"turns":6.0},{"damage":0.0,"enemies":"Slime Boss","floor":16.0,"turns":5.0},{"damage":19.0,"enemies":"3 Byrds","floor":18.0,"turns":2.0},{"damage":0.0,"enemies":"Spheric Guardian","floor":20.0,"turns":3.0},{"damage":0.0,"enemies":"Cultist and Chosen","floor":22.0,"turns":4.0},{"damage":60.0,"enemies":"Book of Stabbing","floor":23.0,"turns":4.0},{"damage":0.0,"enemies":"Chosen and Byrds","floor":24.0,"turns":4.0},{"damage":0.0,"enemies":"Gremlin Leader","floor":27.0,"turns":6.0},{"damage":13.0,"enemies":"Shelled Parasite and Fungi","floor":29.0,"turns":4.0},{"damage":9.0,"enemies":"Snake Plant","floor":30.0,"turns":3.0},{"damage":47.0,"enemies":"Champ","floor":33.0,"turns":12.0},{"damage":0.0,"enemies":"3 Darklings","floor":35.0,"turns":2.0},{"damage":0.0,"enemies":"Orb Walker","floor":39.0,"turns":3.0},{"damage":1.0,"enemies":"Writhing Mass","floor":44.0,"turns":7.0},{"damage":0.0,"enemies":"4 Shapes","floor":45.0,"turns":3.0},{"damage":0,"enemies":"Reptomancer","floor":47,"turns":6},{"damage":4,"enemies":"Maw","floor":48,"turns":9},{"damage":56,"enemies":"Time Eater","floor":50,"turns":8}],"seed_played":"-2365425640915628872","potions_obtained":[{"floor":1.0,"key":"SteroidPotion"},{"floor":2.0,"key":"Swift Potion"},{"floor":6.0,"key":"Fire Potion"},{"floor":16.0,"key":"Regen Potion"},{"floor":18.0,"key":"SkillPotion"},{"floor":24.0,"key":"SpeedPotion"},{"floor":27.0,"key":"SneckoOil"},{"floor":28.0,"key":"Strength Potion"},{"floor":33.0,"key":"Energy Potion"},{"floor":39.0,"key":"Dexterity Potion"},{"floor":45.0,"key":"LiquidBronze"},{"floor":48,"key":"AttackPotion"}],"is_trial":false,"path_per_floor":["M","M","$","?","M","E","R","E","T","E","M","?","E","?","R","B",null,"M","?","M","$","M","E","M","R","T","E","?","M","M","?","R","B",null,"M","?","?","$","M","R","?","R","T","M","M","?","E","M","R","B"],"character_chosen":"DEFECT","items_purchased":["Ball Lightning","FossilizedHelix","Loop","DollysMirror"],"campfire_rested":4,"item_purchase_floors":[3,21,38,38],"current_hp_per_floor":[64,54,54,54,47,30,53,49,49,23,23,49,37,6,44,44,70,51,51,51,51,51,3,3,41,41,41,41,28,19,19,57,10,61,61,61,61,61,61,61,61,61,61,60,60,60,60,56,56,0],"gold":307,"neow_bonus":"TEN_PERCENT_HP_BONUS","is_prod":false,"is_daily":false,"chose_seed":false,"campfire_upgraded":2,"win_rate":0,"timestamp":1561735343,"path_taken":["M","M","$","?","M","E","R","E","T","E","M","?","E","?","R","BOSS","M","?","M","$","M","E","M","R","T","E","?","M","M","?","R","BOSS","M","?","?","$","M","R","?","R","T","M","M","?","E","M","R","BOSS"],"build_version":"2019-01-23","purchased_purges":2,"victory":false,"max_hp_per_floor":[78,78,78,78,78,78,78,78,78,78,78,78,78,78,78,78,78,78,78,78,78,78,78,78,78,78,78,78,78,78,78,78,78,78,78,78,78,78,78,78,78,78,78,78,78,78,78,78,78,78],"card_choices":[{"not_picked":["Reprogram","Conserve Battery"],"picked":"Barrage","floor":1.0},{"not_picked":["Rebound","White Noise"],"picked":"Cold Snap","floor":2.0},{"not_picked":["Blizzard","Stack"],"picked":"Chill","floor":5.0},{"not_picked":["Skim","Hello World"],"picked":"Blizzard","floor":6.0},{"not_picked":["Steam","Heatsinks"],"picked":"Capacitor","floor":8.0},{"not_picked":["Auto Shields","Amplify"],"picked":"Rebound","floor":10.0},{"not_picked":["Genetic Algorithm","Beam Cell"],"picked":"Cold Snap","floor":11.0},{"not_picked":["Capacitor","Consume"],"picked":"Electrodynamics","floor":13.0},{"not_picked":["Leap","Loop"],"picked":"Defragment","floor":14.0},{"not_picked":["Core Surge","Buffer"],"picked":"All For One","floor":16.0},{"not_picked":["Steam","Force Field"],"picked":"Streamline","floor":18.0},{"not_picked":["Ball Lightning","Auto Shields"],"picked":"Streamline","floor":20.0},{"not_picked":["Rebound","Cold Snap"],"picked":"Blizzard+1","floor":22.0},{"not_picked":["Heatsinks","Multi-Cast"],"picked":"Conserve Battery+1","floor":23.0},{"not_picked":["Sweeping Beam","Compile Driver"],"picked":"Chill","floor":24.0},{"not_picked":["Chaos","Double Energy"],"picked":"Cold Snap","floor":27.0},{"not_picked":["Redo","Tempest+1"],"picked":"Ball Lightning","floor":29.0},{"not_picked":["Gash","Melter","Force Field"],"picked":"SKIP","floor":30.0},{"not_picked":["Multi-Cast","Rainbow"],"picked":"Biased Cognition","floor":33.0},{"not_picked":["Coolheaded","Beam Cell"],"picked":"Cold Snap+1","floor":35.0},{"not_picked":["Barrage","Steam Power+1"],"picked":"Glacier","floor":39.0},{"not_picked":["Compile Driver","Go for the Eyes"],"picked":"Consume","floor":44.0},{"not_picked":["Cold Snap","Tempest"],"picked":"Double Energy","floor":45.0},{"not_picked":["BootSequence+1","Streamline+1","Stack"],"picked":"SKIP","floor":47},{"not_picked":["Leap","Steam"],"picked":"Compile Driver","floor":48}],"player_experience":1235295,"relics_obtained":[{"floor":6.0,"key":"Pen Nib"},{"floor":8.0,"key":"Regal Pillow"},{"floor":9.0,"key":"DataDisk"},{"floor":10.0,"key":"Nunchaku"},{"floor":13.0,"key":"Juzu Bracelet"},{"floor":14.0,"key":"Pocketwatch"},{"floor":23.0,"key":"Dodecahedron"},{"floor":26.0,"key":"Anchor"},{"floor":27.0,"key":"Art of War"},{"floor":47,"key":"Ancient Tea Set"}],"event_choices":[{"damage_healed":0.0,"max_hp_gain":0.0,"max_hp_loss":0.0,"gold_gain":0.0,"event_name":"The Cleric","player_choice":"Leave","floor":4.0,"gold_loss":0.0,"damage_taken":0.0},{"damage_healed":26.0,"max_hp_gain":0.0,"max_hp_loss":0.0,"gold_gain":0.0,"event_name":"Big Fish","player_choice":"Banana","floor":12.0,"gold_loss":0.0,"damage_taken":0.0},{"damage_healed":0.0,"max_hp_gain":0.0,"max_hp_loss":0.0,"gold_gain":0.0,"event_name":"Dead Adventurer","player_choice":"Searched \u00271\u0027 times","floor":14.0,"gold_loss":0.0,"damage_taken":0.0},{"damage_healed":0.0,"max_hp_gain":0.0,"max_hp_loss":0.0,"gold_gain":0.0,"event_name":"Lab","player_choice":"Got Potions","floor":28.0,"gold_loss":0.0,"damage_taken":0.0},{"damage_healed":0.0,"max_hp_gain":0.0,"max_hp_loss":0.0,"gold_gain":0.0,"event_name":"Cursed Tome","player_choice":"Ignored","floor":31.0,"gold_loss":0.0,"damage_taken":0.0},{"damage_healed":0.0,"max_hp_gain":0.0,"max_hp_loss":0.0,"gold_gain":0.0,"event_name":"Tomb of Lord Red Mask","player_choice":"Ignored","floor":36.0,"gold_loss":0.0,"damage_taken":0.0},{"damage_healed":0.0,"max_hp_gain":0.0,"max_hp_loss":0.0,"gold_gain":300.0,"event_name":"Wheel of Change","player_choice":"Gold","floor":37.0,"gold_loss":0.0,"damage_taken":0.0},{"damage_healed":0.0,"max_hp_gain":0.0,"max_hp_loss":0.0,"gold_gain":0.0,"event_name":"FaceTrader","player_choice":"Leave","floor":41.0,"gold_loss":0.0,"damage_taken":0.0},{"damage_healed":0.0,"max_hp_gain":0.0,"max_hp_loss":0.0,"gold_gain":0.0,"event_name":"Duplicator","player_choice":"Copied","floor":46.0,"gold_loss":0.0,"damage_taken":0.0,"cards_obtained":["Defragment"]}],"is_beta":false,"boss_relics":[{"not_picked":["Fusion Hammer","FrozenCore"],"picked":"Philosopher\u0027s Stone"},{"not_picked":["Sozu","Eternal Feather"],"picked":"Runic Pyramid"}],"items_purged_floors":[3,38],"is_endless":false,"potions_floor_spawned":[1,2,6,16,18,24,27,29,33,39,45,48],"killed_by":"Time Eater","ascension_level":20}