{"gold_per_floor":[118,118,31,41,53,63,63,97,97,132,152,152,167,185,185,261,261,271,271,271,116,116,116,116],"floor_reached":24,"playtime":679,"items_purged":["Normality"],"score":437,"play_id":"cbdf5cd8-f1ed-4dec-958a-0a53e2b2778a","local_time":"20190806085419","is_ascension_mode":true,"campfire_choices":[{"data":"Loop","floor":7.0,"key":"SMITH"},{"data":"Fission","floor":15.0,"key":"SMITH"},{"floor":23.0,"key":"REST"}],"neow_cost":"NONE","seed_source_timestamp":830464449572500,"circlet_count":0,"master_deck":["AscendersBane","Strike_B","Strike_B","Strike_B","Strike_B","Defend_B","Defend_B","Defend_B","Defend_B","Zap+1","Dualcast","Cold Snap","Loop+1","Leap","Doom and Gloom","Barrage","Cold Snap","Lockon","Fission+1","Seek","Doubt","Pain","Steam","Capacitor"],"special_seed":0,"relics":["Cracked Core","Bronze Scales","Bottled Tornado","Letter Opener","Darkstone Periapt","Calling Bell","Juzu Bracelet","Question Card","Torii"],"potions_floor_usage":[24],"damage_taken":[{"damage":5.0,"enemies":"2 Louse","floor":1.0,"turns":2.0},{"damage":0.0,"enemies":"Cultist","floor":4.0,"turns":4.0},{"damage":7.0,"enemies":"Small Slimes","floor":5.0,"turns":3.0},{"damage":7.0,"enemies":"Exordium Wildlife","floor":6.0,"turns":4.0},{"damage":22.0,"enemies":"Gremlin Nob","floor":8.0,"turns":4.0},{"damage":13.0,"enemies":"Lagavulin","floor":10.0,"turns":4.0},{"damage":6.0,"enemies":"Blue Slaver","floor":11.0,"turns":4.0},{"damage":0.0,"enemies":"Exordium Thugs","floor":13.0,"turns":3.0},{"damage":2.0,"enemies":"2 Fungi Beasts","floor":14.0,"turns":4.0},{"damage":2.0,"enemies":"Hexaghost","floor":16.0,"turns":5.0},{"damage":2.0,"enemies":"Chosen","floor":18.0,"turns":2.0},{"damage":75,"enemies":"Gremlin Leader","floor":24,"turns":7}],"seed_played":"-8631597506032104025","potions_obtained":[{"floor":4.0,"key":"AttackPotion"},{"floor":5.0,"key":"Weak Potion"},{"floor":13.0,"key":"Regen Potion"},{"floor":14.0,"key":"SkillPotion"},{"floor":16.0,"key":"Dexterity Potion"}],"is_trial":false,"path_per_floor":["M","?","$","M","M","M","R","E","T","E","M","?","M","M","R","B",null,"M","?","?","$","T","R","E"],"character_chosen":"DEFECT","items_purchased":["Loop","Capacitor"],"campfire_rested":1,"item_purchase_floors":[3,21],"current_hp_per_floor":[59,59,59,59,52,45,45,23,23,10,4,4,4,16,16,14,75,73,73,47,47,47,75,0],"gold":116,"neow_bonus":"RANDOM_COMMON_RELIC","is_prod":false,"is_daily":false,"chose_seed":false,"campfire_upgraded":2,"win_rate":0,"timestamp":1565096059,"path_taken":["M","?","$","M","?","M","R","E","T","E","M","?","M","M","R","BOSS","M","?","?","?","?","R","E"],"build_version":"2019-07-17","purchased_purges":1,"victory":false,"max_hp_per_floor":[71,71,71,71,71,71,71,71,71,71,71,71,71,71,71,71,89,89,89,94,94,94,94,94],"card_choices":[{"not_picked":["Coolheaded","Go for the Eyes"],"picked":"Cold Snap","floor":1.0},{"not_picked":["Skim","Gash"],"picked":"Leap","floor":4.0},{"not_picked":["Reinforced Body","Gash"],"picked":"Doom and Gloom","floor":5.0},{"not_picked":["Hologram","Fusion"],"picked":"Barrage","floor":6.0},{"not_picked":["Sweeping Beam","Rebound","Meteor Strike"],"picked":"SKIP","floor":8.0},{"not_picked":["Streamline","Redo"],"picked":"Cold Snap","floor":10.0},{"not_picked":["Cold Snap","Sweeping Beam"],"picked":"Lockon","floor":11.0},{"not_picked":["Stack","Blizzard","Barrage"],"picked":"SKIP","floor":13.0},{"not_picked":["Redo","Self Repair"],"picked":"Fission","floor":14.0},{"not_picked":["Rainbow","Reboot"],"picked":"Seek","floor":16.0},{"not_picked":["Chaos+1","Gash","Fusion"],"picked":"Steam","floor":18.0}],"player_experience":1435840,"relics_obtained":[{"floor":8.0,"key":"Bottled Tornado"},{"floor":9.0,"key":"Letter Opener"},{"floor":10.0,"key":"Darkstone Periapt"},{"floor":17.0,"key":"Juzu Bracelet"},{"floor":17.0,"key":"Question Card"},{"floor":17.0,"key":"Torii"}],"event_choices":[{"damage_healed":0.0,"max_hp_gain":0.0,"max_hp_loss":0.0,"gold_gain":0.0,"event_name":"Upgrade Shrine","player_choice":"Upgraded","floor":2.0,"gold_loss":0.0,"damage_taken":0.0,"cards_upgraded":["Zap"]},{"damage_healed":0.0,"max_hp_gain":0.0,"max_hp_loss":0.0,"gold_gain":0.0,"event_name":"Scrap Ooze","player_choice":"Fled","floor":12.0,"gold_loss":0.0,"damage_taken":0.0},{"damage_healed":0.0,"max_hp_gain":0.0,"max_hp_loss":0.0,"gold_gain":0.0,"event_name":"Ghosts","player_choice":"Ignored","floor":19.0,"gold_loss":0.0,"damage_taken":0.0},{"damage_healed":0.0,"max_hp_gain":5.0,"max_hp_loss":0.0,"gold_gain":0.0,"event_name":"Forgotten Altar","player_choice":"Shed Blood","floor":20.0,"gold_loss":0.0,"damage_taken":31.0}],"is_beta":false,"boss_relics":[{"not_picked":["Black Star","Tiny House"],"picked":"Calling Bell"}],"items_purged_floors":[21],"is_endless":false,"potions_floor_spawned":[4,5,13,14,16],"killed_by":"Gremlin Leader","ascension_level":20}