{"gold_per_floor":[111,128,146,25,41,41,70,80,80,80,42,217,236,260,260,359,359,371,470,485,497,524,524,556,571,571,571,64,97,97,115,115,210,210,228,246,258,480,1479,36,46,46,46,46,66,82,95,122,122,122],"floor_reached":51,"playtime":3462,"items_purged":["Strike_G","Strike_G","Normality"],"score":896,"play_id":"7c530eb8-5102-474f-b27d-990011205659","local_time":"20190825151421","is_ascension_mode":false,"campfire_choices":[{"data":"A Thousand Cuts","floor":6,"key":"SMITH"},{"data":"Well Laid Plans","floor":10,"key":"SMITH"},{"data":"Bouncing Flask","floor":15,"key":"SMITH"},{"data":"Burst","floor":23,"key":"SMITH"},{"data":"Footwork","floor":30,"key":"SMITH"},{"data":"Footwork","floor":32,"key":"SMITH"},{"data":"Footwork","floor":42,"key":"SMITH"},{"data":"Crippling Poison","floor":44,"key":"SMITH"},{"data":"Choke","floor":49,"key":"SMITH"}],"neow_cost":"NONE","seed_source_timestamp":417691504671900,"circlet_count":0,"master_deck":["Strike_G","Defend_G","Defend_G","Defend_G","Defend_G","Defend_G","Survivor","Neutralize","A Thousand Cuts+1","Dagger Throw","Dagger Spray","Well Laid Plans+1","Dagger Spray","Acrobatics","Adrenaline","Backflip","Bouncing Flask+1","Dodge and Roll","Footwork+1","Burst+1","Predator","Flechettes","Crippling Poison+1","Crippling Poison","Choke+1","Bullet Time","Sucker Punch","Dagger Throw","Backflip","Footwork+1","Dagger Throw","Corpse Explosion","Noxious Fumes+1","Corpse Explosion","Bouncing Flask","Footwork+1","Bullet Time","Blur","Reflex+1"],"relics":["Ring of the Snake","Pocketwatch","Omamori","Odd Mushroom","Snecko Eye","Red Mask","PreservedInsect","Ninja Scroll","Oddly Smooth Stone","Lee\u0027s Waffle","The Courier","Cursed Key","ClockworkSouvenir","Ice Cream","Anchor","Ginger","Gambling Chip","Question Card"],"potions_floor_usage":[50,50,50],"damage_taken":[{"damage":1,"enemies":"Cultist","floor":1,"turns":5},{"damage":0,"enemies":"2 Louse","floor":2,"turns":4},{"damage":2,"enemies":"Small Slimes","floor":3,"turns":5},{"damage":8,"enemies":"Exordium Wildlife","floor":5,"turns":4},{"damage":16,"enemies":"Lagavulin","floor":7,"turns":9},{"damage":2,"enemies":"Large Slime","floor":8,"turns":5},{"damage":1,"enemies":"Blue Slaver","floor":13,"turns":4},{"damage":0,"enemies":"The Mushroom Lair","floor":14,"turns":3},{"damage":0,"enemies":"The Guardian","floor":16,"turns":9},{"damage":7,"enemies":"Spheric Guardian","floor":18,"turns":5},{"damage":0,"enemies":"Chosen","floor":20,"turns":3},{"damage":15,"enemies":"Shelled Parasite and Fungi","floor":21,"turns":7},{"damage":0,"enemies":"Masked Bandits","floor":22,"turns":2},{"damage":7,"enemies":"Slavers","floor":24,"turns":4},{"damage":0,"enemies":"Centurion and Healer","floor":25,"turns":5},{"damage":0,"enemies":"Gremlin Leader","floor":29,"turns":3},{"damage":0,"enemies":"Cultist and Chosen","floor":31,"turns":4},{"damage":8,"enemies":"Champ","floor":33,"turns":8},{"damage":11,"enemies":"3 Shapes","floor":35,"turns":3},{"damage":0,"enemies":"Orb Walker","floor":36,"turns":2},{"damage":0,"enemies":"4 Shapes","floor":37,"turns":2},{"damage":0,"enemies":"Jaw Worm Horde","floor":41,"turns":2},{"damage":0,"enemies":"Maw","floor":45,"turns":5},{"damage":0,"enemies":"Spire Growth","floor":46,"turns":3},{"damage":0,"enemies":"4 Shapes","floor":47,"turns":1},{"damage":0,"enemies":"Giant Head","floor":48,"turns":5},{"damage":12,"enemies":"Time Eater","floor":50,"turns":9}],"seed_played":"6422305523899397030","potions_obtained":[{"floor":5,"key":"Weak Potion"},{"floor":13,"key":"GamblersBrew"},{"floor":14,"key":"Energy Potion"},{"floor":20,"key":"Strength Potion"},{"floor":48,"key":"Ancient Potion"}],"is_trial":false,"path_per_floor":["M","M","M","$","M","R","E","M","T","R","$","?","M","?","R","B",null,"M","?","M","M","?","R","E","M","T","?","$","E","R","M","R","B",null,"M","M","M","?","?","$","M","R","T","R","M","M","M","E","R","B",null],"character_chosen":"THE_SILENT","items_purchased":["Dagger Spray","Bouncing Flask","Oddly Smooth Stone","Backflip","Lee\u0027s Waffle","Corpse Explosion","Bouncing Flask","Footwork","Bullet Time","ClockworkSouvenir","Ice Cream","Anchor","Ginger","Gambling Chip"],"campfire_rested":0,"item_purchase_floors":[4,11,28,28,28,40,40,40,40,40,40,40,40,40],"current_hp_per_floor":[69,69,67,67,59,59,43,41,41,41,41,41,40,40,40,40,70,63,63,63,48,48,48,41,41,41,41,77,77,77,77,77,69,77,66,66,66,66,66,66,66,66,66,66,66,66,66,66,66,54],"gold":122,"neow_bonus":"ONE_RANDOM_RARE_CARD","is_prod":false,"is_daily":false,"chose_seed":false,"campfire_upgraded":9,"win_rate":1,"timestamp":1566713661,"path_taken":["M","M","M","?","M","R","E","M","T","R","$","?","M","?","R","BOSS","M","?","M","M","?","R","E","M","T","?","$","E","R","M","R","BOSS","M","M","M","?","?","$","M","R","T","R","?","M","M","E","R","BOSS"],"build_version":"2019-07-17","purchased_purges":3,"victory":true,"max_hp_per_floor":[70,70,70,70,70,70,70,70,70,70,70,70,70,70,70,70,70,70,70,70,70,70,70,70,70,70,70,77,77,77,77,77,77,77,77,77,77,77,77,77,77,77,77,77,77,77,77,77,77,77],"card_choices":[{"not_picked":["Slice","Underhanded Strike"],"picked":"Dagger Throw","floor":1},{"not_picked":["Terror","Acrobatics"],"picked":"Dagger Spray","floor":2},{"not_picked":["PiercingWail","Quick Slash"],"picked":"Well Laid Plans","floor":3},{"not_picked":["Finisher","Underhanded Strike"],"picked":"Acrobatics","floor":5},{"not_picked":["Concentrate","Deflect"],"picked":"Adrenaline","floor":7},{"not_picked":["Eviscerate","Acrobatics"],"picked":"Backflip","floor":8},{"not_picked":["Bane","Setup"],"picked":"Dodge and Roll","floor":13},{"not_picked":["Deflect","Bullet Time"],"picked":"Footwork","floor":14},{"not_picked":["Phantasmal Killer","Storm of Steel"],"picked":"Burst","floor":16},{"not_picked":["Outmaneuver","Poisoned Stab"],"picked":"Predator","floor":18},{"not_picked":["Dodge and Roll+1","Poisoned Stab"],"picked":"Flechettes","floor":20},{"not_picked":["Endless Agony","Cloak And Dagger"],"picked":"Crippling Poison","floor":21},{"not_picked":["Blade Dance+1","Bouncing Flask"],"picked":"Crippling Poison","floor":22},{"not_picked":["Riddle With Holes","Bane"],"picked":"Choke","floor":24},{"not_picked":["Setup","Quick Slash"],"picked":"Bullet Time","floor":25},{"not_picked":["Endless Agony","Poisoned Stab"],"picked":"Footwork","floor":29},{"not_picked":["Cloak And Dagger","Quick Slash"],"picked":"Dagger Throw","floor":31},{"not_picked":["Storm of Steel","Grand Finale"],"picked":"Corpse Explosion","floor":33},{"not_picked":["Heel Hook+1","Cloak And Dagger+1","Deflect+1"],"picked":"SKIP","floor":35},{"not_picked":["Cloak And Dagger","All Out Attack+1"],"picked":"Noxious Fumes+1","floor":36},{"not_picked":["Sucker Punch","Quick Slash+1","Cloak And Dagger+1"],"picked":"SKIP","floor":37},{"not_picked":["Sucker Punch","Heel Hook+1","Masterful Stab+1"],"picked":"SKIP","floor":41},{"not_picked":["Cloak And Dagger","PiercingWail"],"picked":"Blur","floor":45},{"not_picked":["Distraction","Cloak And Dagger+1"],"picked":"Reflex+1","floor":46},{"not_picked":["Dagger Spray","Venomology","Poisoned Stab+1"],"picked":"SKIP","floor":47},{"not_picked":["Prepared","Eviscerate+1","Deflect+1"],"picked":"SKIP","floor":48}],"player_experience":213145,"relics_obtained":[{"floor":7,"key":"Pocketwatch"},{"floor":9,"key":"Omamori"},{"floor":14,"key":"Odd Mushroom"},{"floor":22,"key":"Red Mask"},{"floor":24,"key":"PreservedInsect"},{"floor":26,"key":"Ninja Scroll"},{"floor":29,"key":"The Courier"},{"floor":48,"key":"Question Card"}],"event_choices":[{"damage_healed":0,"gold_gain":175,"player_choice":"AGREE","damage_taken":0,"max_hp_gain":0,"max_hp_loss":0,"event_name":"Liars Game","floor":12,"gold_loss":0,"cards_obtained":["Doubt"]},{"damage_healed":0,"gold_gain":0,"player_choice":"Fought Mushrooms","damage_taken":0,"max_hp_gain":0,"max_hp_loss":0,"event_name":"Mushrooms","floor":14,"gold_loss":0},{"damage_healed":0,"gold_gain":99,"player_choice":"Stole From Cult","damage_taken":0,"max_hp_gain":0,"max_hp_loss":0,"event_name":"Nest","floor":19,"gold_loss":0},{"damage_healed":0,"gold_gain":0,"player_choice":"Fought Bandits","damage_taken":0,"max_hp_gain":0,"max_hp_loss":0,"event_name":"Masked Bandits","floor":22,"gold_loss":0},{"damage_healed":0,"gold_gain":0,"cards_transformed":["Strike_G","Strike_G"],"player_choice":"Became Test Subject","damage_taken":0,"max_hp_gain":0,"max_hp_loss":0,"event_name":"Drug Dealer","floor":27,"gold_loss":0,"cards_obtained":["Sucker Punch","Dagger Throw"]},{"damage_healed":0,"gold_gain":222,"player_choice":"Wore Mask","damage_taken":0,"max_hp_gain":0,"max_hp_loss":0,"event_name":"Tomb of Lord Red Mask","floor":38,"gold_loss":0},{"damage_healed":0,"gold_gain":999,"player_choice":"Gold","damage_taken":0,"max_hp_gain":0,"max_hp_loss":0,"event_name":"MindBloom","floor":39,"gold_loss":0,"cards_obtained":["Normality","Normality"]}],"is_beta":false,"boss_relics":[{"not_picked":["Tiny House","Astrolabe"],"picked":"Snecko Eye"},{"not_picked":["Runic Pyramid","Runic Dome"],"picked":"Cursed Key"}],"items_purged_floors":[4,28,40],"is_endless":false,"potions_floor_spawned":[5,13,14,20,22,31,33,37,41,46,48],"ascension_level":0}