{"gold_per_floor":[119,133,133,5,20,52,52,65,111,111,125,155,155,174,174,246,246,265,265,72,122,136,136,146,146,227,247,247,277,288,323,323,398,398,417,417,114,127,141,141,41,41,41,41,41,61,86,86,86,86,86,86,86,86,118,118],"floor_reached":56,"playtime":2709,"items_purged":["Strike_G","Strike_G"],"score":1850,"play_id":"34a17c04-ca99-4357-a4b1-1bcd449ec4cb","local_time":"20190709211321","is_ascension_mode":true,"campfire_choices":[{"floor":7.0,"key":"REST"},{"data":"Catalyst","floor":10.0,"key":"SMITH"},{"floor":13.0,"key":"REST"},{"data":"Night Terror","floor":15.0,"key":"SMITH"},{"data":"After Image","floor":23.0,"key":"SMITH"},{"data":"Well Laid Plans","floor":25.0,"key":"SMITH"},{"data":"Wraith Form v2","floor":28.0,"key":"SMITH"},{"data":"Leg Sweep","floor":32.0,"key":"SMITH"},{"floor":40.0,"key":"RECALL"},{"data":"Well Laid Plans","floor":42.0,"key":"SMITH"},{"data":"Dodge and Roll","floor":44.0,"key":"SMITH"},{"data":"Regret","floor":49.0,"key":"PURGE"},{"data":"Masterful Stab","floor":53,"key":"PURGE"}],"neow_cost":"NONE","seed_source_timestamp":0,"circlet_count":0,"master_deck":["AscendersBane","Strike_G+1","Strike_G+1","Defend_G","Defend_G","Defend_G","Defend_G+1","Defend_G","Survivor","Neutralize+1","Deadly Poison","Poisoned Stab","Well Laid Plans+1","Deadly Poison","Wraith Form v2+1","Catalyst+1","Night Terror+1","Deadly Poison+1","After Image+1","Cloak And Dagger","PiercingWail","Well Laid Plans+1","Leg Sweep+1","Acrobatics","Dash+1","Corpse Explosion","Footwork+1","Dodge and Roll+1","Crippling Poison"],"special_seed":0,"relics":["Ring of the Snake","Ninja Scroll","Snake Skull","Ancient Tea Set","Sozu","War Paint","Meat on the Bone","Whetstone","Mummified Hand","Cursed Key","ClockworkSouvenir","Peace Pipe","Art of War"],"potions_floor_usage":[],"damage_taken":[{"damage":7.0,"enemies":"Jaw Worm","floor":1.0,"turns":6.0},{"damage":0.0,"enemies":"Cultist","floor":2.0,"turns":3.0},{"damage":0.0,"enemies":"2 Louse","floor":5.0,"turns":3.0},{"damage":34.0,"enemies":"Gremlin Nob","floor":6.0,"turns":4.0},{"damage":15.0,"enemies":"Exordium Thugs","floor":8.0,"turns":6.0},{"damage":9.0,"enemies":"Red Slaver","floor":11.0,"turns":2.0},{"damage":18.0,"enemies":"3 Sentries","floor":12.0,"turns":10.0},{"damage":0.0,"enemies":"3 Louse","floor":14.0,"turns":4.0},{"damage":10.0,"enemies":"Hexaghost","floor":16.0,"turns":7.0},{"damage":2.0,"enemies":"2 Thieves","floor":18.0,"turns":5.0},{"damage":0.0,"enemies":"Chosen","floor":22.0,"turns":3.0},{"damage":0.0,"enemies":"Snake Plant","floor":24.0,"turns":4.0},{"damage":5.0,"enemies":"Centurion and Healer","floor":27.0,"turns":7.0},{"damage":19.0,"enemies":"Book of Stabbing","floor":29.0,"turns":5.0},{"damage":0.0,"enemies":"Cultist and Chosen","floor":30.0,"turns":6.0},{"damage":10.0,"enemies":"Slavers","floor":31.0,"turns":7.0},{"damage":1.0,"enemies":"Champ","floor":33.0,"turns":5.0},{"damage":0.0,"enemies":"3 Shapes","floor":35.0,"turns":7.0},{"damage":0.0,"enemies":"Orb Walker","floor":38.0,"turns":3.0},{"damage":0.0,"enemies":"Transient","floor":39.0,"turns":6.0},{"damage":1.0,"enemies":"Sphere and 2 Shapes","floor":46.0,"turns":3.0},{"damage":11.0,"enemies":"Giant Head","floor":47.0,"turns":6.0},{"damage":18.0,"enemies":"Time Eater","floor":50.0,"turns":10.0},{"damage":20,"enemies":"Donu and Deca","floor":51,"turns":8},{"damage":23,"enemies":"Shield and Spear","floor":55,"turns":6},{"damage":49,"enemies":"The Heart","floor":56,"turns":3}],"seed_played":"-1358646038481233501","potions_obtained":[{"floor":5.0,"key":"LiquidBronze"},{"floor":6.0,"key":"Fruit Juice"},{"floor":8.0,"key":"Energy Potion"},{"floor":14.0,"key":"SkillPotion"},{"floor":16.0,"key":"Fire Potion"}],"is_trial":false,"path_per_floor":["M","M","?","$","M","E","R","M","T","R","M","E","R","M","R","B",null,"M","?","$","?","M","R","M","R","T","M","R","E","M","E","R","B",null,"M","?","$","M","M","R","$","R","T","R","$","M","E","T","R","B","B",null,"R","$","E","B"],"character_chosen":"THE_SILENT","items_purchased":["Poisoned Stab","Well Laid Plans","PiercingWail","War Paint","ClockworkSouvenir"],"campfire_rested":2,"item_purchase_floors":[4,4,20,20,37],"current_hp_per_floor":[52,52,52,52,52,18,44,29,29,29,20,2,23,23,23,13,57,55,55,55,55,55,55,55,55,55,50,50,43,43,45,45,44,64,64,64,64,64,64,64,64,64,64,64,64,63,52,52,52,46,38,63,63,63,40,0],"gold":118,"neow_bonus":"UPGRADE_CARD","is_prod":false,"is_daily":false,"chose_seed":false,"campfire_upgraded":8,"win_rate":0,"timestamp":1562721201,"path_taken":["M","M","?","$","M","E","R","M","T","R","M","E","R","?","R","BOSS","M","?","$","?","?","R","M","R","T","M","R","E","M","E","R","BOSS","M","?","$","M","?","R","?","R","T","R","?","?","E","?","R","BOSS","BOSS","R","$","E","BOSS"],"build_version":"2019-07-05","purchased_purges":2,"victory":false,"max_hp_per_floor":[66,66,66,66,66,66,71,71,71,71,71,71,71,71,71,71,71,71,71,71,71,71,71,71,71,71,71,71,71,71,71,71,71,71,71,71,71,71,71,71,71,71,71,71,71,71,71,71,71,71,71,71,71,71,71,71],"card_choices":[{"not_picked":["Backflip","Deflect"],"picked":"Masterful Stab","floor":1.0},{"not_picked":["Dagger Throw","Dagger Spray"],"picked":"Deadly Poison","floor":2.0},{"not_picked":["Concentrate","Acrobatics"],"picked":"Deadly Poison","floor":5.0},{"not_picked":["Choke","Outmaneuver"],"picked":"Wraith Form v2","floor":6.0},{"not_picked":["Sucker Punch","Eviscerate"],"picked":"Catalyst","floor":8.0},{"not_picked":["Tactician","Sucker Punch","Poisoned Stab"],"picked":"SKIP","floor":11.0},{"not_picked":["Underhanded Strike","Poisoned Stab"],"picked":"Night Terror","floor":12.0},{"not_picked":["Prepared","Blade Dance"],"picked":"Deadly Poison","floor":14.0},{"not_picked":["Die Die Die","A Thousand Cuts"],"picked":"After Image","floor":16.0},{"not_picked":["Sucker Punch+1","Masterful Stab"],"picked":"Cloak And Dagger","floor":18.0},{"not_picked":["Eviscerate","Deflect","Concentrate"],"picked":"SKIP","floor":22.0},{"not_picked":["Cloak And Dagger","Outmaneuver+1"],"picked":"Well Laid Plans","floor":24.0},{"not_picked":["Heel Hook+1","Deflect","Accuracy+1"],"picked":"SKIP","floor":27.0},{"not_picked":["Escape Plan","Outmaneuver"],"picked":"Leg Sweep","floor":29.0},{"not_picked":["Cloak And Dagger","Deflect"],"picked":"Acrobatics","floor":30.0},{"not_picked":["Cloak And Dagger","Riddle With Holes"],"picked":"Dash+1","floor":31.0},{"not_picked":["Bullet Time","Unload"],"picked":"Corpse Explosion","floor":33.0},{"not_picked":["Expertise+1","Bane"],"picked":"Footwork","floor":35.0},{"not_picked":["Underhanded Strike","PiercingWail"],"picked":"Dodge and Roll","floor":38.0},{"not_picked":["Outmaneuver","Slice","Quick Slash"],"picked":"SKIP","floor":39.0},{"not_picked":["Prepared+1","Escape Plan","Slice"],"picked":"SKIP","floor":46.0},{"not_picked":["Doppelganger","Backstab","Prepared"],"picked":"SKIP","floor":47.0},{"not_picked":["Outmaneuver+1","Masterful Stab"],"picked":"Crippling Poison","floor":55}],"player_experience":1326667,"relics_obtained":[{"floor":6.0,"key":"Ninja Scroll"},{"floor":9.0,"key":"Snake Skull"},{"floor":12.0,"key":"Ancient Tea Set"},{"floor":26.0,"key":"Meat on the Bone"},{"floor":29.0,"key":"Whetstone"},{"floor":31.0,"key":"Mummified Hand"},{"floor":47.0,"key":"Peace Pipe"},{"floor":55,"key":"Art of War"}],"event_choices":[{"cards_removed":["Strike_G"],"damage_healed":0.0,"max_hp_gain":0.0,"max_hp_loss":0.0,"gold_gain":0.0,"event_name":"Wheel of Change","player_choice":"Card Removal","floor":3.0,"gold_loss":0.0,"damage_taken":0.0},{"damage_healed":0.0,"max_hp_gain":0.0,"max_hp_loss":0.0,"gold_gain":0.0,"event_name":"Vampires","player_choice":"Ignored","floor":19.0,"gold_loss":0.0,"damage_taken":0.0},{"damage_healed":0.0,"max_hp_gain":0.0,"max_hp_loss":0.0,"gold_gain":50.0,"event_name":"Golden Shrine","player_choice":"Pray","floor":21.0,"gold_loss":0.0,"damage_taken":0.0},{"damage_healed":0.0,"max_hp_gain":0.0,"max_hp_loss":0.0,"gold_gain":0.0,"event_name":"Upgrade Shrine","player_choice":"Upgraded","floor":36.0,"gold_loss":0.0,"damage_taken":0.0,"cards_upgraded":["Footwork"]}],"is_beta":false,"boss_relics":[{"not_picked":["Busted Crown","Calling Bell"],"picked":"Sozu"},{"not_picked":["Eternal Feather","White Beast Statue"],"picked":"Cursed Key"}],"items_purged_floors":[37,41],"is_endless":false,"potions_floor_spawned":[5,6,8,14,16,18,27,30,38],"killed_by":"The Heart","ascension_level":20}