{"gold_per_floor":[209,227,243,243,254,254,280,280,280,97,124,137,137,156,156,156],"floor_reached":16,"playtime":576,"items_purged":["Strike_R"],"score":224,"play_id":"380ffd05-7f91-4dc5-a009-5f9e4f704b8f","local_time":"20190619143301","is_ascension_mode":true,"campfire_choices":[{"data":"Bash","floor":6.0,"key":"SMITH"},{"floor":8.0,"key":"REST"},{"data":"1","floor":13.0,"key":"LIFT"},{"data":"2","floor":15.0,"key":"LIFT"}],"neow_cost":"NONE","seed_source_timestamp":63421362291800,"circlet_count":0,"master_deck":["AscendersBane","Strike_R","Strike_R","Strike_R","Strike_R","Defend_R","Defend_R","Defend_R","Defend_R","Bash+1","Clothesline","Seeing Red","Flame Barrier","Clothesline","Sentinel","Armaments","Battle Trance","True Grit","Thunderclap","Berserk"],"special_seed":0,"relics":["Burning Blood","Self Forming Clay","Prayer Wheel","WingedGreaves","Girya"],"potions_floor_usage":[],"damage_taken":[{"damage":12.0,"enemies":"2 Louse","floor":1.0,"turns":3.0},{"damage":20.0,"enemies":"Small Slimes","floor":2.0,"turns":4.0},{"damage":14.0,"enemies":"Jaw Worm","floor":3.0,"turns":5.0},{"damage":3.0,"enemies":"Looter","floor":5.0,"turns":4.0},{"damage":44.0,"enemies":"Gremlin Nob","floor":7.0,"turns":5.0},{"damage":20.0,"enemies":"3 Sentries","floor":11.0,"turns":10.0},{"damage":7.0,"enemies":"Large Slime","floor":12.0,"turns":6.0},{"damage":3.0,"enemies":"Gremlin Gang","floor":14.0,"turns":4.0},{"damage":27,"enemies":"The Guardian","floor":16,"turns":5}],"seed_played":"-2294953681635847400","potions_obtained":[{"floor":2.0,"key":"Regen Potion"},{"floor":3.0,"key":"BloodPotion"},{"floor":11.0,"key":"Energy Potion"},{"floor":12.0,"key":"SkillPotion"}],"is_trial":false,"path_per_floor":["M","M","M","?","M","R","E","R","T","$","E","M","R","M","R","B"],"character_chosen":"IRONCLAD","items_purchased":["Explosive Potion","Armaments"],"campfire_rested":1,"item_purchase_floors":[10,10],"current_hp_per_floor":[62,48,54,43,46,46,8,30,30,30,16,22,22,25,25,0],"gold":156,"neow_bonus":"HUNDRED_GOLD","is_prod":false,"is_daily":false,"chose_seed":false,"campfire_upgraded":1,"win_rate":0,"timestamp":1560969181,"path_taken":["M","M","M","?","M","R","E","R","T","$","E","M","R","M","R","BOSS"],"build_version":"2019-01-23","purchased_purges":1,"victory":false,"max_hp_per_floor":[75,75,75,75,75,75,75,75,75,75,75,75,75,75,75,75],"card_choices":[{"not_picked":["Iron Wave","Second Wind"],"picked":"Clothesline","floor":1.0},{"not_picked":["Sword Boomerang","Sentinel"],"picked":"Seeing Red","floor":2.0},{"not_picked":["Anger","Evolve"],"picked":"Flame Barrier","floor":3.0},{"not_picked":["Flex","Body Slam"],"picked":"Clothesline","floor":5.0},{"not_picked":["Pommel Strike","Flex"],"picked":"Sentinel","floor":7.0},{"not_picked":["Warcry","Clash"],"picked":"Battle Trance","floor":11.0},{"not_picked":["Headbutt","Uppercut"],"picked":"True Grit","floor":12.0},{"not_picked":["Rampage","Flex","Iron Wave"],"picked":"SKIP","floor":12.0},{"not_picked":["Ghostly Armor","Pommel Strike"],"picked":"Thunderclap","floor":14.0},{"not_picked":["Clash","Iron Wave"],"picked":"Berserk","floor":14.0}],"player_experience":1196758,"relics_obtained":[{"floor":7.0,"key":"Prayer Wheel"},{"floor":9.0,"key":"WingedGreaves"},{"floor":11.0,"key":"Girya"}],"event_choices":[{"damage_healed":0.0,"max_hp_gain":0.0,"max_hp_loss":0.0,"gold_gain":0.0,"event_name":"Scrap Ooze","player_choice":"Success","floor":4.0,"gold_loss":0.0,"damage_taken":11.0,"relics_obtained":["Self Forming Clay"]}],"is_beta":false,"boss_relics":[],"items_purged_floors":[10],"is_endless":false,"potions_floor_spawned":[2,3,11,12],"killed_by":"The Guardian","ascension_level":20}