{"gold_per_floor":[114,128,7,82,102,102,130,130,181,206,206,72,72,87,87,166,166,184,184,184,184,197,197,212,243,268,268,279,70,90,122,122,122],"floor_reached":33,"playtime":1204,"items_purged":["Strike_R"],"score":586,"play_id":"939f0c71-3ba3-42b3-9821-526eb9157138","local_time":"20190716155921","is_ascension_mode":true,"campfire_choices":[{"data":"Bludgeon","floor":6.0,"key":"SMITH"},{"data":"Havoc","floor":8.0,"key":"SMITH"},{"data":"Combust","floor":11.0,"key":"SMITH"},{"data":"Feel No Pain","floor":13.0,"key":"SMITH"},{"data":"Immolate","floor":15.0,"key":"SMITH"},{"data":"Berserk","floor":23,"key":"SMITH"},{"data":"Corruption","floor":27,"key":"SMITH"},{"data":"Feel No Pain","floor":32,"key":"SMITH"}],"neow_cost":"NONE","seed_source_timestamp":0,"circlet_count":0,"master_deck":["AscendersBane","Strike_R+1","Strike_R+1","Strike_R+1","Strike_R+1","Defend_R+1","Defend_R+1","Defend_R+1","Defend_R+1","Bash","Bludgeon+1","Thunderclap","Havoc+1","Feel No Pain+1","Ghostly Armor","Feel No Pain+1","Second Wind","Combust+1","True Grit","Immolate+1","Berserk+1","Flame Barrier","Disarm","Corruption+1","Disarm+1","Shrug It Off","Reckless Charge","Offering"],"special_seed":0,"relics":["Burning Blood","Bag of Preparation","Oddly Smooth Stone","Art of War","Coffee Dripper","Kunai","Vajra","Bronze Scales"],"potions_floor_usage":[18,24,31,33,33],"damage_taken":[{"damage":12.0,"enemies":"Small Slimes","floor":1.0,"turns":3.0},{"damage":7.0,"enemies":"Jaw Worm","floor":2.0,"turns":2.0},{"damage":0.0,"enemies":"2 Louse","floor":5.0,"turns":2.0},{"damage":5.0,"enemies":"Gremlin Nob","floor":7.0,"turns":3.0},{"damage":17.0,"enemies":"Lagavulin","floor":10.0,"turns":5.0},{"damage":6.0,"enemies":"Exordium Wildlife","floor":14.0,"turns":5.0},{"damage":14.0,"enemies":"Slime Boss","floor":16.0,"turns":7.0},{"damage":1,"enemies":"Spheric Guardian","floor":18,"turns":3},{"damage":10,"enemies":"2 Thieves","floor":22,"turns":3},{"damage":7,"enemies":"Centurion and Healer","floor":24,"turns":5},{"damage":37,"enemies":"Book of Stabbing","floor":25,"turns":7},{"damage":2,"enemies":"3 Cultists","floor":28,"turns":4},{"damage":3,"enemies":"Cultist and Chosen","floor":30,"turns":6},{"damage":9,"enemies":"Slavers","floor":31,"turns":5},{"damage":39,"enemies":"Automaton","floor":33,"turns":8}],"seed_played":"-5291590193539298229","potions_obtained":[{"floor":1.0,"key":"Fire Potion"},{"floor":7.0,"key":"Explosive Potion"},{"floor":25,"key":"AttackPotion"},{"floor":28,"key":"EssenceOfSteel"},{"floor":30,"key":"Dexterity Potion"},{"floor":31,"key":"Block Potion"}],"is_trial":false,"path_per_floor":["M","M","$","?","M","R","E","R","T","E","R","$","R","M","R","B",null,"M","?","?","?","M","R","M","E","T","R","M","$","M","E","R","B"],"character_chosen":"IRONCLAD","items_purchased":["Feel No Pain","Ghostly Armor","True Grit","Vajra","Shrug It Off"],"campfire_rested":0,"item_purchase_floors":[3,3,12,29,29],"current_hp_per_floor":[62,61,61,50,56,56,57,57,57,46,46,46,46,46,46,38,66,71,71,71,71,67,67,66,35,35,35,39,39,42,39,39,0],"gold":122,"neow_bonus":"ONE_RANDOM_RARE_CARD","is_prod":false,"is_daily":false,"chose_seed":false,"campfire_upgraded":8,"win_rate":0,"timestamp":1563307161,"path_taken":["M","M","$","?","M","R","E","R","T","E","R","$","R","M","R","BOSS","M","?","?","?","?","R","M","E","T","R","M","$","M","E","R","BOSS"],"build_version":"2019-07-05","purchased_purges":1,"victory":false,"max_hp_per_floor":[75,75,75,75,75,75,75,75,75,75,75,75,75,75,75,75,75,75,75,75,75,75,75,75,75,75,75,75,75,75,75,75,75],"card_choices":[{"not_picked":["Metallicize","Cleave"],"picked":"Thunderclap","floor":1.0},{"not_picked":["Burning Pact","Rupture"],"picked":"Havoc","floor":2.0},{"not_picked":["Warcry","Evolve"],"picked":"Feel No Pain","floor":5.0},{"not_picked":["Pommel Strike","Clothesline"],"picked":"Second Wind","floor":7.0},{"not_picked":["Body Slam","Anger"],"picked":"Combust","floor":10.0},{"not_picked":["True Grit","Whirlwind"],"picked":"Immolate","floor":14.0},{"not_picked":["Juggernaut","Fiend Fire"],"picked":"Berserk","floor":16.0},{"not_picked":["Cleave","Perfected Strike","Clash"],"picked":"SKIP","floor":18},{"not_picked":["Headbutt","Uppercut","Twin Strike"],"picked":"SKIP","floor":22},{"not_picked":["Body Slam","Twin Strike"],"picked":"Disarm","floor":24},{"not_picked":["Whirlwind","Demon Form"],"picked":"Corruption","floor":25},{"not_picked":["Pommel Strike","Anger+1"],"picked":"Disarm+1","floor":28},{"not_picked":["True Grit","Sever Soul"],"picked":"Reckless Charge","floor":30},{"not_picked":["True Grit+1","Pommel Strike"],"picked":"Offering","floor":31}],"player_experience":1356122,"relics_obtained":[{"floor":7.0,"key":"Bag of Preparation"},{"floor":9.0,"key":"Oddly Smooth Stone"},{"floor":10.0,"key":"Art of War"},{"floor":25,"key":"Kunai"},{"floor":31,"key":"Bronze Scales"}],"event_choices":[{"damage_healed":0.0,"max_hp_gain":0.0,"max_hp_loss":0.0,"gold_gain":75.0,"event_name":"World of Goop","player_choice":"Gather Gold","floor":4.0,"gold_loss":0.0,"damage_taken":11.0},{"damage_healed":0,"gold_gain":0,"player_choice":"Simplicity","damage_taken":0,"max_hp_gain":0,"max_hp_loss":0,"event_name":"Back to Basics","floor":19,"gold_loss":0,"cards_upgraded":["Strike_R","Strike_R","Strike_R","Strike_R","Defend_R","Defend_R","Defend_R","Defend_R"]},{"damage_healed":0,"gold_gain":0,"player_choice":"Read","damage_taken":0,"max_hp_gain":0,"max_hp_loss":0,"event_name":"The Library","floor":20,"gold_loss":0,"cards_obtained":["Flame Barrier"]},{"damage_healed":0,"gold_gain":0,"player_choice":"Ignored","damage_taken":0,"max_hp_gain":0,"max_hp_loss":0,"event_name":"Vampires","floor":21,"gold_loss":0}],"is_beta":false,"boss_relics":[{"not_picked":["Orrery","Calling Bell"],"picked":"Coffee Dripper"}],"items_purged_floors":[12],"is_endless":false,"potions_floor_spawned":[1,7,16,25,28,30,31],"killed_by":"Automaton","ascension_level":20}