{"gold_per_floor":[111,111,126,126,146,171,171,205,205,175,175,207,207,218,218,292,292,311,29,29,29,40,70,70,70,94,94,121,121,131,166,166,243,243,254,254,267,267,267,295,309,309,309,105,120,138,0,33,33,33],"floor_reached":50,"playtime":2518,"items_purged":["Strike_R","Doubt"],"score":1173,"play_id":"f0b37659-1064-4f18-8d88-88ade6b4319c","local_time":"20190611095434","is_ascension_mode":true,"campfire_choices":[{"floor":7.0,"key":"REST"},{"data":"Clothesline","floor":11.0,"key":"SMITH"},{"floor":13.0,"key":"REST"},{"data":"True Grit","floor":15.0,"key":"SMITH"},{"data":"Armaments","floor":24.0,"key":"SMITH"},{"data":"Feed","floor":27.0,"key":"SMITH"},{"data":"Battle Trance","floor":32.0,"key":"SMITH"},{"floor":49,"key":"RECALL"}],"neow_cost":"TEN_PERCENT_HP_LOSS","seed_source_timestamp":1265112037025500,"circlet_count":0,"master_deck":["AscendersBane","Defend_R","Defend_R","Bash","Feed+1","Clothesline+1","Ghostly Armor","Sword Boomerang","Demon Form","Flame Barrier","True Grit+1","Combust","Offering","Metallicize+1","Bite","Bite","Bite","Bite","Bite","Armaments+1","Intimidate+1","Pummel","Battle Trance+1","Double Tap","True Grit","Thunderclap+1","Master of Strategy","Finesse","Flame Barrier+1","Flash of Steel","True Grit+1"],"special_seed":0,"relics":["Burning Blood","Kunai","Juzu Bracelet","The Courier","Red Skull","Mark of Pain","PreservedInsect","Enchiridion","StoneCalendar","Centennial Puzzle","Turnip","Oddly Smooth Stone","Empty Cage","Calipers","Red Mask","Dream Catcher"],"potions_floor_usage":[46,50],"damage_taken":[{"damage":4.0,"enemies":"Small Slimes","floor":1.0,"turns":3.0},{"damage":12.0,"enemies":"2 Louse","floor":3.0,"turns":5.0},{"damage":9.0,"enemies":"Cultist","floor":5.0,"turns":4.0},{"damage":45.0,"enemies":"3 Sentries","floor":6.0,"turns":10.0},{"damage":44.0,"enemies":"Gremlin Nob","floor":8.0,"turns":5.0},{"damage":30.0,"enemies":"3 Sentries","floor":12.0,"turns":9.0},{"damage":1.0,"enemies":"3 Louse","floor":14.0,"turns":3.0},{"damage":33.0,"enemies":"Hexaghost","floor":16.0,"turns":11.0},{"damage":6.0,"enemies":"Chosen","floor":18.0,"turns":2.0},{"damage":10.0,"enemies":"3 Byrds","floor":22.0,"turns":5.0},{"damage":28.0,"enemies":"Slavers","floor":23.0,"turns":5.0},{"damage":48.0,"enemies":"Gremlin Leader","floor":28.0,"turns":6.0},{"damage":11.0,"enemies":"Centurion and Healer","floor":30.0,"turns":6.0},{"damage":12.0,"enemies":"Book of Stabbing","floor":31.0,"turns":4.0},{"damage":65.0,"enemies":"Automaton","floor":33.0,"turns":10.0},{"damage":22.0,"enemies":"3 Darklings","floor":35.0,"turns":7.0},{"damage":8,"enemies":"Orb Walker","floor":37,"turns":3},{"damage":61,"enemies":"Giant Head","floor":40,"turns":7},{"damage":18,"enemies":"4 Shapes","floor":41,"turns":6},{"damage":40,"enemies":"Writhing Mass","floor":45,"turns":10},{"damage":23,"enemies":"Transient","floor":46,"turns":6},{"damage":59,"enemies":"Nemesis","floor":48,"turns":7},{"damage":29,"enemies":"Awakened One","floor":50,"turns":4}],"seed_played":"-4928738938855888061","potions_obtained":[{"floor":5.0,"key":"Block Potion"},{"floor":8.0,"key":"Energy Potion"},{"floor":10.0,"key":"BloodPotion"},{"floor":14.0,"key":"AttackPotion"},{"floor":23.0,"key":"Fire Potion"},{"floor":28.0,"key":"EntropicBrew"},{"floor":41,"key":"LiquidBronze"},{"floor":48,"key":"Ancient Potion"}],"is_trial":false,"path_per_floor":["M","?","M","?","M","E","R","E","T","?","R","E","R","M","R","B",null,"M","$","?","?","M","E","R","?","T","R","E","?","M","E","R","B",null,"M","?","M","?","?","E","M","?","T","$","M","M","?","E","R","B"],"character_chosen":"IRONCLAD","items_purchased":["PreservedInsect","Fire Potion","Block Potion","Flash of Steel","SpeedPotion"],"campfire_rested":2,"item_purchase_floors":[19,19,19,44,44],"current_hp_per_floor":[71,76,73,73,73,37,62,24,24,24,24,11,37,45,45,21,76,79,79,67,46,59,51,51,51,51,51,31,31,46,50,50,20,60,71,71,73,69,59,26,20,73,73,73,53,51,51,16,16,0],"gold":33,"neow_bonus":"THREE_RARE_CARDS","is_prod":false,"is_daily":false,"chose_seed":false,"campfire_upgraded":5,"win_rate":0,"timestamp":1560261274,"path_taken":["M","?","M","?","?","E","R","E","T","?","R","E","R","M","R","BOSS","M","$","?","?","M","E","R","?","T","R","E","?","M","E","R","BOSS","M","?","M","?","?","E","M","?","T","?","M","M","?","E","R","BOSS"],"build_version":"2019-01-23","purchased_purges":2,"victory":false,"max_hp_per_floor":[71,76,79,79,82,85,85,85,85,85,85,88,88,91,91,94,94,97,97,67,67,70,73,73,73,73,73,73,73,73,73,73,73,73,73,73,73,69,69,73,73,73,73,73,73,73,73,77,77,81],"card_choices":[{"not_picked":["Fiend Fire","Barricade"],"picked":"Feed","floor":0.0},{"not_picked":["Shrug It Off","Warcry"],"picked":"Clothesline","floor":1.0},{"not_picked":["Warcry","Heavy Blade"],"picked":"Ghostly Armor","floor":3.0},{"not_picked":["Flex","Reckless Charge"],"picked":"Sword Boomerang","floor":5.0},{"not_picked":["Shrug It Off","Heavy Blade"],"picked":"Demon Form","floor":6.0},{"not_picked":["Twin Strike","Iron Wave"],"picked":"Flame Barrier","floor":8.0},{"not_picked":["Shrug It Off","Thunderclap"],"picked":"True Grit","floor":12.0},{"not_picked":["Thunderclap","Corruption"],"picked":"Combust","floor":14.0},{"not_picked":["Juggernaut","Feed"],"picked":"Offering","floor":16.0},{"not_picked":["Havoc","Wild Strike"],"picked":"Metallicize+1","floor":18.0},{"not_picked":["Seeing Red","Pummel"],"picked":"Armaments","floor":22.0},{"not_picked":["Clothesline","Power Through"],"picked":"Intimidate+1","floor":23.0},{"not_picked":["Clothesline","Clash","Cleave"],"picked":"SKIP","floor":28.0},{"not_picked":["Iron Wave","Armaments"],"picked":"Pummel","floor":30.0},{"not_picked":["Fiend Fire","Blood for Blood"],"picked":"Battle Trance","floor":31.0},{"not_picked":["Limit Break","Demon Form"],"picked":"Double Tap","floor":33.0},{"not_picked":["Seeing Red","Body Slam"],"picked":"True Grit","floor":35.0},{"not_picked":["Perfected Strike","Iron Wave"],"picked":"Thunderclap+1","floor":37},{"not_picked":["Dramatic Entrance","Swift Strike"],"picked":"Master of Strategy","floor":39},{"not_picked":["Forethought","Deep Breath"],"picked":"Finesse","floor":39},{"not_picked":["Sever Soul+1","Rage+1"],"picked":"Flame Barrier+1","floor":40},{"not_picked":["Clothesline","Cleave","Feel No Pain"],"picked":"SKIP","floor":41},{"not_picked":["Entrench","Ghostly Armor","Perfected Strike"],"picked":"SKIP","floor":45},{"not_picked":["Rupture","Combust"],"picked":"True Grit+1","floor":46},{"not_picked":["Thunderclap","Sword Boomerang","Sever Soul"],"picked":"SKIP","floor":48}],"player_experience":1152175,"relics_obtained":[{"floor":6.0,"key":"Kunai"},{"floor":8.0,"key":"Juzu Bracelet"},{"floor":9.0,"key":"The Courier"},{"floor":12.0,"key":"Red Skull"},{"floor":21.0,"key":"Enchiridion"},{"floor":23.0,"key":"StoneCalendar"},{"floor":26.0,"key":"Centennial Puzzle"},{"floor":28.0,"key":"Turnip"},{"floor":31.0,"key":"Oddly Smooth Stone"},{"floor":40,"key":"Calipers"},{"floor":48,"key":"Dream Catcher"}],"event_choices":[{"damage_healed":0.0,"max_hp_gain":5.0,"max_hp_loss":0.0,"gold_gain":0.0,"event_name":"Big Fish","player_choice":"Donut","floor":2.0,"gold_loss":0.0,"damage_taken":0.0},{"damage_healed":0.0,"max_hp_gain":0.0,"max_hp_loss":0.0,"gold_gain":0.0,"cards_transformed":["Defend_R"],"event_name":"Transmorgrifier","player_choice":"Transformed","floor":4.0,"gold_loss":0.0,"damage_taken":0.0,"cards_obtained":["Power Through"]},{"damage_healed":0.0,"max_hp_gain":0.0,"max_hp_loss":0.0,"gold_gain":0.0,"event_name":"The Woman in Blue","player_choice":"Bought 2 Potions","floor":10.0,"gold_loss":0.0,"damage_taken":0.0},{"damage_healed":0.0,"max_hp_gain":0.0,"max_hp_loss":30.0,"gold_gain":0.0,"event_name":"Vampires","player_choice":"Became a vampire","floor":20.0,"gold_loss":0.0,"damage_taken":0.0,"cards_obtained":["Bite","Bite","Bite","Bite","Bite"]},{"damage_healed":0.0,"max_hp_gain":0.0,"max_hp_loss":0.0,"gold_gain":0.0,"event_name":"Cursed Tome","player_choice":"Obtained Book","floor":21.0,"gold_loss":0.0,"damage_taken":21.0},{"cards_removed":["Defend_R"],"damage_healed":0.0,"max_hp_gain":0.0,"max_hp_loss":0.0,"gold_gain":0.0,"event_name":"Back to Basics","player_choice":"Elegance","floor":25.0,"gold_loss":0.0,"damage_taken":0.0},{"damage_healed":0.0,"max_hp_gain":0.0,"max_hp_loss":0.0,"gold_gain":0.0,"event_name":"Forgotten Altar","player_choice":"Smashed Altar","floor":29.0,"gold_loss":0.0,"damage_taken":0.0,"cards_obtained":["Decay"]},{"damage_healed":0,"gold_gain":0,"player_choice":"Ignored","damage_taken":0,"max_hp_gain":0,"max_hp_loss":0,"event_name":"Mysterious Sphere","floor":36,"gold_loss":0},{"damage_healed":0,"gold_gain":0,"player_choice":"Max HP","damage_taken":0,"max_hp_gain":0,"max_hp_loss":4,"event_name":"Winding Halls","floor":38,"gold_loss":0},{"damage_healed":0,"gold_gain":0,"player_choice":"Memory 3","damage_taken":10,"max_hp_gain":0,"max_hp_loss":0,"event_name":"SensoryStone","floor":39,"gold_loss":0},{"damage_healed":53,"gold_gain":0,"player_choice":"Heal","damage_taken":0,"max_hp_gain":0,"max_hp_loss":0,"event_name":"MindBloom","floor":42,"gold_loss":0,"cards_obtained":["Doubt"]},{"damage_healed":0,"gold_gain":0,"player_choice":"Paid","damage_taken":0,"relics_obtained":["Red Mask"],"max_hp_gain":0,"max_hp_loss":0,"event_name":"Tomb of Lord Red Mask","floor":47,"gold_loss":138}],"is_beta":false,"boss_relics":[{"not_picked":["Runic Pyramid","Tiny House"],"picked":"Mark of Pain"},{"not_picked":["Velvet Choker","Coffee Dripper"],"picked":"Empty Cage"}],"items_purged_floors":[19,44],"is_endless":false,"potions_floor_spawned":[5,8,14,23,28,41,48],"killed_by":"Awakened One","ascension_level":20}