{"gold_per_floor":[113,113,5,19,31,31,50,50,50,50,50,62,62,87,87,192,192,202,202,222,222,13,13,44,76,127,52,152,152,152,169,169,273,273,288,188,204,249,249,249,249,279,279,2,2,12,112,112,124,136],"floor_reached":51,"playtime":1795,"items_purged":["Regret","Strike_B","Strike_B"],"score":737,"play_id":"eb6f0a81-a09b-4425-a8e0-491c0eeee799","local_time":"20190727222503","is_ascension_mode":false,"campfire_choices":[{"data":"Creative AI","floor":6,"key":"SMITH"},{"data":"Consume","floor":8,"key":"SMITH"},{"data":"Sweeping Beam","floor":11,"key":"SMITH"},{"data":"White Noise","floor":13,"key":"SMITH"},{"data":"Capacitor","floor":15,"key":"SMITH"},{"data":"Hologram","floor":23,"key":"SMITH"},{"floor":30,"key":"REST"},{"data":"Defragment","floor":32,"key":"SMITH"},{"data":"Loop","floor":40,"key":"SMITH"},{"floor":49,"key":"REST"}],"neow_cost":"NONE","seed_source_timestamp":491785052683500,"circlet_count":0,"master_deck":["Strike_B","Defend_B","Defend_B","Defend_B","Defend_B","Zap+1","Dualcast","Cold Snap","BootSequence","Sweeping Beam+1","Hologram+1","Ball Lightning","Creative AI+1","Consume+1","Compile Driver","White Noise+1","Capacitor+1","Electrodynamics+1","BootSequence","Steam+1","Static Discharge+1","Coolheaded","Defragment+1","Core Surge","White Noise","Undo","Loop+1","Echo Form","Panache","Reinforced Body"],"relics":["Cracked Core","Prayer Wheel","Unceasing Top","Juzu Bracelet","PreservedInsect","Inserter","Lee\u0027s Waffle","Red Mask","Bottled Tornado","Ancient Tea Set","Incense Burner","Dodecahedron","Sozu","Ginger","Oddly Smooth Stone","FossilizedHelix","DataDisk","Sundial","Peace Pipe","MawBank"],"potions_floor_usage":[14,25,31,50,50,50],"damage_taken":[{"damage":6,"enemies":"Jaw Worm","floor":1,"turns":2},{"damage":0,"enemies":"Cultist","floor":4,"turns":3},{"damage":0,"enemies":"Small Slimes","floor":5,"turns":2},{"damage":10,"enemies":"Exordium Thugs","floor":7,"turns":3},{"damage":0,"enemies":"Blue Slaver","floor":12,"turns":3},{"damage":7,"enemies":"Gremlin Nob","floor":14,"turns":3},{"damage":35,"enemies":"Slime Boss","floor":16,"turns":5},{"damage":15,"enemies":"2 Thieves","floor":18,"turns":3},{"damage":17,"enemies":"Spheric Guardian","floor":20,"turns":5},{"damage":15,"enemies":"Masked Bandits","floor":24,"turns":3},{"damage":25,"enemies":"Book of Stabbing","floor":25,"turns":5},{"damage":0,"enemies":"Colosseum Slavers","floor":28,"turns":2},{"damage":0,"enemies":"Colosseum Nobs","floor":28,"turns":2},{"damage":15,"enemies":"Chosen and Byrds","floor":31,"turns":4},{"damage":3,"enemies":"Automaton","floor":33,"turns":7},{"damage":0,"enemies":"3 Shapes","floor":35,"turns":2},{"damage":0,"enemies":"3 Darklings","floor":37,"turns":2},{"damage":0,"enemies":"2 Orb Walkers","floor":38,"turns":4},{"damage":1,"enemies":"Giant Head","floor":42,"turns":6},{"damage":0,"enemies":"Maw","floor":46,"turns":6},{"damage":0,"enemies":"Mind Bloom Boss Battle","floor":47,"turns":6},{"damage":0,"enemies":"Donu and Deca","floor":50,"turns":6}],"seed_played":"-7694011695062925416","potions_obtained":[{"floor":5,"key":"Poison Potion"},{"floor":12,"key":"Swift Potion"},{"floor":16,"key":"Dexterity Potion"},{"floor":20,"key":"EssenceOfSteel"},{"floor":29,"key":"FocusPotion"},{"floor":31,"key":"Dexterity Potion"}],"is_trial":false,"path_per_floor":["M","?","$","M","M","R","M","R","T","T","R","M","R","E","R","B",null,"M","?","M","?","$","R","?","E","T","?","?","?","R","M","R","B",null,"M","$","M","?","?","R","?","E","T","$","?","M","?","T","R","B",null],"character_chosen":"DEFECT","items_purchased":["BootSequence","Lee\u0027s Waffle","DataDisk"],"campfire_rested":2,"item_purchase_floors":[3,22,44],"current_hp_per_floor":[69,69,69,69,69,69,59,59,59,59,59,59,59,52,52,17,75,60,53,36,36,82,82,67,42,42,42,42,42,66,51,51,48,82,82,82,82,82,78,78,78,77,77,77,77,77,77,77,78,78],"gold":148,"neow_bonus":"UPGRADE_CARD","is_prod":false,"is_daily":false,"chose_seed":false,"campfire_upgraded":8,"win_rate":0,"timestamp":1564233903,"path_taken":["M","?","$","M","M","R","M","R","T","?","R","M","R","E","R","BOSS","M","?","M","?","$","R","?","E","T","?","?","?","R","M","R","BOSS","M","$","M","?","?","R","?","E","T","$","?","M","?","?","R","BOSS"],"build_version":"2019-07-17","purchased_purges":3,"victory":true,"max_hp_per_floor":[75,75,75,75,75,75,75,75,75,75,75,75,75,75,75,75,75,75,75,75,75,82,82,82,82,82,82,82,82,82,82,82,82,82,82,82,82,82,78,78,78,78,78,78,78,78,78,78,78,78],"card_choices":[{"not_picked":["Hologram","Compile Driver"],"picked":"Cold Snap","floor":1},{"not_picked":["Rip and Tear","Redo"],"picked":"Sweeping Beam","floor":4},{"not_picked":["Steam","Heatsinks"],"picked":"Hologram","floor":4},{"not_picked":["Skim","Sweeping Beam"],"picked":"Ball Lightning","floor":5},{"not_picked":["Sweeping Beam","Lockon"],"picked":"Creative AI","floor":5},{"not_picked":["Rebound","Leap"],"picked":"Consume","floor":7},{"not_picked":["Static Discharge","Stack"],"picked":"Compile Driver","floor":7},{"not_picked":["Barrage","Go for the Eyes"],"picked":"White Noise","floor":12},{"not_picked":["Ball Lightning","Auto Shields","Consume"],"picked":"SKIP","floor":12},{"not_picked":["Consume","Hello World"],"picked":"Capacitor","floor":14},{"not_picked":["Reboot","Rainbow"],"picked":"Electrodynamics","floor":16},{"not_picked":["Rebound","Doom and Gloom"],"picked":"BootSequence","floor":18},{"not_picked":["Redo","Streamline","Rebound"],"picked":"SKIP","floor":18},{"not_picked":["Ball Lightning","Hologram"],"picked":"Leap+1","floor":20},{"not_picked":["Darkness","Redo+1","Beam Cell"],"picked":"SKIP","floor":20},{"not_picked":["Compile Driver","Darkness"],"picked":"Steam+1","floor":25},{"not_picked":["Fission","Leap"],"picked":"Static Discharge+1","floor":28},{"not_picked":["Ball Lightning","Streamline"],"picked":"Coolheaded","floor":31},{"not_picked":["Gash","Fusion"],"picked":"Defragment","floor":31},{"not_picked":["Creative AI","All For One"],"picked":"Core Surge","floor":33},{"not_picked":["Aggregate","Redo"],"picked":"White Noise","floor":35},{"not_picked":["Conserve Battery+1","Turbo","Blizzard"],"picked":"SKIP","floor":35},{"not_picked":["Gash+1","Stack"],"picked":"Undo","floor":37},{"not_picked":["Redo+1","Auto Shields"],"picked":"Loop","floor":37},{"not_picked":["Reinforced Body","Beam Cell+1"],"picked":"Echo Form","floor":38},{"not_picked":["Trip","Discovery"],"picked":"Panache","floor":41},{"not_picked":["Gash+1","Storm","Blizzard"],"picked":"SKIP","floor":42},{"not_picked":["Chaos","Sweeping Beam"],"picked":"Reinforced Body","floor":46},{"not_picked":["Hologram","Steam+1","Barrage+1"],"picked":"SKIP","floor":46}],"player_experience":118553,"relics_obtained":[{"floor":9,"key":"Unceasing Top"},{"floor":10,"key":"Juzu Bracelet"},{"floor":14,"key":"PreservedInsect"},{"floor":24,"key":"Red Mask"},{"floor":25,"key":"Bottled Tornado"},{"floor":26,"key":"Ancient Tea Set"},{"floor":28,"key":"Incense Burner"},{"floor":28,"key":"Dodecahedron"},{"floor":38,"key":"Ginger"},{"floor":42,"key":"Oddly Smooth Stone"},{"floor":43,"key":"FossilizedHelix"},{"floor":47,"key":"Peace Pipe"},{"floor":48,"key":"MawBank"}],"event_choices":[{"damage_healed":0,"gold_gain":0,"player_choice":"Box","damage_taken":0,"relics_obtained":["Prayer Wheel"],"max_hp_gain":0,"max_hp_loss":0,"event_name":"Big Fish","floor":2,"gold_loss":0,"cards_obtained":["Regret"]},{"damage_healed":0,"gold_gain":0,"player_choice":"Damaged","damage_taken":7,"max_hp_gain":0,"max_hp_loss":0,"event_name":"Wheel of Change","floor":19,"gold_loss":0},{"damage_healed":0,"gold_gain":0,"player_choice":"Upgraded","damage_taken":0,"max_hp_gain":0,"max_hp_loss":0,"event_name":"Upgrade Shrine","floor":21,"gold_loss":0,"cards_upgraded":["Electrodynamics"]},{"damage_healed":0,"gold_gain":0,"player_choice":"Fought Bandits","damage_taken":0,"max_hp_gain":0,"max_hp_loss":0,"event_name":"Masked Bandits","floor":24,"gold_loss":0},{"cards_removed":["Strike_B"],"damage_healed":0,"gold_gain":0,"player_choice":"Gave Gold","damage_taken":0,"max_hp_gain":0,"max_hp_loss":0,"event_name":"Beggar","floor":27,"gold_loss":75},{"damage_healed":0,"gold_gain":0,"player_choice":"Fight","damage_taken":0,"max_hp_gain":0,"max_hp_loss":0,"event_name":"Colosseum","floor":28,"gold_loss":0},{"damage_healed":0,"gold_gain":0,"player_choice":"Fought Nobs","damage_taken":0,"max_hp_gain":0,"max_hp_loss":0,"event_name":"Colosseum","floor":28,"gold_loss":0},{"damage_healed":0,"gold_gain":0,"player_choice":"Got Potions","damage_taken":0,"max_hp_gain":0,"max_hp_loss":0,"event_name":"Lab","floor":29,"gold_loss":0},{"damage_healed":0,"gold_gain":0,"player_choice":"Fight","damage_taken":0,"max_hp_gain":0,"max_hp_loss":0,"event_name":"Mysterious Sphere","floor":38,"gold_loss":0},{"damage_healed":0,"gold_gain":0,"player_choice":"Max HP","damage_taken":0,"max_hp_gain":0,"max_hp_loss":4,"event_name":"Winding Halls","floor":39,"gold_loss":0},{"damage_healed":0,"gold_gain":0,"player_choice":"Memory 1","damage_taken":0,"max_hp_gain":0,"max_hp_loss":0,"event_name":"SensoryStone","floor":41,"gold_loss":0},{"cards_removed":["Leap"],"damage_healed":0,"gold_gain":0,"player_choice":"Gave Card","damage_taken":0,"relics_obtained":["Sundial"],"max_hp_gain":0,"max_hp_loss":0,"event_name":"WeMeetAgain","floor":45,"gold_loss":0},{"damage_healed":0,"gold_gain":0,"player_choice":"Fight","damage_taken":0,"max_hp_gain":0,"max_hp_loss":0,"event_name":"MindBloom","floor":47,"gold_loss":0}],"is_beta":false,"boss_relics":[{"not_picked":["Coffee Dripper","Cursed Key"],"picked":"Inserter"},{"not_picked":["Orrery","Astrolabe"],"picked":"Sozu"}],"items_purged_floors":[3,36,44],"is_endless":false,"potions_floor_spawned":[5,12,16,20,24,31,35,37,42],"ascension_level":0}