{"gold_per_floor":[118,136,59,59,75,105,105,139,139,139,173,191,216,55,55,55],"floor_reached":16,"playtime":760,"items_purged":["Strike_G"],"score":356,"play_id":"6221914d-184a-444f-aa65-057931cf2407","local_time":"20190901122722","is_ascension_mode":true,"campfire_choices":[{"data":"Dagger Spray","floor":7.0,"key":"SMITH"},{"floor":10.0,"key":"REST"},{"floor":15.0,"key":"REST"}],"neow_cost":"NONE","seed_source_timestamp":0,"circlet_count":0,"master_deck":["AscendersBane","Strike_G","Strike_G","Strike_G","Strike_G","Defend_G","Defend_G","Defend_G","Defend_G","Defend_G","Survivor","Neutralize","Riddle With Holes","Deadly Poison","Quick Slash","Dagger Spray+1","Deadly Poison","Crippling Poison","Bane"],"special_seed":0,"relics":["Ring of the Snake","GremlinMask","Ancient Tea Set","Mercury Hourglass","Art of War","Singing Bowl","WingedGreaves"],"potions_floor_usage":[16],"damage_taken":[{"damage":6.0,"enemies":"2 Louse","floor":1.0,"turns":4.0},{"damage":4.0,"enemies":"Cultist","floor":2.0,"turns":4.0},{"damage":0.0,"enemies":"Jaw Worm","floor":5.0,"turns":3.0},{"damage":13.0,"enemies":"Lagavulin","floor":6.0,"turns":8.0},{"damage":32.0,"enemies":"Gremlin Nob","floor":8.0,"turns":4.0},{"damage":17.0,"enemies":"Lagavulin","floor":11.0,"turns":5.0},{"damage":0.0,"enemies":"Gremlin Gang","floor":12.0,"turns":3.0},{"damage":8.0,"enemies":"Gremlin Nob","floor":13.0,"turns":3.0},{"damage":39,"enemies":"Slime Boss","floor":16,"turns":6}],"seed_played":"1828645956991546629","potions_obtained":[{"floor":2.0,"key":"EssenceOfSteel"},{"floor":6.0,"key":"GamblersBrew"},{"floor":11.0,"key":"EssenceOfSteel"},{"floor":12.0,"key":"SteroidPotion"}],"is_trial":false,"path_per_floor":["M","M","$","?","M","E","R","E","T","R","E","M","E","$","R","B"],"character_chosen":"THE_SILENT","items_purchased":["Quick Slash","SteroidPotion","Regen Potion"],"campfire_rested":2,"item_purchase_floors":[3,3,14],"current_hp_per_floor":[53,49,49,49,49,36,36,4,4,23,8,10,2,2,23,0],"gold":55,"neow_bonus":"THREE_CARDS","is_prod":false,"is_daily":false,"chose_seed":false,"campfire_upgraded":1,"win_rate":0,"timestamp":1567355242,"path_taken":["M","M","$","?","M","E","R","E","T","R","E","?","E","$","R","BOSS"],"build_version":"2019-08-26","purchased_purges":1,"victory":false,"max_hp_per_floor":[66,66,66,66,66,66,66,66,66,66,68,70,70,70,70,70],"card_choices":[{"not_picked":["Deadly Poison","Dagger Throw"],"picked":"Endless Agony","floor":0.0},{"not_picked":["Deflect","Slice"],"picked":"Riddle With Holes","floor":1.0},{"not_picked":["Slice","Underhanded Strike"],"picked":"Deadly Poison","floor":2.0},{"not_picked":["Leg Sweep","Sucker Punch"],"picked":"Dagger Spray","floor":5.0},{"not_picked":["Blade Dance","Storm of Steel"],"picked":"Deadly Poison","floor":6.0},{"not_picked":["Blade Dance","Sucker Punch"],"picked":"Crippling Poison","floor":8.0},{"not_picked":["Underhanded Strike","Backflip","PiercingWail"],"picked":"Singing Bowl","floor":11.0},{"not_picked":["Night Terror","Terror","Reflex"],"picked":"Singing Bowl","floor":12.0},{"not_picked":["Dagger Spray","Outmaneuver"],"picked":"Bane","floor":13.0}],"player_experience":821823,"relics_obtained":[{"floor":6.0,"key":"Ancient Tea Set"},{"floor":8.0,"key":"Mercury Hourglass"},{"floor":9.0,"key":"Art of War"},{"floor":11.0,"key":"Singing Bowl"},{"floor":13.0,"key":"WingedGreaves"}],"event_choices":[{"damage_healed":0.0,"max_hp_gain":0.0,"max_hp_loss":0.0,"gold_gain":0.0,"event_name":"FaceTrader","player_choice":"Trade","floor":4.0,"gold_loss":0.0,"damage_taken":0.0,"relics_obtained":["GremlinMask"]}],"is_beta":true,"boss_relics":[],"items_purged_floors":[14],"is_endless":false,"potions_floor_spawned":[2,6,11,12],"killed_by":"Slime Boss","ascension_level":20}