{"gold_per_floor":[112,126,141,216,65,65,92,110,110,110,110,385,404,404,404,508,508,526,526,540,23,41,58,58,58,58,58,74,21,38,50,50,147,147,166,186,196,471,100,100,100,100,180,191,191,191,209,288,288,308],"floor_reached":51,"playtime":3513,"items_purged":["Strike_G","Regret","Regret"],"score":699,"play_id":"eab24778-a2ed-4b9b-a84b-ee27f3fe4d97","local_time":"20190902204356","is_ascension_mode":false,"campfire_choices":[{"data":"Crippling Poison","floor":6.0,"key":"SMITH"},{"data":"Well Laid Plans","floor":11.0,"key":"SMITH"},{"data":"Noxious Fumes","floor":15.0,"key":"SMITH"},{"data":"Malaise","floor":25.0,"key":"SMITH"},{"data":"Neutralize","floor":27.0,"key":"SMITH"},{"data":"Well Laid Plans","floor":32.0,"key":"SMITH"},{"data":"Mayhem","floor":40.0,"key":"SMITH"},{"data":"Jack Of All Trades","floor":42.0,"key":"SMITH"},{"floor":46.0,"key":"REST"},{"data":"Malaise","floor":49.0,"key":"SMITH"}],"neow_cost":"NONE","seed_source_timestamp":1128612589351300,"circlet_count":0,"master_deck":["Strike_G","Strike_G","Strike_G","Defend_G","Defend_G","Defend_G","Defend_G","Defend_G","Survivor","Neutralize+1","Terror","Well Laid Plans+1","Poisoned Stab","Crippling Poison+1","Noxious Fumes+1","Backflip","Deflect","Acrobatics","Jack Of All Trades+1","Malaise+1","Bane+1","Glass Knife","Well Laid Plans+1","Master of Strategy","Backflip","Deadly Poison","Corpse Explosion","Cloak And Dagger","Backstab+1","PiercingWail+1","Mayhem+1","Malaise+1","PiercingWail+1"],"special_seed":0,"relics":["Ring of the Serpent","Bottled Lightning","Pantograph","HoveringKite","Nloth\u0027s Gift","Snake Skull","Matryoshka","Blood Vial","Dodecahedron","Boot","Frozen Egg 2"],"potions_floor_usage":[50,50,50],"damage_taken":[{"damage":0.0,"enemies":"2 Louse","floor":1.0,"turns":3.0},{"damage":0.0,"enemies":"Small Slimes","floor":2.0,"turns":5.0},{"damage":0.0,"enemies":"Cultist","floor":3.0,"turns":3.0},{"damage":0.0,"enemies":"Lagavulin","floor":7.0,"turns":7.0},{"damage":0.0,"enemies":"Looter","floor":8.0,"turns":4.0},{"damage":10.0,"enemies":"Exordium Thugs","floor":13.0,"turns":4.0},{"damage":26.0,"enemies":"Slime Boss","floor":16.0,"turns":13.0},{"damage":0.0,"enemies":"Spheric Guardian","floor":18.0,"turns":4.0},{"damage":0.0,"enemies":"Chosen","floor":20.0,"turns":5.0},{"damage":1.0,"enemies":"Centurion and Healer","floor":22.0,"turns":6.0},{"damage":27.0,"enemies":"Sentry and Sphere","floor":23.0,"turns":9.0},{"damage":0.0,"enemies":"Snake Plant","floor":28.0,"turns":5.0},{"damage":3.0,"enemies":"Centurion and Healer","floor":30.0,"turns":6.0},{"damage":3.0,"enemies":"3 Cultists","floor":31.0,"turns":4.0},{"damage":35.0,"enemies":"Collector","floor":33.0,"turns":9.0},{"damage":14.0,"enemies":"3 Darklings","floor":35.0,"turns":5.0},{"damage":0.0,"enemies":"Orb Walker","floor":36.0,"turns":5.0},{"damage":0.0,"enemies":"3 Darklings","floor":37.0,"turns":2.0},{"damage":4.0,"enemies":"Writhing Mass","floor":44.0,"turns":7.0},{"damage":2.0,"enemies":"Sphere and 2 Shapes","floor":47.0,"turns":4.0},{"damage":12,"enemies":"Time Eater","floor":50,"turns":15}],"seed_played":"-1769830912291605313","potions_obtained":[{"floor":1.0,"key":"SteroidPotion"},{"floor":7.0,"key":"Weak Potion"},{"floor":13.0,"key":"Strength Potion"},{"floor":22.0,"key":"Ancient Potion"},{"floor":28.0,"key":"GhostInAJar"},{"floor":36.0,"key":"AttackPotion"}],"is_trial":false,"path_per_floor":["M","M","M","?","$","R","E","M","T","?","R","?","M","?","R","B",null,"M","?","M","$","M","M","?","R","T","R","M","$","M","M","R","B",null,"M","M","M","?","$","R","$","R","T","M","?","R","M","T","R","B",null],"character_chosen":"THE_SILENT","items_purchased":["Noxious Fumes","Snake Skull","Well Laid Plans","Master of Strategy","Backflip","Mayhem","SpeedPotion"],"campfire_rested":1,"item_purchase_floors":[5,21,21,21,29,39,39],"current_hp_per_floor":[70,70,70,59,59,59,59,59,59,26,26,26,16,16,16,15,70,70,70,70,70,69,42,35,35,35,35,35,35,32,29,29,19,70,56,56,56,56,56,56,56,56,56,54,54,66,64,64,64,54],"gold":308,"neow_bonus":"TRANSFORM_CARD","is_prod":false,"is_daily":false,"chose_seed":false,"campfire_upgraded":9,"win_rate":1,"timestamp":1567424636,"path_taken":["M","M","M","?","$","R","E","M","T","?","R","?","?","?","R","BOSS","M","?","M","$","?","M","?","R","T","R","M","?","?","?","R","BOSS","M","M","M","?","$","R","?","R","T","M","?","R","M","?","R","BOSS"],"build_version":"2019-07-17","purchased_purges":3,"victory":true,"max_hp_per_floor":[70,70,70,70,70,70,70,70,70,70,70,70,70,70,70,70,70,70,70,70,70,70,70,70,70,70,70,70,70,70,70,70,70,70,70,70,70,70,70,70,70,70,70,70,66,66,66,66,66,66],"card_choices":[{"not_picked":["Escape Plan","Slice"],"picked":"Well Laid Plans","floor":1.0},{"not_picked":["Dagger Throw","Underhanded Strike"],"picked":"Poisoned Stab","floor":2.0},{"not_picked":["Dodge and Roll","Backstab"],"picked":"Crippling Poison","floor":3.0},{"not_picked":["Reflex","Crippling Poison"],"picked":"Backflip","floor":7.0},{"not_picked":["Infinite Blades","Flying Knee"],"picked":"Deflect","floor":8.0},{"not_picked":["Slice","Expertise"],"picked":"Acrobatics","floor":13.0},{"not_picked":["Burst","Die Die Die"],"picked":"Malaise","floor":16.0},{"not_picked":["Masterful Stab","Flying Knee"],"picked":"Bane+1","floor":18.0},{"not_picked":["Prepared","Concentrate+1"],"picked":"Glass Knife","floor":20.0},{"not_picked":["Die Die Die","Bane","Dagger Spray"],"picked":"SKIP","floor":22.0},{"not_picked":["Blade Dance","Heel Hook","Masterful Stab"],"picked":"SKIP","floor":23.0},{"not_picked":["Well Laid Plans","Skewer","Venomology"],"picked":"SKIP","floor":28.0},{"not_picked":["Bane","Quick Slash+1","Slice"],"picked":"SKIP","floor":30.0},{"not_picked":["Well Laid Plans","Crippling Poison"],"picked":"Deadly Poison","floor":31.0},{"not_picked":["Malaise","Wraith Form v2"],"picked":"Corpse Explosion","floor":33.0},{"not_picked":["Underhanded Strike","Infinite Blades+1"],"picked":"Cloak And Dagger","floor":35.0},{"not_picked":["Dash","Setup+1"],"picked":"Backstab+1","floor":36.0},{"not_picked":["Underhanded Strike","Backstab"],"picked":"PiercingWail+1","floor":37.0},{"not_picked":["Slice+1","Flechettes+1"],"picked":"Malaise","floor":44.0},{"not_picked":["Caltrops+1","Accuracy"],"picked":"PiercingWail+1","floor":47.0}],"player_experience":349999,"relics_obtained":[{"floor":7.0,"key":"Bottled Tornado"},{"floor":9.0,"key":"Bottled Lightning"},{"floor":26.0,"key":"Matryoshka"},{"floor":43.0,"key":"Blood Vial"},{"floor":43.0,"key":"Dodecahedron"},{"floor":48.0,"key":"Boot"},{"floor":48.0,"key":"Frozen Egg 2"}],"event_choices":[{"damage_healed":0.0,"max_hp_gain":0.0,"max_hp_loss":0.0,"gold_gain":75.0,"event_name":"World of Goop","player_choice":"Gather Gold","floor":4.0,"gold_loss":0.0,"damage_taken":11.0},{"damage_healed":0.0,"max_hp_gain":0.0,"max_hp_loss":0.0,"gold_gain":0.0,"event_name":"Scrap Ooze","player_choice":"Success","floor":10.0,"gold_loss":0.0,"damage_taken":33.0,"relics_obtained":["Pantograph"]},{"damage_healed":0.0,"max_hp_gain":0.0,"max_hp_loss":0.0,"gold_gain":275.0,"event_name":"Golden Shrine","player_choice":"Desecrate","floor":12.0,"gold_loss":0.0,"damage_taken":0.0,"cards_obtained":["Regret"]},{"damage_healed":0.0,"max_hp_gain":0.0,"max_hp_loss":0.0,"gold_gain":0.0,"event_name":"Match and Keep!","player_choice":"1 cards matched","floor":14.0,"gold_loss":0.0,"damage_taken":0.0,"cards_obtained":["Jack Of All Trades"]},{"damage_healed":0.0,"max_hp_gain":0.0,"max_hp_loss":0.0,"gold_gain":0.0,"event_name":"N\u0027loth","player_choice":"Traded Relic","floor":19.0,"relics_lost":["Bottled Tornado"],"gold_loss":0.0,"damage_taken":0.0,"relics_obtained":["Nloth\u0027s Gift"]},{"damage_healed":0.0,"max_hp_gain":0.0,"max_hp_loss":0.0,"gold_gain":0.0,"event_name":"Knowing Skull","player_choice":"","floor":24.0,"potions_obtained":[],"gold_loss":0.0,"damage_taken":7.0,"cards_obtained":[]},{"damage_healed":0.0,"max_hp_gain":0.0,"max_hp_loss":0.0,"gold_gain":275.0,"event_name":"Golden Shrine","player_choice":"Desecrate","floor":38.0,"gold_loss":0.0,"damage_taken":0.0,"cards_obtained":["Regret"]},{"damage_healed":0.0,"max_hp_gain":0.0,"max_hp_loss":4.0,"gold_gain":0.0,"event_name":"Winding Halls","player_choice":"Max HP","floor":45.0,"gold_loss":0.0,"damage_taken":0.0}],"is_beta":false,"boss_relics":[{"not_picked":["Philosopher\u0027s Stone","Empty Cage"],"picked":"HoveringKite"},{"not_picked":["WristBlade","Runic Dome"],"picked":"Ring of the Serpent"}],"items_purged_floors":[5,21,39],"is_endless":false,"potions_floor_spawned":[1,7,13,16,22,28,33,36],"ascension_level":0}