{"gold_per_floor":[112,129,129,5,24,24,57,67,67,67],"floor_reached":10,"playtime":360,"items_purged":[],"score":136,"play_id":"23d89cfc-9ada-4cc3-84cd-9be6e4803ec4","local_time":"20190607193031","daily_mods":["Uncertain Future"],"is_ascension_mode":true,"campfire_choices":[{"data":"Dash","floor":6,"key":"SMITH"}],"neow_cost":"","seed_source_timestamp":0,"circlet_count":0,"master_deck":["AscendersBane","Defend_G","Defend_G","Defend_G","Defend_G","Defend_G","Strike_G","Strike_G","Strike_G","Strike_G","Strike_G","Survivor","Neutralize+1","Noxious Fumes","Dagger Spray","Dash+1","Caltrops","Sucker Punch"],"relics":["Ring of the Snake","Happy Flower","Singing Bowl"],"potions_floor_usage":[8,10],"damage_taken":[{"damage":4,"enemies":"Small Slimes","floor":1,"turns":5},{"damage":4,"enemies":"2 Louse","floor":2,"turns":3},{"damage":0,"enemies":"Cultist","floor":5,"turns":4},{"damage":37,"enemies":"3 Sentries","floor":7,"turns":7},{"damage":0,"enemies":"Blue Slaver","floor":8,"turns":6},{"damage":17,"enemies":"Gremlin Nob","floor":10,"turns":3}],"seed_played":"3047138617662098084","potions_obtained":[{"floor":1,"key":"Dexterity Potion"},{"floor":8,"key":"SkillPotion"}],"is_trial":true,"path_per_floor":["M","M","?","$","M","R","E","M","T","E"],"character_chosen":"THE_SILENT","items_purchased":["Dash","Caltrops"],"campfire_rested":0,"item_purchase_floors":[4,4],"current_hp_per_floor":[55,51,51,51,51,51,14,14,14,0],"gold":67,"neow_bonus":"","is_prod":false,"is_daily":false,"chose_seed":true,"campfire_upgraded":1,"win_rate":0,"timestamp":1559950231,"path_taken":["M","M","?","$","M","R","E","M","T","E"],"build_version":"2019-01-23","purchased_purges":0,"victory":false,"max_hp_per_floor":[66,66,66,66,66,66,66,66,66,66],"card_choices":[{"not_picked":["Outmaneuver","Slice"],"picked":"Noxious Fumes","floor":1},{"not_picked":["Deflect","Slice"],"picked":"Dagger Spray","floor":2},{"not_picked":["Dodge and Roll","Slice","Backflip"],"picked":"SKIP","floor":5},{"not_picked":["Dagger Spray","Infinite Blades","Envenom"],"picked":"SKIP","floor":7},{"not_picked":["Outmaneuver","Slice"],"picked":"Sucker Punch","floor":8}],"player_experience":1147742,"relics_obtained":[{"floor":7,"key":"Happy Flower"},{"floor":9,"key":"Singing Bowl"}],"event_choices":[{"damage_healed":0,"gold_gain":0,"player_choice":"Grow","damage_taken":0,"max_hp_gain":0,"max_hp_loss":0,"event_name":"Living Wall","floor":3,"gold_loss":0,"cards_upgraded":["Neutralize"]}],"is_beta":false,"boss_relics":[],"items_purged_floors":[],"is_endless":false,"potions_floor_spawned":[1,8],"killed_by":"Gremlin Nob","ascension_level":20}