{"gold_per_floor":[214,229,248,6,24,24,36,61,61,87,101,101,118,118,118,197,197,210,230,155,171,14,14,29,58,58,73,73,103,103,40,40,118,118,128,140,140,6,6,6,25,39,39,39,39,58,91,91,91,91],"floor_reached":50,"playtime":2596,"items_purged":["Strike_G","Strike_G"],"score":1048,"play_id":"9073b00f-461e-4ae2-9122-3ff135c2f79b","local_time":"20190805223849","is_ascension_mode":true,"campfire_choices":[{"data":"Neutralize","floor":6.0,"key":"SMITH"},{"floor":12.0,"key":"REST"},{"floor":15.0,"key":"REST"},{"data":"Wraith Form v2","floor":23.0,"key":"SMITH"},{"data":"Bouncing Flask","floor":30.0,"key":"SMITH"},{"floor":32.0,"key":"REST"},{"data":"Noxious Fumes","floor":40.0,"key":"SMITH"},{"data":"Wraith Form v2","floor":44.0,"key":"SMITH"},{"data":"Flechettes","floor":49.0,"key":"SMITH"}],"neow_cost":"NONE","seed_source_timestamp":0,"circlet_count":0,"master_deck":["AscendersBane","Strike_G","Strike_G","Defend_G","Defend_G","Defend_G+1","Defend_G","Defend_G","Survivor","Neutralize+1","Dash","Predator","Flying Knee","Deadly Poison+1","Flechettes+1","Bouncing Flask+1","Wraith Form v2+1","Finisher","Deflect","Backflip","Blade Dance","Adrenaline+1","PiercingWail","Noxious Fumes+1","Wraith Form v2+1","Predator+1","Blur","Skewer+1","PiercingWail","Wraith Form v2+1"],"special_seed":0,"relics":["Ring of the Snake","Oddly Smooth Stone","Potion Belt","War Paint","Pen Nib","Ninja Scroll","Runic Pyramid","Centennial Puzzle","The Courier","HoveringKite","Bag of Marbles","Strawberry"],"potions_floor_usage":[50,50],"damage_taken":[{"damage":9.0,"enemies":"Cultist","floor":1.0,"turns":5.0},{"damage":0.0,"enemies":"2 Louse","floor":2.0,"turns":3.0},{"damage":2.0,"enemies":"Small Slimes","floor":3.0,"turns":3.0},{"damage":9.0,"enemies":"Red Slaver","floor":5.0,"turns":5.0},{"damage":0.0,"enemies":"Looter","floor":7.0,"turns":3.0},{"damage":16.0,"enemies":"Lagavulin","floor":8.0,"turns":8.0},{"damage":13.0,"enemies":"Gremlin Nob","floor":10.0,"turns":4.0},{"damage":4.0,"enemies":"Lots of Slimes","floor":11.0,"turns":5.0},{"damage":7.0,"enemies":"Exordium Wildlife","floor":13.0,"turns":4.0},{"damage":16.0,"enemies":"Hexaghost","floor":16.0,"turns":9.0},{"damage":0.0,"enemies":"Chosen","floor":18.0,"turns":4.0},{"damage":6.0,"enemies":"Shell Parasite","floor":19.0,"turns":5.0},{"damage":0.0,"enemies":"Snake Plant","floor":21.0,"turns":3.0},{"damage":0.0,"enemies":"Centurion and Healer","floor":24.0,"turns":4.0},{"damage":7.0,"enemies":"Gremlin Leader","floor":25.0,"turns":8.0},{"damage":6.0,"enemies":"Chosen and Byrds","floor":27.0,"turns":5.0},{"damage":5.0,"enemies":"Book of Stabbing","floor":29.0,"turns":5.0},{"damage":35.0,"enemies":"Automaton","floor":33.0,"turns":12.0},{"damage":0.0,"enemies":"Orb Walker","floor":35.0,"turns":3.0},{"damage":5.0,"enemies":"3 Darklings","floor":36.0,"turns":5.0},{"damage":0.0,"enemies":"4 Shapes","floor":41.0,"turns":7.0},{"damage":0.0,"enemies":"Sphere and 2 Shapes","floor":42.0,"turns":5.0},{"damage":2.0,"enemies":"Spire Growth","floor":46.0,"turns":3.0},{"damage":2.0,"enemies":"Giant Head","floor":47.0,"turns":9.0},{"damage":30,"enemies":"Time Eater","floor":50,"turns":6}],"seed_played":"2387524327888346771","potions_obtained":[{"floor":5.0,"key":"GamblersBrew"},{"floor":10.0,"key":"Poison Potion"},{"floor":11.0,"key":"PowerPotion"},{"floor":18.0,"key":"SkillPotion"},{"floor":19.0,"key":"Energy Potion"},{"floor":24.0,"key":"SmokeBomb"},{"floor":25.0,"key":"Swift Potion"},{"floor":36.0,"key":"AttackPotion"},{"floor":42.0,"key":"PowerPotion"}],"is_trial":false,"path_per_floor":["M","M","M","$","M","R","M","E","T","E","M","R","M","?","R","B",null,"M","M","?","M","$","R","M","E","T","M","?","E","R","$","R","B",null,"M","M","?","$","?","R","M","M","T","R","$","M","E","?","R","B"],"character_chosen":"THE_SILENT","items_purchased":["Oddly Smooth Stone","Blade Dance","Noxious Fumes","Bag of Marbles"],"campfire_rested":3,"item_purchase_floors":[4,22,31,38],"current_hp_per_floor":[50,50,48,48,39,39,39,23,23,10,6,25,18,7,26,10,52,52,46,46,46,46,46,46,39,39,33,33,28,28,28,47,12,53,53,48,48,48,48,48,48,48,48,48,48,46,51,51,51,21],"gold":91,"neow_bonus":"HUNDRED_GOLD","is_prod":false,"is_daily":false,"chose_seed":false,"campfire_upgraded":6,"win_rate":0,"timestamp":1565059129,"path_taken":["M","M","M","$","M","R","M","E","T","E","M","R","M","?","R","BOSS","M","M","?","M","$","R","M","E","T","M","?","E","R","$","R","BOSS","M","?","?","$","?","R","M","?","T","R","?","M","E","?","R","BOSS"],"build_version":"2019-07-17","purchased_purges":2,"victory":false,"max_hp_per_floor":[66,66,66,66,66,66,66,66,66,66,66,66,66,66,66,66,66,66,66,66,66,66,66,66,66,66,66,66,66,66,66,66,66,66,66,66,66,66,66,66,66,66,66,66,66,66,73,73,73,73],"card_choices":[{"not_picked":["Flying Knee","Slice"],"picked":"Dash","floor":1.0},{"not_picked":["Cloak And Dagger","Choke"],"picked":"Predator","floor":2.0},{"not_picked":["Terror","Prepared"],"picked":"Flying Knee","floor":3.0},{"not_picked":["Infinite Blades","Underhanded Strike","Finisher"],"picked":"SKIP","floor":5.0},{"not_picked":["Underhanded Strike","Night Terror"],"picked":"Deadly Poison","floor":7.0},{"not_picked":["Prepared","Dagger Throw"],"picked":"Flechettes","floor":8.0},{"not_picked":["Poisoned Stab","Quick Slash"],"picked":"Bouncing Flask","floor":10.0},{"not_picked":["Quick Slash","Slice","Dagger Spray"],"picked":"SKIP","floor":11.0},{"not_picked":["Accuracy","Riddle With Holes","Blade Dance"],"picked":"SKIP","floor":13.0},{"not_picked":["Phantasmal Killer","Venomology"],"picked":"Wraith Form v2","floor":16.0},{"not_picked":["Quick Slash","Finisher","Outmaneuver"],"picked":"SKIP","floor":18.0},{"not_picked":["Quick Slash","Outmaneuver"],"picked":"Finisher","floor":18.0},{"not_picked":["Slice","Underhanded Strike"],"picked":"Deflect","floor":19.0},{"not_picked":["Slice+1","Caltrops"],"picked":"Backflip","floor":21.0},{"not_picked":["Eviscerate","Masterful Stab","Blade Dance"],"picked":"SKIP","floor":24.0},{"not_picked":["Terror","Backflip"],"picked":"Adrenaline","floor":25.0},{"not_picked":["Deflect","Slice"],"picked":"PiercingWail","floor":27.0},{"not_picked":["Outmaneuver","Endless Agony","Well Laid Plans"],"picked":"SKIP","floor":29.0},{"not_picked":["Grand Finale","Die Die Die"],"picked":"Wraith Form v2","floor":33.0},{"not_picked":["Well Laid Plans","Quick Slash"],"picked":"Predator+1","floor":35.0},{"not_picked":["Cloak And Dagger","All Out Attack"],"picked":"Blur","floor":36.0},{"not_picked":["Blade Dance","Predator"],"picked":"Skewer+1","floor":41.0},{"not_picked":["Quick Slash","Backstab"],"picked":"PiercingWail","floor":42.0},{"not_picked":["Outmaneuver","Blade Dance+1","Poisoned Stab"],"picked":"SKIP","floor":46.0},{"not_picked":["Escape Plan+1","Endless Agony","Outmaneuver"],"picked":"SKIP","floor":47.0}],"player_experience":1432634,"relics_obtained":[{"floor":8.0,"key":"Potion Belt"},{"floor":9.0,"key":"War Paint"},{"floor":10.0,"key":"Pen Nib"},{"floor":25.0,"key":"Centennial Puzzle"},{"floor":26.0,"key":"The Courier"},{"floor":47.0,"key":"Strawberry"}],"event_choices":[{"damage_healed":0.0,"max_hp_gain":0.0,"max_hp_loss":0.0,"gold_gain":0.0,"event_name":"Scrap Ooze","player_choice":"Success","floor":14.0,"gold_loss":0.0,"damage_taken":11.0,"relics_obtained":["Ninja Scroll"]},{"cards_removed":["Strike_G"],"damage_healed":0.0,"max_hp_gain":0.0,"max_hp_loss":0.0,"gold_gain":0.0,"event_name":"Beggar","player_choice":"Gave Gold","floor":20.0,"gold_loss":75.0,"damage_taken":0.0},{"damage_healed":0.0,"max_hp_gain":0.0,"max_hp_loss":0.0,"gold_gain":0.0,"event_name":"Upgrade Shrine","player_choice":"Upgraded","floor":28.0,"gold_loss":0.0,"damage_taken":0.0,"cards_upgraded":["Adrenaline"]},{"damage_healed":0.0,"max_hp_gain":0.0,"max_hp_loss":0.0,"gold_gain":0.0,"event_name":"SensoryStone","player_choice":"Memory 1","floor":37.0,"gold_loss":0.0,"damage_taken":0.0},{"damage_healed":0.0,"max_hp_gain":0.0,"max_hp_loss":0.0,"gold_gain":0.0,"event_name":"SecretPortal","player_choice":"Ignored","floor":39.0,"gold_loss":0.0,"damage_taken":0.0},{"damage_healed":0.0,"max_hp_gain":0.0,"max_hp_loss":0.0,"gold_gain":0.0,"event_name":"Duplicator","player_choice":"Copied","floor":48.0,"gold_loss":0.0,"damage_taken":0.0,"cards_obtained":["Wraith Form v2"]}],"is_beta":false,"boss_relics":[{"not_picked":["Coffee Dripper","Philosopher\u0027s Stone"],"picked":"Runic Pyramid"},{"not_picked":["Black Star","Ring of the Serpent"],"picked":"HoveringKite"}],"items_purged_floors":[4,22],"is_endless":false,"potions_floor_spawned":[5,10,11,18,19,24,25,36,42],"killed_by":"Time Eater","ascension_level":20}