{"gold_per_floor":[112,82,98,114,133,133,159,159,159,174,174,124,141,166,166,237,237,257,257,60,60,60,60,60,60,60,79,79,90,104,129,129,206,206,219,231,92,42,62,62,62,62,62,76,76,95,95],"floor_reached":47,"playtime":2757,"items_purged":["Defend_R","Strike_R"],"score":928,"play_id":"5e2327a8-d966-477d-b2d5-ee96f39f2d13","local_time":"20190831102127","is_ascension_mode":true,"campfire_choices":[{"data":"Bash","floor":6,"key":"SMITH"},{"data":"Armaments","floor":8,"key":"SMITH"},{"data":"Rampage","floor":11,"key":"SMITH"},{"data":"Inflame","floor":15,"key":"SMITH"},{"floor":23,"key":"REST"},{"data":"Fiend Fire","floor":25,"key":"SMITH"},{"floor":32,"key":"REST"},{"data":"Barricade","floor":40,"key":"SMITH"},{"floor":42,"key":"REST"}],"neow_cost":"NONE","seed_source_timestamp":155006610044700,"circlet_count":0,"master_deck":["AscendersBane","Strike_R","Strike_R","Strike_R","Defend_R","Defend_R","Defend_R","Bash+1","Armaments+1","Rampage+1","Inflame+1","Combust","Burning Pact","Fiend Fire+1","Power Through","Barricade+1","Shrug It Off+1","Limit Break+1","Disarm","Impervious","Parasite","Pummel+1","Madness","Madness","Second Wind+1"],"relics":["Burning Blood","NeowsBlessing","Smiling Mask","Red Skull","Pantograph","Mark of Pain","Juzu Bracelet","Dead Branch","Enchiridion","Bottled Tornado","Gremlin Horn","Cursed Key"],"potions_floor_usage":[2,7,14,30,31,47],"damage_taken":[{"damage":0,"enemies":"Small Slimes","floor":1,"turns":1},{"damage":0,"enemies":"Cultist","floor":3,"turns":1},{"damage":0,"enemies":"2 Louse","floor":4,"turns":2},{"damage":10,"enemies":"2 Fungi Beasts","floor":5,"turns":4},{"damage":20,"enemies":"Lagavulin","floor":7,"turns":6},{"damage":17,"enemies":"Red Slaver","floor":10,"turns":4},{"damage":16,"enemies":"Blue Slaver","floor":13,"turns":4},{"damage":16,"enemies":"Gremlin Nob","floor":14,"turns":3},{"damage":53,"enemies":"Hexaghost","floor":16,"turns":9},{"damage":12,"enemies":"Chosen","floor":18,"turns":5},{"damage":2,"enemies":"Spheric Guardian","floor":27,"turns":4},{"damage":45,"enemies":"Cultist and Chosen","floor":29,"turns":6},{"damage":0,"enemies":"Snake Plant","floor":30,"turns":2},{"damage":0,"enemies":"Book of Stabbing","floor":31,"turns":3},{"damage":10,"enemies":"Champ","floor":33,"turns":14},{"damage":3,"enemies":"Orb Walker","floor":35,"turns":2},{"damage":46,"enemies":"3 Darklings","floor":36,"turns":5},{"damage":0,"enemies":"Writhing Mass","floor":39,"turns":6},{"damage":18,"enemies":"Spire Growth","floor":44,"turns":3},{"damage":20,"enemies":"4 Shapes","floor":46,"turns":5},{"damage":30,"enemies":"Transient","floor":47,"turns":4}],"seed_played":"1462747154325952681","potions_obtained":[{"floor":2,"key":"Fruit Juice"},{"floor":2,"key":"Ancient Potion"},{"floor":5,"key":"Dexterity Potion"},{"floor":7,"key":"Fire Potion"},{"floor":14,"key":"SneckoOil"},{"floor":18,"key":"Weak Potion"},{"floor":29,"key":"SkillPotion"},{"floor":36,"key":"Weak Potion"},{"floor":46,"key":"Dexterity Potion"}],"is_trial":false,"path_per_floor":["M","?","M","M","M","R","E","R","T","M","R","$","M","E","R","B",null,"M","?","$","?","?","R","?","R","T","M","$","M","M","E","R","B",null,"M","M","$","?","M","R","?","R","T","M","?","M","M"],"character_chosen":"IRONCLAD","items_purchased":["Juzu Bracelet","Impervious"],"campfire_rested":3,"item_purchase_floors":[20,37],"current_hp_per_floor":[74,79,80,80,76,76,62,62,62,51,51,51,41,31,31,9,62,56,56,56,56,35,59,59,59,59,63,63,24,30,36,60,76,79,80,40,40,40,46,46,32,56,56,44,44,30,0],"gold":95,"neow_bonus":"THREE_ENEMY_KILL","is_prod":false,"is_daily":false,"chose_seed":false,"campfire_upgraded":6,"win_rate":0,"timestamp":1567214487,"path_taken":["M","?","?","M","M","R","E","R","T","?","R","$","M","E","R","BOSS","M","?","$","?","?","R","?","R","T","M","$","M","M","E","R","BOSS","M","M","$","?","M","R","?","R","T","M","?","M","M"],"build_version":"2019-07-17","purchased_purges":2,"victory":false,"max_hp_per_floor":[75,80,80,80,80,80,80,80,80,80,80,80,80,80,80,80,80,80,80,80,80,80,80,80,80,80,80,80,80,80,80,80,80,80,80,80,80,80,80,80,80,80,80,80,80,80,80],"card_choices":[{"not_picked":["Sword Boomerang","Heavy Blade"],"picked":"Armaments","floor":1},{"not_picked":["Combust","Corruption"],"picked":"Rampage","floor":3},{"not_picked":["Thunderclap","Heavy Blade","Infernal Blade"],"picked":"SKIP","floor":4},{"not_picked":["Thunderclap","Combust"],"picked":"Inflame","floor":5},{"not_picked":["Warcry","Sentinel"],"picked":"Combust","floor":7},{"not_picked":["Fire Breathing","Flex","Armaments"],"picked":"SKIP","floor":10},{"not_picked":["Reckless Charge","Intimidate"],"picked":"Burning Pact","floor":13},{"not_picked":["Clothesline","Thunderclap","Intimidate"],"picked":"SKIP","floor":14},{"not_picked":["Immolate","Bludgeon"],"picked":"Fiend Fire","floor":16},{"not_picked":["Thunderclap","Clothesline","Cleave"],"picked":"SKIP","floor":18},{"not_picked":["Inflame","Flex+1"],"picked":"Power Through","floor":27},{"not_picked":["Cleave+1","Armaments"],"picked":"Barricade","floor":29},{"not_picked":["Ghostly Armor","Flex"],"picked":"Shrug It Off+1","floor":30},{"not_picked":["Fire Breathing","Sword Boomerang","Clash"],"picked":"SKIP","floor":31},{"not_picked":["Feed","Berserk"],"picked":"Limit Break","floor":33},{"not_picked":["Cleave","Shrug It Off","Anger+1"],"picked":"SKIP","floor":35},{"not_picked":["Clothesline+1","Thunderclap"],"picked":"Disarm","floor":36},{"not_picked":["Hemokinesis","Clash+1"],"picked":"Pummel+1","floor":39},{"not_picked":["True Grit+1","Whirlwind"],"picked":"Second Wind+1","floor":44},{"not_picked":["Second Wind","Whirlwind+1","Clash+1"],"picked":"SKIP","floor":46}],"player_experience":515534,"relics_obtained":[{"floor":7,"key":"Smiling Mask"},{"floor":9,"key":"Red Skull"},{"floor":14,"key":"Pantograph"},{"floor":22,"key":"Enchiridion"},{"floor":26,"key":"Bottled Tornado"},{"floor":31,"key":"Gremlin Horn"}],"event_choices":[{"damage_healed":0,"gold_gain":0,"player_choice":"Bought 2 Potions","damage_taken":0,"max_hp_gain":0,"max_hp_loss":0,"event_name":"The Woman in Blue","floor":2,"gold_loss":0},{"cards_removed":["Strike_R"],"damage_healed":0,"gold_gain":0,"player_choice":"Elegance","damage_taken":0,"max_hp_gain":0,"max_hp_loss":0,"event_name":"Back to Basics","floor":19,"gold_loss":0},{"damage_healed":0,"gold_gain":0,"player_choice":"Gave Potion","damage_taken":0,"relics_obtained":["Dead Branch"],"max_hp_gain":0,"max_hp_loss":0,"event_name":"WeMeetAgain","floor":21,"gold_loss":0},{"damage_healed":0,"gold_gain":0,"player_choice":"Obtained Book","damage_taken":21,"max_hp_gain":0,"max_hp_loss":0,"event_name":"Cursed Tome","floor":22,"gold_loss":0},{"damage_healed":0,"gold_gain":0,"player_choice":"Ignored","damage_taken":0,"max_hp_gain":0,"max_hp_loss":0,"event_name":"Vampires","floor":24,"gold_loss":0},{"damage_healed":0,"gold_gain":0,"player_choice":"Upgrade","damage_taken":0,"max_hp_gain":0,"max_hp_loss":0,"event_name":"Designer","floor":38,"gold_loss":50,"cards_upgraded":["Limit Break"]},{"damage_healed":0,"gold_gain":0,"player_choice":"Embrace Madness","damage_taken":14,"max_hp_gain":0,"max_hp_loss":0,"event_name":"Winding Halls","floor":41,"gold_loss":0,"cards_obtained":["Madness","Madness"]},{"damage_healed":0,"gold_gain":0,"player_choice":"Ignored","damage_taken":0,"max_hp_gain":0,"max_hp_loss":0,"event_name":"Mysterious Sphere","floor":45,"gold_loss":0}],"is_beta":false,"boss_relics":[{"not_picked":["Eternal Feather","Ectoplasm"],"picked":"Mark of Pain"},{"not_picked":["Black Blood","Runic Dome"],"picked":"Cursed Key"}],"items_purged_floors":[12,20],"is_endless":false,"potions_floor_spawned":[5,7,14,18,29,36,46],"killed_by":"Transient","ascension_level":15}