{"gold_per_floor":[109,128,47,47,64,93,93,123,123,65,6,23,23,53,53,53],"floor_reached":16,"playtime":550,"items_purged":[],"score":216,"play_id":"8c087509-0396-4b66-8718-1505bf741a5f","local_time":"20190812141533","is_ascension_mode":true,"campfire_choices":[{"data":"Rampage","floor":7.0,"key":"SMITH"},{"floor":13,"key":"REST"},{"data":"Fiend Fire","floor":15,"key":"SMITH"}],"neow_cost":"NONE","seed_source_timestamp":224764842874500,"circlet_count":0,"master_deck":["AscendersBane","Strike_R","Strike_R","Strike_R","Strike_R","Strike_R","Defend_R","Defend_R","Defend_R","Bash+1","Rampage+1","Havoc","Battle Trance","Shrug It Off","Fiend Fire+1","Ghostly Armor","Armaments","Shockwave","Disarm"],"special_seed":0,"relics":["Burning Blood","Vajra","Frozen Egg 2","Potion Belt","Odd Mushroom"],"potions_floor_usage":[8,16],"damage_taken":[{"damage":5.0,"enemies":"2 Louse","floor":1.0,"turns":3.0},{"damage":1.0,"enemies":"Cultist","floor":2.0,"turns":3.0},{"damage":7.0,"enemies":"Jaw Worm","floor":5.0,"turns":3.0},{"damage":32.0,"enemies":"Gremlin Nob","floor":6.0,"turns":4.0},{"damage":42,"enemies":"3 Sentries","floor":8,"turns":8},{"damage":6,"enemies":"3 Louse","floor":12,"turns":5},{"damage":16,"enemies":"The Mushroom Lair","floor":14,"turns":5},{"damage":27,"enemies":"Slime Boss","floor":16,"turns":8}],"seed_played":"-6896421510920198889","potions_obtained":[{"floor":5.0,"key":"GamblersBrew"},{"floor":6.0,"key":"GamblersBrew"},{"floor":12,"key":"Energy Potion"}],"is_trial":false,"path_per_floor":["M","M","$","?","M","E","R","E","T","?","$","M","R","?","R","B"],"character_chosen":"IRONCLAD","items_purchased":["Battle Trance","Armaments"],"campfire_rested":1,"item_purchase_floors":[3,11],"current_hp_per_floor":[69,74,74,74,73,47,47,11,11,11,11,11,33,23,23,0],"gold":53,"neow_bonus":"UPGRADE_CARD","is_prod":false,"is_daily":false,"chose_seed":false,"campfire_upgraded":2,"win_rate":0,"timestamp":1565633733,"path_taken":["M","M","$","?","?","E","R","E","T","?","$","M","R","?","R","BOSS"],"build_version":"2019-07-17","purchased_purges":0,"victory":false,"max_hp_per_floor":[75,75,75,75,75,75,75,75,75,75,75,75,75,75,75,75],"card_choices":[{"not_picked":["Flex","Warcry"],"picked":"Rampage","floor":1.0},{"not_picked":["Hemokinesis","Power Through"],"picked":"Havoc","floor":2.0},{"not_picked":["Iron Wave","Flex"],"picked":"Shrug It Off","floor":5.0},{"not_picked":["Wild Strike","Dual Wield"],"picked":"Fiend Fire","floor":6.0},{"not_picked":["Havoc","Searing Blow"],"picked":"Ghostly Armor","floor":8},{"not_picked":["Intimidate","Flex"],"picked":"Shockwave","floor":12},{"not_picked":["Intimidate","Entrench"],"picked":"Disarm","floor":14}],"player_experience":1464081,"relics_obtained":[{"floor":6.0,"key":"Vajra"},{"floor":8,"key":"Frozen Egg 2"},{"floor":9,"key":"Potion Belt"},{"floor":14,"key":"Odd Mushroom"}],"event_choices":[{"cards_removed":["Defend_R"],"damage_healed":0.0,"max_hp_gain":0.0,"max_hp_loss":0.0,"gold_gain":0.0,"event_name":"Bonfire Elementals","player_choice":"Offered Basic","floor":4.0,"gold_loss":0.0,"damage_taken":0.0},{"damage_healed":0,"gold_gain":0,"player_choice":"Left Gold","damage_taken":0,"max_hp_gain":0,"max_hp_loss":0,"event_name":"World of Goop","floor":10,"gold_loss":58},{"damage_healed":0,"gold_gain":0,"player_choice":"Fought Mushrooms","damage_taken":0,"max_hp_gain":0,"max_hp_loss":0,"event_name":"Mushrooms","floor":14,"gold_loss":0}],"is_beta":false,"boss_relics":[],"items_purged_floors":[],"is_endless":false,"potions_floor_spawned":[5,6,12],"killed_by":"Slime Boss","ascension_level":20}