{"gold_per_floor":[111,186,204,204,47,79,79,96,96,123,135,147,190,221,233,322,334,361,384,406,17,42,42,76,76,76,1,1,21,21,55,55,55],"floor_reached":33,"playtime":1812,"items_purged":["Strike_R"],"score":602,"play_id":"0a15b2dd-2dba-45ab-8738-f2ff23bd5ace","local_time":"20190902140623","is_ascension_mode":true,"campfire_choices":[{"data":"True Grit","floor":7.0,"key":"SMITH"},{"data":"Bash","floor":11.0,"key":"SMITH"},{"data":"Uppercut","floor":15.0,"key":"SMITH"},{"data":"Corruption","floor":23.0,"key":"SMITH"},{"floor":28.0,"key":"REST"},{"data":"Sword Boomerang","floor":30.0,"key":"SMITH"},{"data":"Flame Barrier","floor":32.0,"key":"SMITH"}],"neow_cost":"NONE","seed_source_timestamp":366986102927100,"circlet_count":0,"master_deck":["AscendersBane","Strike_R","Strike_R","Defend_R","Defend_R","Defend_R","Bash+1","True Grit+1","Inflame+1","Pummel","Cleave","Sword Boomerang+1","Uppercut+1","Exhume","Thunderclap+1","Warcry+1","Iron Wave+1","Uppercut+1","Inflame","Shrug It Off+1","Corruption+1","Flame Barrier+1","Battle Trance"],"special_seed":0,"relics":["Burning Blood","Happy Flower","Ornamental Fan","Pear","MawBank","Shuriken","Astrolabe","Paper Frog","Strawberry","Kunai","Letter Opener"],"potions_floor_usage":[],"damage_taken":[{"damage":9.0,"enemies":"2 Louse","floor":1.0,"turns":2.0},{"damage":3.0,"enemies":"Small Slimes","floor":3.0,"turns":4.0},{"damage":28.0,"enemies":"Lagavulin","floor":6.0,"turns":7.0},{"damage":0.0,"enemies":"Cultist","floor":8.0,"turns":3.0},{"damage":24.0,"enemies":"Gremlin Nob","floor":10.0,"turns":4.0},{"damage":22.0,"enemies":"Lagavulin","floor":13.0,"turns":7.0},{"damage":0.0,"enemies":"Exordium Wildlife","floor":14.0,"turns":3.0},{"damage":29.0,"enemies":"Hexaghost","floor":16.0,"turns":9.0},{"damage":5.0,"enemies":"Chosen","floor":18.0,"turns":3.0},{"damage":6.0,"enemies":"3 Byrds","floor":19.0,"turns":5.0},{"damage":30.0,"enemies":"3 Cultists","floor":20.0,"turns":5.0},{"damage":40.0,"enemies":"Slavers","floor":24.0,"turns":4.0},{"damage":3.0,"enemies":"Snake Plant","floor":29.0,"turns":5.0},{"damage":19.0,"enemies":"Gremlin Leader","floor":31.0,"turns":7.0},{"damage":38,"enemies":"Champ","floor":33,"turns":12}],"seed_played":"5121651467248347667","potions_obtained":[{"floor":0.0,"key":"Energy Potion"},{"floor":0.0,"key":"Ancient Potion"},{"floor":3.0,"key":"Regen Potion"},{"floor":6.0,"key":"EntropicBrew"},{"floor":10.0,"key":"GamblersBrew"},{"floor":12.0,"key":"Explosive Potion"},{"floor":19.0,"key":"SpeedPotion"},{"floor":20.0,"key":"Swift Potion"},{"floor":29.0,"key":"Explosive Potion"},{"floor":31.0,"key":"LiquidBronze"}],"is_trial":false,"path_per_floor":["M","?","M","?","$","E","R","M","T","E","R","?","E","M","R","B",null,"M","M","M","$","T","R","E","?","T","$","R","M","R","E","R","B"],"character_chosen":"IRONCLAD","items_purchased":["Happy Flower","Paper Frog","Corruption","Fire Potion"],"campfire_rested":1,"item_purchase_floors":[5,21,21,21],"current_hp_per_floor":[65,54,57,57,57,50,50,56,66,48,48,48,32,38,38,15,68,69,69,45,45,45,45,18,18,18,18,45,48,48,35,35,0],"gold":55,"neow_bonus":"THREE_SMALL_POTIONS","is_prod":false,"is_daily":false,"chose_seed":false,"campfire_upgraded":6,"win_rate":0,"timestamp":1567447583,"path_taken":["M","?","M","?","$","E","R","M","T","E","R","?","E","M","R","BOSS","M","M","M","$","?","R","E","?","T","?","R","?","R","E","R","BOSS"],"build_version":"2019-08-26","purchased_purges":1,"victory":false,"max_hp_per_floor":[75,75,75,75,75,75,75,75,85,85,85,85,85,85,85,85,85,85,85,85,85,85,85,92,92,92,92,92,92,92,92,92,92],"card_choices":[{"not_picked":["Dropkick","Fire Breathing"],"picked":"True Grit","floor":1.0},{"not_picked":["Hemokinesis","Anger"],"picked":"Inflame","floor":3.0},{"not_picked":["Corruption","Wild Strike"],"picked":"Pummel","floor":6.0},{"not_picked":["Flex","Second Wind","Entrench"],"picked":"SKIP","floor":8.0},{"not_picked":["Barricade","Juggernaut"],"picked":"Cleave","floor":10.0},{"not_picked":["Twin Strike","Perfected Strike"],"picked":"Sword Boomerang","floor":13.0},{"not_picked":["Warcry","Havoc"],"picked":"Uppercut","floor":14.0},{"not_picked":["Dark Embrace","Brutality"],"picked":"Exhume","floor":16.0},{"not_picked":["Flex","Sword Boomerang"],"picked":"Uppercut+1","floor":18.0},{"not_picked":["Perfected Strike+1","Combust"],"picked":"Inflame","floor":19.0},{"not_picked":["Pommel Strike","Wild Strike"],"picked":"Shrug It Off+1","floor":20.0},{"not_picked":["Thunderclap","Perfected Strike"],"picked":"Flame Barrier","floor":24.0},{"not_picked":["Headbutt","Intimidate","Ghostly Armor"],"picked":"SKIP","floor":29.0},{"not_picked":["Dropkick","Immolate"],"picked":"Battle Trance","floor":31.0}],"player_experience":828730,"relics_obtained":[{"floor":6.0,"key":"Ornamental Fan"},{"floor":9.0,"key":"Pear"},{"floor":10.0,"key":"MawBank"},{"floor":13.0,"key":"Shuriken"},{"floor":24.0,"key":"Strawberry"},{"floor":26.0,"key":"Kunai"},{"floor":31.0,"key":"Letter Opener"}],"event_choices":[{"damage_healed":0.0,"max_hp_gain":0.0,"max_hp_loss":0.0,"gold_gain":75.0,"event_name":"World of Goop","player_choice":"Gather Gold","floor":2.0,"gold_loss":0.0,"damage_taken":11.0},{"damage_healed":0.0,"max_hp_gain":0.0,"max_hp_loss":0.0,"gold_gain":0.0,"event_name":"Living Wall","player_choice":"Grow","floor":4.0,"gold_loss":0.0,"damage_taken":0.0,"cards_upgraded":["Inflame"]},{"damage_healed":0.0,"max_hp_gain":0.0,"max_hp_loss":0.0,"gold_gain":0.0,"event_name":"Lab","player_choice":"Got Potions","floor":12.0,"gold_loss":0.0,"damage_taken":0.0},{"damage_healed":0.0,"max_hp_gain":0.0,"max_hp_loss":0.0,"gold_gain":0.0,"event_name":"Cursed Tome","player_choice":"Ignored","floor":25.0,"gold_loss":0.0,"damage_taken":0.0}],"is_beta":true,"boss_relics":[{"not_picked":["Black Star","Runic Dome"],"picked":"Astrolabe"}],"items_purged_floors":[27],"is_endless":false,"potions_floor_spawned":[3,6,10,13,19,20,29,31],"killed_by":"Champ","ascension_level":20}