{"gold_per_floor":[112,125,125,141,22,49,62,62,62,92,108,108,138,155,155,226,276,292,312,312,0,16,16,43,43,43,58,58,58],"floor_reached":29,"playtime":1209,"items_purged":[],"score":510,"play_id":"ca3bf666-e32d-461f-96ac-4c8996c34da9","local_time":"20190611121821","is_ascension_mode":true,"campfire_choices":[{"data":"Dagger Spray","floor":8.0,"key":"SMITH"},{"floor":12.0,"key":"REST"},{"data":"Malaise","floor":15.0,"key":"SMITH"},{"floor":23,"key":"REST"}],"neow_cost":"NONE","seed_source_timestamp":1274665539164300,"circlet_count":0,"master_deck":["AscendersBane","Defend_G+1","Defend_G+1","Defend_G+1","Defend_G+1","Defend_G+1","Strike_G+1","Strike_G+1","Strike_G+1","Strike_G+1","Strike_G+1","Survivor","Neutralize+1","Dagger Spray+1","Malaise+1","Sucker Punch","Dash","Footwork","Well Laid Plans+1","Dash","Unload","Noxious Fumes+1","Bouncing Flask","Doppelganger","Caltrops+1","Escape Plan","Acrobatics+1","Deflect","Ghostly","Ghostly","Ghostly","Outmaneuver+1","Writhe"],"special_seed":0,"relics":["Ring of the Snake","Frozen Egg 2","Odd Mushroom","Pear","Tiny House","Blue Candle","Toxic Egg 2","Bronze Scales"],"potions_floor_usage":[22],"damage_taken":[{"damage":1.0,"enemies":"Cultist","floor":1.0,"turns":4.0},{"damage":3.0,"enemies":"Jaw Worm","floor":2.0,"turns":4.0},{"damage":3.0,"enemies":"Small Slimes","floor":4.0,"turns":6.0},{"damage":30.0,"enemies":"Lagavulin","floor":6.0,"turns":13.0},{"damage":0.0,"enemies":"Exordium Wildlife","floor":7.0,"turns":4.0},{"damage":19.0,"enemies":"The Mushroom Lair","floor":10.0,"turns":5.0},{"damage":0.0,"enemies":"Blue Slaver","floor":11.0,"turns":5.0},{"damage":11.0,"enemies":"3 Sentries","floor":13.0,"turns":6.0},{"damage":6.0,"enemies":"Looter","floor":14.0,"turns":4.0},{"damage":9.0,"enemies":"The Guardian","floor":16.0,"turns":11.0},{"damage":5.0,"enemies":"Chosen","floor":18.0,"turns":4.0},{"damage":31.0,"enemies":"2 Thieves","floor":19.0,"turns":4.0},{"damage":60,"enemies":"Cultist and Chosen","floor":22,"turns":8},{"damage":8,"enemies":"Book of Stabbing","floor":24,"turns":7},{"damage":12,"enemies":"Shelled Parasite and Fungi","floor":27,"turns":5},{"damage":7,"enemies":"Centurion and Healer","floor":29,"turns":5}],"seed_played":"6011970126950837752","potions_obtained":[{"floor":0.0,"key":"Fire Potion"},{"floor":0.0,"key":"Regen Potion"},{"floor":7.0,"key":"Explosive Potion"},{"floor":10.0,"key":"Energy Potion"},{"floor":13.0,"key":"Poison Potion"},{"floor":17.0,"key":"FairyPotion"},{"floor":19.0,"key":"FearPotion"},{"floor":24,"key":"Dexterity Potion"},{"floor":27,"key":"SteroidPotion"}],"is_trial":false,"path_per_floor":["M","M","?","M","$","E","M","R","T","?","M","R","E","M","R","B",null,"M","M","?","?","M","R","E","?","T","M","?","M"],"character_chosen":"THE_SILENT","items_purchased":["Dash","Footwork"],"campfire_rested":2,"item_purchase_floors":[5,5],"current_hp_per_floor":[58,55,55,64,64,34,34,34,34,15,15,34,33,27,27,18,67,62,31,31,31,3,27,19,19,19,7,7,0],"gold":58,"neow_bonus":"THREE_SMALL_POTIONS","is_prod":false,"is_daily":false,"chose_seed":false,"campfire_upgraded":2,"win_rate":0,"timestamp":1560269901,"path_taken":["M","M","?","M","$","E","M","R","T","?","?","R","E","M","R","BOSS","M","M","?","?","M","R","E","?","T","?","?","M"],"build_version":"2019-01-23","purchased_purges":0,"victory":false,"max_hp_per_floor":[66,66,66,66,66,66,66,66,66,66,66,66,76,76,76,76,81,81,81,81,81,81,81,81,40,40,40,40,40],"card_choices":[{"not_picked":["Bane","Calculated Gamble"],"picked":"Dagger Spray","floor":1.0},{"not_picked":["Slice","Prepared"],"picked":"Malaise","floor":2.0},{"not_picked":["Dodge and Roll","Acrobatics"],"picked":"Sucker Punch","floor":4.0},{"not_picked":["Quick Slash","Dagger Throw"],"picked":"Well Laid Plans","floor":6.0},{"not_picked":["Underhanded Strike","Flechettes"],"picked":"Dash","floor":7.0},{"not_picked":["Bane","Backflip"],"picked":"Unload","floor":10.0},{"not_picked":["Footwork+1","Choke"],"picked":"Noxious Fumes+1","floor":11.0},{"not_picked":["Sucker Punch","Eviscerate"],"picked":"Bouncing Flask","floor":13.0},{"not_picked":["Slice","Sucker Punch","Accuracy+1"],"picked":"SKIP","floor":14.0},{"not_picked":["A Thousand Cuts+1","Burst"],"picked":"Doppelganger","floor":16.0},{"not_picked":["Blade Dance","Well Laid Plans+1"],"picked":"Caltrops+1","floor":17.0},{"not_picked":["All Out Attack","Reflex"],"picked":"Escape Plan","floor":18.0},{"not_picked":["Finisher","Setup"],"picked":"Acrobatics+1","floor":19.0},{"not_picked":["Dash","Bane+1"],"picked":"Deflect","floor":22},{"not_picked":["Dagger Spray","Underhanded Strike","Slice"],"picked":"SKIP","floor":24},{"not_picked":["Underhanded Strike","Blade Dance+1"],"picked":"Outmaneuver+1","floor":27}],"player_experience":1154693,"relics_obtained":[{"floor":6.0,"key":"Frozen Egg 2"},{"floor":10.0,"key":"Odd Mushroom"},{"floor":13.0,"key":"Pear"},{"floor":24,"key":"Blue Candle"},{"floor":26,"key":"Toxic Egg 2"}],"event_choices":[{"damage_healed":0.0,"max_hp_gain":0.0,"max_hp_loss":0.0,"gold_gain":0.0,"event_name":"Living Wall","player_choice":"Grow","floor":3.0,"gold_loss":0.0,"damage_taken":0.0,"cards_upgraded":["Neutralize"]},{"damage_healed":0.0,"max_hp_gain":0.0,"max_hp_loss":0.0,"gold_gain":0.0,"event_name":"Mushrooms","player_choice":"Fought Mushrooms","floor":10.0,"gold_loss":0.0,"damage_taken":0.0},{"damage_healed":0.0,"max_hp_gain":0.0,"max_hp_loss":0.0,"gold_gain":0.0,"event_name":"Back to Basics","player_choice":"Simplicity","floor":20.0,"gold_loss":0.0,"damage_taken":0.0,"cards_upgraded":["Defend_G","Defend_G","Defend_G","Defend_G","Strike_G","Strike_G","Strike_G","Strike_G","Strike_G"]},{"damage_healed":0.0,"max_hp_gain":0.0,"max_hp_loss":0.0,"gold_gain":0.0,"event_name":"Masked Bandits","player_choice":"Paid Fearfully","floor":21.0,"gold_loss":312.0,"damage_taken":0.0},{"damage_healed":0,"gold_gain":0,"player_choice":"Became a Ghost","damage_taken":0,"max_hp_gain":0,"max_hp_loss":41,"event_name":"Ghosts","floor":25,"gold_loss":0,"cards_obtained":["Ghostly","Ghostly","Ghostly"]},{"damage_healed":0,"gold_gain":0,"player_choice":"Opened","damage_taken":0,"relics_obtained":["Bronze Scales"],"max_hp_gain":0,"max_hp_loss":0,"event_name":"The Mausoleum","floor":28,"gold_loss":0,"cards_obtained":["Writhe"]}],"is_beta":false,"boss_relics":[{"not_picked":["Orrery","Cursed Key"],"picked":"Tiny House"}],"items_purged_floors":[],"is_endless":false,"potions_floor_spawned":[2,7,10,13,19,24,27],"killed_by":"Centurion and Healer","ascension_level":20}