{"gold_per_floor":[363,5,19,29,41,41,68,68,95,14,28,43,43,77,77,150,150,163,9,9,23,34,34,69,69,117,117,117,149,149,165,165,165],"floor_reached":33,"playtime":1340,"items_purged":[],"score":615,"play_id":"a2aef3e5-54f7-436a-8b7d-295f87f4498c","local_time":"20190608181004","is_ascension_mode":true,"campfire_choices":[{"data":"Neutralize","floor":6.0,"key":"SMITH"},{"floor":13,"key":"REST"},{"data":"Infinite Blades","floor":15,"key":"SMITH"},{"floor":23,"key":"REST"},{"floor":25,"key":"REST"},{"floor":27,"key":"REST"},{"data":"Well Laid Plans","floor":32,"key":"SMITH"}],"neow_cost":"PERCENT_DAMAGE","seed_source_timestamp":1036829916385700,"circlet_count":0,"master_deck":["AscendersBane","Defend_G","Defend_G","Defend_G","Defend_G","Defend_G","Survivor","Neutralize+1","Dagger Spray","PiercingWail","Endless Agony","Dagger Throw","Cloak And Dagger","Underhanded Strike","Infinite Blades+1","Sucker Punch","PiercingWail","Die Die Die","Doppelganger","Well Laid Plans+1","Skewer","Terror","Ghostly","Ghostly","Ghostly","Footwork","Bite","Bite","Bite","Bite","Bite","Calculated Gamble+1"],"special_seed":0,"relics":["Ring of the Snake","Pen Nib","Bronze Scales","Potion Belt","Bag of Preparation","Runic Dome","FaceOfCleric","PreservedInsect","Regal Pillow","Orichalcum"],"potions_floor_usage":[7,14,14,16,19,24,29],"damage_taken":[{"damage":1.0,"enemies":"2 Louse","floor":1.0,"turns":3.0},{"damage":1.0,"enemies":"Cultist","floor":3.0,"turns":4.0},{"damage":4.0,"enemies":"Small Slimes","floor":4.0,"turns":3.0},{"damage":2.0,"enemies":"Red Slaver","floor":5.0,"turns":3.0},{"damage":15,"enemies":"3 Sentries","floor":7,"turns":6},{"damage":0,"enemies":"Looter","floor":11,"turns":3},{"damage":10,"enemies":"3 Louse","floor":12,"turns":4},{"damage":10,"enemies":"Lagavulin","floor":14,"turns":5},{"damage":15,"enemies":"Hexaghost","floor":16,"turns":11},{"damage":23,"enemies":"Chosen","floor":18,"turns":5},{"damage":16,"enemies":"Shell Parasite","floor":21,"turns":6},{"damage":12,"enemies":"3 Cultists","floor":22,"turns":5},{"damage":23,"enemies":"Book of Stabbing","floor":24,"turns":4},{"damage":4,"enemies":"Slavers","floor":29,"turns":3},{"damage":0,"enemies":"Snake Plant","floor":31,"turns":4},{"damage":28,"enemies":"Collector","floor":33,"turns":6}],"seed_played":"1721852178408033465","potions_obtained":[{"floor":5.0,"key":"GhostInAJar"},{"floor":11,"key":"Energy Potion"},{"floor":12,"key":"AttackPotion"},{"floor":14,"key":"Weak Potion"},{"floor":22,"key":"Strength Potion"},{"floor":24,"key":"Explosive Potion"}],"is_trial":false,"path_per_floor":["M","$","M","M","M","R","E","?","T","$","M","M","R","E","R","B",null,"M","$","?","M","M","R","E","R","T","R","?","E","?","M","R","B"],"character_chosen":"THE_SILENT","items_purchased":["Pen Nib","Bronze Scales","PiercingWail","Infinite Blades","Well Laid Plans","Fruit Juice"],"campfire_rested":4,"item_purchase_floors":[2,2,2,10,19,19],"current_hp_per_floor":[43,43,42,38,36,36,21,21,21,21,21,11,30,20,20,5,51,28,33,33,18,7,28,6,28,28,65,37,34,26,27,27,0],"gold":165,"neow_bonus":"TWO_FIFTY_GOLD","is_prod":false,"is_daily":false,"chose_seed":false,"campfire_upgraded":3,"win_rate":0,"timestamp":1560031804,"path_taken":["M","$","M","M","M","R","E","?","T","?","?","M","R","E","R","BOSS","M","$","?","?","M","R","E","R","T","R","?","E","?","M","R","BOSS"],"build_version":"2019-01-23","purchased_purges":0,"victory":false,"max_hp_per_floor":[66,66,66,66,66,66,66,66,66,66,66,66,66,66,66,66,66,66,71,71,72,73,73,74,74,74,74,37,38,26,27,27,27],"card_choices":[{"not_picked":["Dodge and Roll","Calculated Gamble"],"picked":"Dagger Spray","floor":1.0},{"not_picked":["Cloak And Dagger","PiercingWail"],"picked":"Endless Agony","floor":3.0},{"not_picked":["Bouncing Flask","Underhanded Strike"],"picked":"Dagger Throw","floor":4.0},{"not_picked":["Acrobatics","Dagger Throw"],"picked":"Cloak And Dagger","floor":5.0},{"not_picked":["Prepared","Deflect"],"picked":"Underhanded Strike","floor":7},{"not_picked":["Acrobatics","Endless Agony"],"picked":"Sucker Punch","floor":11},{"not_picked":["Outmaneuver","Quick Slash"],"picked":"PiercingWail","floor":12},{"not_picked":["Sucker Punch","Underhanded Strike"],"picked":"Die Die Die","floor":14},{"not_picked":["Malaise","Grand Finale"],"picked":"Doppelganger","floor":16},{"not_picked":["Expertise","Underhanded Strike","Slice"],"picked":"SKIP","floor":18},{"not_picked":["Footwork","Flechettes"],"picked":"Skewer","floor":21},{"not_picked":["Reflex","Noxious Fumes"],"picked":"Terror","floor":22},{"not_picked":["Bane","Dagger Throw","A Thousand Cuts"],"picked":"SKIP","floor":24},{"not_picked":["Expertise","Backflip"],"picked":"Footwork","floor":29},{"not_picked":["Backflip","Infinite Blades"],"picked":"Calculated Gamble+1","floor":31}],"player_experience":1150835,"relics_obtained":[{"floor":7,"key":"Potion Belt"},{"floor":14,"key":"Bag of Preparation"},{"floor":24,"key":"PreservedInsect"},{"floor":26,"key":"Regal Pillow"},{"floor":29,"key":"Orichalcum"}],"event_choices":[{"cards_removed":["Strike_G"],"damage_healed":0,"gold_gain":0,"player_choice":"Purged","damage_taken":0,"max_hp_gain":0,"max_hp_loss":0,"event_name":"Purifier","floor":8,"gold_loss":0},{"damage_healed":0,"gold_gain":0,"player_choice":"Trade","damage_taken":0,"relics_obtained":["FaceOfCleric"],"max_hp_gain":0,"max_hp_loss":0,"event_name":"FaceTrader","floor":20,"gold_loss":0},{"damage_healed":0,"gold_gain":0,"player_choice":"Became a Ghost","damage_taken":0,"max_hp_gain":0,"max_hp_loss":37,"event_name":"Ghosts","floor":28,"gold_loss":0,"cards_obtained":["Ghostly","Ghostly","Ghostly"]},{"damage_healed":0,"gold_gain":0,"player_choice":"Became a vampire","damage_taken":0,"max_hp_gain":0,"max_hp_loss":12,"event_name":"Vampires","floor":30,"gold_loss":0,"cards_obtained":["Bite","Bite","Bite","Bite","Bite"]}],"is_beta":false,"boss_relics":[{"not_picked":["Pandora\u0027s Box","Velvet Choker"],"picked":"Runic Dome"}],"items_purged_floors":[],"is_endless":false,"potions_floor_spawned":[5,11,12,14,22,24],"killed_by":"Collector","ascension_level":20}