{"gold_per_floor":[215,225,242,242,392,392,7,36,36,52,82,94],"floor_reached":12,"playtime":385,"items_purged":["Doubt"],"score":156,"play_id":"4e9edc10-4ba2-459d-8156-7a38cbf79f93","local_time":"20190614123245","is_ascension_mode":true,"campfire_choices":[{"data":"Neutralize","floor":6.0,"key":"SMITH"}],"neow_cost":"NONE","seed_source_timestamp":7919526854400,"circlet_count":0,"master_deck":["AscendersBane","Defend_G","Defend_G","Defend_G","Defend_G","Defend_G","Strike_G","Strike_G","Strike_G","Strike_G","Strike_G","Survivor","Neutralize+1","Skewer","Quick Slash","After Image+1","Deadly Poison","Dagger Throw"],"special_seed":0,"relics":["Ring of the Snake","Membership Card","Kunai","Incense Burner","Tingsha","MawBank"],"potions_floor_usage":[12],"damage_taken":[{"damage":3.0,"enemies":"2 Louse","floor":1.0,"turns":4.0},{"damage":7.0,"enemies":"Small Slimes","floor":2.0,"turns":5.0},{"damage":0.0,"enemies":"Cultist","floor":3.0,"turns":5.0},{"damage":39.0,"enemies":"Lagavulin","floor":8.0,"turns":14.0},{"damage":7,"enemies":"Blue Slaver","floor":10,"turns":4},{"damage":9,"enemies":"The Mushroom Lair","floor":12,"turns":1}],"seed_played":"-3135528750780340461","potions_obtained":[{"floor":1.0,"key":"Ancient Potion"},{"floor":2.0,"key":"GamblersBrew"},{"floor":10,"key":"Regen Potion"}],"is_trial":false,"path_per_floor":["M","M","M","?","?","R","$","E","T","M","?","?"],"character_chosen":"THE_SILENT","items_purchased":["Membership Card","Kunai"],"campfire_rested":0,"item_purchase_floors":[7,7],"current_hp_per_floor":[56,49,49,49,49,49,49,10,10,3,3,0],"gold":94,"neow_bonus":"HUNDRED_GOLD","is_prod":false,"is_daily":false,"chose_seed":false,"campfire_upgraded":1,"win_rate":0,"timestamp":1560529965,"path_taken":["M","M","M","?","?","R","$","E","T","M","?","?"],"build_version":"2019-01-23","purchased_purges":1,"victory":false,"max_hp_per_floor":[66,66,66,66,66,66,66,66,66,66,66,66],"card_choices":[{"not_picked":["Bane","Blade Dance"],"picked":"Skewer","floor":1.0},{"not_picked":["Bane","Deflect"],"picked":"Quick Slash","floor":2.0},{"not_picked":["Flying Knee","Well Laid Plans"],"picked":"After Image","floor":3.0},{"not_picked":["Quick Slash","Acrobatics"],"picked":"Deadly Poison","floor":8.0},{"not_picked":["Quick Slash","All Out Attack"],"picked":"Dagger Throw","floor":10}],"player_experience":1176443,"relics_obtained":[{"floor":8.0,"key":"Incense Burner"},{"floor":9.0,"key":"Tingsha"}],"event_choices":[{"damage_healed":0.0,"max_hp_gain":0.0,"max_hp_loss":0.0,"gold_gain":0.0,"event_name":"Living Wall","player_choice":"Grow","floor":4.0,"gold_loss":0.0,"damage_taken":0.0,"cards_upgraded":["After Image"]},{"damage_healed":0.0,"max_hp_gain":0.0,"max_hp_loss":0.0,"gold_gain":150.0,"event_name":"Liars Game","player_choice":"AGREE","floor":5.0,"gold_loss":0.0,"damage_taken":0.0,"cards_obtained":["Doubt"]},{"damage_healed":0,"gold_gain":30,"player_choice":"Searched \u00272\u0027 times","damage_taken":0,"relics_obtained":["MawBank"],"max_hp_gain":0,"max_hp_loss":0,"event_name":"Dead Adventurer","floor":11,"gold_loss":0},{"damage_healed":0,"gold_gain":0,"player_choice":"Fought Mushrooms","damage_taken":0,"max_hp_gain":0,"max_hp_loss":0,"event_name":"Mushrooms","floor":12,"gold_loss":0}],"is_beta":false,"boss_relics":[],"items_purged_floors":[7],"is_endless":false,"potions_floor_spawned":[1,2,10],"killed_by":"The Mushroom Lair","ascension_level":20}