{"gold_per_floor":[110,130,160,174,187,187,199,199,224,187,201,226,226,54,54,126,126,137,151,165,40,40,40,69,69,93,128,128,178,178,195,195,268,268,278,301,47,47,63,63,80,109,109,109,139,139,139,139,139,139],"floor_reached":50,"playtime":2192,"items_purged":["Strike_G","Strike_G"],"score":1172,"play_id":"2c253344-bce4-465d-a5c9-a995df366297","local_time":"20190707092935","is_ascension_mode":true,"campfire_choices":[{"data":"Slice","floor":6.0,"key":"SMITH"},{"floor":8.0,"key":"REST"},{"data":"Footwork","floor":13.0,"key":"SMITH"},{"data":"Noxious Fumes","floor":15.0,"key":"SMITH"},{"floor":23.0,"key":"REST"},{"data":"Bouncing Flask","floor":30.0,"key":"SMITH"},{"data":"Footwork","floor":32.0,"key":"SMITH"},{"data":"Night Terror","floor":40.0,"key":"SMITH"},{"floor":44.0,"key":"RECALL"},{"data":"Leg Sweep","floor":46,"key":"SMITH"},{"data":"Neutralize","floor":49,"key":"SMITH"}],"neow_cost":"NONE","seed_source_timestamp":1427630115946300,"circlet_count":0,"master_deck":["AscendersBane","Strike_G","Strike_G","Strike_G","Defend_G","Defend_G","Defend_G","Defend_G","Defend_G","Survivor","Neutralize+1","Slice+1","Dagger Spray","Poisoned Stab","Leg Sweep+1","Bouncing Flask+1","Footwork+1","Noxious Fumes+1","Deadly Poison","Backstab","Flying Knee","Deflect","Dodge and Roll","Footwork+1","Night Terror+1","Panacea","Backflip+1","Predator","Writhe"],"special_seed":0,"relics":["Ring of the Snake","Tiny Chest","Snake Skull","Centennial Puzzle","White Beast Statue","Dream Catcher","Juzu Bracelet","FossilizedHelix","Coffee Dripper","Strawberry","Lantern","Calipers","Unceasing Top"],"potions_floor_usage":[50],"damage_taken":[{"damage":13.0,"enemies":"Jaw Worm","floor":1.0,"turns":7.0},{"damage":2.0,"enemies":"2 Louse","floor":2.0,"turns":3.0},{"damage":0.0,"enemies":"Cultist","floor":4.0,"turns":3.0},{"damage":24.0,"enemies":"Red Slaver","floor":5.0,"turns":7.0},{"damage":7.0,"enemies":"Blue Slaver","floor":7.0,"turns":4.0},{"damage":0.0,"enemies":"Looter","floor":11.0,"turns":4.0},{"damage":0.0,"enemies":"3 Sentries","floor":12.0,"turns":6.0},{"damage":31.0,"enemies":"Slime Boss","floor":16.0,"turns":7.0},{"damage":10.0,"enemies":"2 Thieves","floor":18.0,"turns":5.0},{"damage":10.0,"enemies":"Spheric Guardian","floor":19.0,"turns":4.0},{"damage":22.0,"enemies":"Centurion and Healer","floor":20.0,"turns":5.0},{"damage":18.0,"enemies":"Gremlin Leader","floor":24.0,"turns":7.0},{"damage":13.0,"enemies":"Slavers","floor":27.0,"turns":5.0},{"damage":0.0,"enemies":"Snecko","floor":31.0,"turns":5.0},{"damage":45.0,"enemies":"Automaton","floor":33.0,"turns":11.0},{"damage":6.0,"enemies":"3 Shapes","floor":35.0,"turns":4.0},{"damage":0.0,"enemies":"Orb Walker","floor":39.0,"turns":3.0},{"damage":25.0,"enemies":"Jaw Worm Horde","floor":41.0,"turns":7.0},{"damage":21.0,"enemies":"Giant Head","floor":42.0,"turns":11.0},{"damage":9,"enemies":"Nemesis","floor":45,"turns":9},{"damage":85,"enemies":"Donu and Deca","floor":50,"turns":6}],"seed_played":"-4067440489061601864","potions_obtained":[{"floor":2.0,"key":"AttackPotion"},{"floor":4.0,"key":"Swift Potion"},{"floor":11.0,"key":"Poison Potion"},{"floor":12.0,"key":"Strength Potion"},{"floor":18.0,"key":"SteroidPotion"},{"floor":19.0,"key":"Weak Potion"},{"floor":20.0,"key":"PowerPotion"},{"floor":24.0,"key":"GhostInAJar"},{"floor":27.0,"key":"PowerPotion"},{"floor":31.0,"key":"PowerPotion"},{"floor":33.0,"key":"Block Potion"},{"floor":35.0,"key":"Dexterity Potion"},{"floor":42.0,"key":"Strength Potion"},{"floor":45,"key":"Dexterity Potion"}],"is_trial":false,"path_per_floor":["M","M","?","M","M","R","M","R","T","?","M","E","R","$","R","B",null,"M","M","M","$","?","R","E","?","T","E","?","?","R","M","R","B",null,"M","T","$","?","M","R","M","E","T","R","E","R","?","?","R","B"],"character_chosen":"THE_SILENT","items_purchased":["Noxious Fumes","Deadly Poison","Deflect","Lantern","GhostInAJar"],"campfire_rested":2,"item_purchase_floors":[14,14,21,37,37],"current_hp_per_floor":[52,50,45,45,21,21,14,35,35,35,35,35,35,35,35,4,55,45,35,13,13,13,34,16,16,16,3,82,74,74,74,74,29,69,63,70,70,70,70,70,45,24,24,24,15,15,33,73,73,0],"gold":139,"neow_bonus":"TEN_PERCENT_HP_BONUS","is_prod":false,"is_daily":false,"chose_seed":false,"campfire_upgraded":8,"win_rate":0,"timestamp":1562506175,"path_taken":["M","M","?","M","M","R","M","R","T","?","M","E","R","$","R","BOSS","M","M","M","$","?","R","E","?","T","E","?","?","R","M","R","BOSS","M","?","$","?","M","R","M","E","T","R","E","R","?","?","R","BOSS"],"build_version":"2019-07-05","purchased_purges":2,"victory":false,"max_hp_per_floor":[72,72,72,72,72,72,72,72,72,72,72,72,72,72,72,72,72,72,72,72,72,72,72,72,72,72,72,82,82,82,82,82,82,82,82,89,89,89,89,89,89,89,89,89,89,89,89,73,73,73],"card_choices":[{"not_picked":["Underhanded Strike","Distraction"],"picked":"Slice","floor":1.0},{"not_picked":["Outmaneuver","Infinite Blades"],"picked":"Dagger Spray","floor":2.0},{"not_picked":["Deflect","Heel Hook"],"picked":"Wraith Form v2","floor":4.0},{"not_picked":["Dagger Spray","Concentrate"],"picked":"Poisoned Stab","floor":5.0},{"not_picked":["Sucker Punch","Concentrate"],"picked":"Leg Sweep","floor":7.0},{"not_picked":["Accuracy","PiercingWail"],"picked":"Bouncing Flask","floor":11.0},{"not_picked":["A Thousand Cuts","Distraction"],"picked":"Footwork","floor":12.0},{"not_picked":["Outmaneuver","Quick Slash","Accuracy+1"],"picked":"SKIP","floor":18.0},{"not_picked":["Tactician","Skewer"],"picked":"Backstab","floor":19.0},{"not_picked":["Dagger Spray+1","Dodge and Roll"],"picked":"Flying Knee","floor":20.0},{"not_picked":["Heel Hook","Expertise+1","Outmaneuver"],"picked":"SKIP","floor":24.0},{"not_picked":["Glass Knife","Deflect"],"picked":"Dodge and Roll","floor":27.0},{"not_picked":["Acrobatics+1","Flying Knee"],"picked":"Footwork","floor":31.0},{"not_picked":["Burst","Phantasmal Killer"],"picked":"Night Terror","floor":33.0},{"not_picked":["Dagger Spray","Quick Slash","Acrobatics"],"picked":"SKIP","floor":35.0},{"not_picked":["Dramatic Entrance","Impatience"],"picked":"Panacea","floor":38.0},{"not_picked":["Deadly Poison","Choke+1"],"picked":"Backflip+1","floor":39.0},{"not_picked":["Prepared","Choke+1","Riddle With Holes"],"picked":"SKIP","floor":41.0},{"not_picked":["Flying Knee","Concentrate"],"picked":"Predator","floor":42.0},{"not_picked":["Underhanded Strike","Poisoned Stab","Phantasmal Killer"],"picked":"SKIP","floor":45}],"player_experience":1314635,"relics_obtained":[{"floor":9.0,"key":"Snake Skull"},{"floor":12.0,"key":"Centennial Puzzle"},{"floor":24.0,"key":"Dream Catcher"},{"floor":26.0,"key":"Juzu Bracelet"},{"floor":27.0,"key":"FossilizedHelix"},{"floor":36.0,"key":"Strawberry"},{"floor":42.0,"key":"Calipers"},{"floor":45,"key":"Unceasing Top"}],"event_choices":[{"damage_healed":0.0,"max_hp_gain":0.0,"max_hp_loss":0.0,"gold_gain":0.0,"event_name":"Scrap Ooze","player_choice":"Success","floor":3.0,"gold_loss":0.0,"damage_taken":5.0,"relics_obtained":["Tiny Chest"]},{"damage_healed":0.0,"max_hp_gain":0.0,"max_hp_loss":0.0,"gold_gain":0.0,"event_name":"World of Goop","player_choice":"Left Gold","floor":10.0,"gold_loss":37.0,"damage_taken":0.0},{"damage_healed":0.0,"max_hp_gain":0.0,"max_hp_loss":0.0,"gold_gain":0.0,"event_name":"Cursed Tome","player_choice":"Ignored","floor":22.0,"gold_loss":0.0,"damage_taken":0.0},{"cards_removed":["Wraith Form v2"],"damage_healed":69.0,"max_hp_gain":10.0,"max_hp_loss":0.0,"gold_gain":0.0,"event_name":"Bonfire Elementals","player_choice":"Offered Rare","floor":28.0,"gold_loss":0.0,"damage_taken":0.0},{"damage_healed":0.0,"max_hp_gain":0.0,"max_hp_loss":0.0,"gold_gain":50.0,"event_name":"FaceTrader","player_choice":"Touch","floor":29.0,"gold_loss":0.0,"damage_taken":8.0},{"damage_healed":0.0,"max_hp_gain":0.0,"max_hp_loss":0.0,"gold_gain":0.0,"event_name":"SensoryStone","player_choice":"Memory 1","floor":38.0,"gold_loss":0.0,"damage_taken":0.0},{"damage_healed":18,"gold_gain":0,"player_choice":"Writhe","damage_taken":0,"max_hp_gain":0,"max_hp_loss":0,"event_name":"Winding Halls","floor":47,"gold_loss":0,"cards_obtained":["Writhe"]},{"damage_healed":73,"gold_gain":0,"player_choice":"Heal","damage_taken":0,"max_hp_gain":0,"max_hp_loss":16,"event_name":"The Moai Head","floor":48,"gold_loss":0}],"is_beta":false,"boss_relics":[{"not_picked":["Snecko Eye","Pandora\u0027s Box"],"picked":"White Beast Statue"},{"not_picked":["Runic Dome","Tiny House"],"picked":"Coffee Dripper"}],"items_purged_floors":[14,21],"is_endless":false,"potions_floor_spawned":[2,4,11,12,18,19,20,24,27,31,33,35,39,41,42,45],"killed_by":"Donu and Deca","ascension_level":20}