{"gold_per_floor":[117,167,185,196,213,213,245,245,270,270,282,312,332,57,57,134,134,146,179,179,199,217,217,251,271,301,311,184,209,209,109,109,186,186,205,258,133,143,161,161,186,186,210,238,238,460,493,61,61,61],"floor_reached":50,"playtime":2552,"items_purged":["Eviscerate","Grand Finale","Underhanded Strike+1"],"score":1456,"play_id":"7cfab956-1a68-440a-a40c-0402f8d149e1","local_time":"20190614215109","is_ascension_mode":true,"campfire_choices":[{"data":"Poisoned Stab","floor":6.0,"key":"SMITH"},{"data":"Adrenaline","floor":8.0,"key":"SMITH"},{"data":"Crippling Poison","floor":15.0,"key":"SMITH"},{"floor":23.0,"key":"REST"},{"data":"Footwork","floor":30.0,"key":"SMITH"},{"data":"Wraith Form v2","floor":32.0,"key":"SMITH"},{"floor":40.0,"key":"RECALL"},{"data":"After Image","floor":42.0,"key":"SMITH"},{"data":"After Image","floor":49.0,"key":"SMITH"}],"neow_cost":"NONE","seed_source_timestamp":38967324737900,"circlet_count":0,"master_deck":["AscendersBane","Survivor","Poisoned Stab+1","Dash","Adrenaline+1","Crippling Poison+1","Corpse Explosion","After Image+1","Corpse Explosion","Wraith Form v2+1","Footwork+1","Corpse Explosion","Leg Sweep","Blur+1","Predator","Deadly Poison","Backflip","Deflect","Blur","After Image+1","Noxious Fumes+1","Malaise","PiercingWail+1","PiercingWail","Adrenaline","Predator+1","Blade Dance+1","Leg Sweep+1","Footwork+1"],"special_seed":0,"relics":["Ring of the Snake","Orichalcum","Bag of Marbles","NlothsMask","Pen Nib","Mummified Hand","Pandora\u0027s Box","Red Mask","Bronze Scales","Tiny Chest","Omamori","Astrolabe","Gambling Chip","Letter Opener","War Paint","Frozen Egg 2","Mango"],"potions_floor_usage":[50],"damage_taken":[{"damage":3.0,"enemies":"Jaw Worm","floor":1.0,"turns":8.0},{"damage":0.0,"enemies":"Cultist","floor":3.0,"turns":4.0},{"damage":0.0,"enemies":"2 Louse","floor":4.0,"turns":3.0},{"damage":12.0,"enemies":"Exordium Thugs","floor":5.0,"turns":6.0},{"damage":12.0,"enemies":"Lagavulin","floor":7.0,"turns":6.0},{"damage":0.0,"enemies":"Exordium Wildlife","floor":11.0,"turns":4.0},{"damage":0.0,"enemies":"3 Sentries","floor":12.0,"turns":6.0},{"damage":3.0,"enemies":"Looter","floor":13.0,"turns":3.0},{"damage":11.0,"enemies":"The Guardian","floor":16.0,"turns":12.0},{"damage":0.0,"enemies":"Spheric Guardian","floor":18.0,"turns":3.0},{"damage":9.0,"enemies":"Masked Bandits","floor":19.0,"turns":2.0},{"damage":6.0,"enemies":"Shell Parasite","floor":21.0,"turns":4.0},{"damage":5.0,"enemies":"Sentry and Sphere","floor":22.0,"turns":3.0},{"damage":5.0,"enemies":"Book of Stabbing","floor":24.0,"turns":6.0},{"damage":9.0,"enemies":"Snake Plant","floor":25.0,"turns":4.0},{"damage":0.0,"enemies":"3 Cultists","floor":27.0,"turns":2.0},{"damage":0.0,"enemies":"Gremlin Leader","floor":29.0,"turns":5.0},{"damage":0.0,"enemies":"Automaton","floor":33.0,"turns":10.0},{"damage":0.0,"enemies":"3 Shapes","floor":35.0,"turns":2.0},{"damage":0.0,"enemies":"2 Orb Walkers","floor":36.0,"turns":4.0},{"damage":3.0,"enemies":"Orb Walker","floor":38.0,"turns":3.0},{"damage":0.0,"enemies":"Sphere and 2 Shapes","floor":39.0,"turns":3.0},{"damage":3.0,"enemies":"Reptomancer","floor":41.0,"turns":6.0},{"damage":31.0,"enemies":"Nemesis","floor":44.0,"turns":13.0},{"damage":6.0,"enemies":"Reptomancer","floor":47.0,"turns":6.0},{"damage":61,"enemies":"Awakened One","floor":50,"turns":12}],"seed_played":"3042792868461640291","potions_obtained":[{"floor":1.0,"key":"SkillPotion"},{"floor":5.0,"key":"FearPotion"},{"floor":7.0,"key":"Poison Potion"},{"floor":16.0,"key":"Ancient Potion"},{"floor":24.0,"key":"FearPotion"},{"floor":47.0,"key":"Fruit Juice"}],"is_trial":false,"path_per_floor":["M","?","M","M","M","R","E","R","T","?","M","E","M","$","R","B",null,"M","?","T","M","M","R","E","M","T","M","$","E","R","$","R","B",null,"M","?","$","M","M","R","E","R","T","E","?","?","E","$","R","B"],"character_chosen":"THE_SILENT","items_purchased":["Mummified Hand","PiercingWail","Footwork+1","Mango"],"campfire_rested":1,"item_purchase_floors":[14,28,48,48],"current_hp_per_floor":[62,62,62,62,50,50,38,38,38,38,38,38,35,35,35,24,60,60,51,51,45,40,61,56,47,47,47,47,47,47,47,47,47,66,66,66,66,63,63,63,60,60,60,29,43,43,37,56,56,0],"gold":61,"neow_bonus":"TEN_PERCENT_HP_BONUS","is_prod":false,"is_daily":false,"chose_seed":false,"campfire_upgraded":7,"win_rate":0,"timestamp":1560563469,"path_taken":["M","?","?","M","M","R","E","R","T","?","?","E","M","$","R","BOSS","M","?","?","M","M","R","E","M","T","M","$","E","R","?","R","BOSS","M","?","$","M","M","R","E","R","T","E","?","?","E","?","R","BOSS"],"build_version":"2019-01-23","purchased_purges":3,"victory":false,"max_hp_per_floor":[72,72,72,72,72,72,72,72,72,72,72,72,72,72,72,72,72,72,72,72,72,72,72,72,72,72,72,72,72,72,72,72,72,72,72,72,72,72,72,72,72,72,72,72,72,72,72,91,91,91],"card_choices":[{"not_picked":["Setup","Dodge and Roll"],"picked":"Poisoned Stab","floor":1.0},{"not_picked":["Underhanded Strike","Riddle With Holes"],"picked":"Dagger Spray","floor":3.0},{"not_picked":["Catalyst","PiercingWail"],"picked":"Dash","floor":4.0},{"not_picked":["Calculated Gamble","Acrobatics"],"picked":"Adrenaline","floor":5.0},{"not_picked":["Calculated Gamble","Sucker Punch"],"picked":"Crippling Poison","floor":7.0},{"not_picked":["Underhanded Strike","Cloak And Dagger","Acrobatics"],"picked":"SKIP","floor":11.0},{"not_picked":["Slice","Cloak And Dagger"],"picked":"Corpse Explosion","floor":12.0},{"not_picked":["Heel Hook","Setup","Choke"],"picked":"SKIP","floor":13.0},{"not_picked":["Tools of the Trade","Storm of Steel"],"picked":"After Image","floor":16.0},{"not_picked":["Slice","Accuracy+1"],"picked":"Deadly Poison","floor":18.0},{"not_picked":["Slice","Bane"],"picked":"Backflip","floor":19.0},{"not_picked":["Underhanded Strike","Crippling Poison"],"picked":"Deflect","floor":21.0},{"not_picked":["Flying Knee","Dagger Throw"],"picked":"Blur","floor":22.0},{"not_picked":["Dagger Spray","PiercingWail+1"],"picked":"After Image","floor":24.0},{"not_picked":["Flechettes","Acrobatics"],"picked":"Noxious Fumes+1","floor":25.0},{"not_picked":["Dagger Spray","Sucker Punch"],"picked":"Malaise","floor":27.0},{"not_picked":["Sucker Punch","Slice+1"],"picked":"PiercingWail","floor":29.0},{"not_picked":["A Thousand Cuts","Phantasmal Killer"],"picked":"Adrenaline","floor":33.0},{"not_picked":["Infinite Blades+1","Eviscerate+1"],"picked":"Leg Sweep+1","floor":35.0},{"not_picked":["Dash","Underhanded Strike+1","Flechettes"],"picked":"SKIP","floor":38.0},{"not_picked":["Skewer","Choke+1","Bouncing Flask"],"picked":"SKIP","floor":39.0},{"not_picked":["Masterful Stab+1","Poisoned Stab+1","Concentrate"],"picked":"SKIP","floor":41.0},{"not_picked":["Deadly Poison","Heel Hook+1","Quick Slash+1"],"picked":"SKIP","floor":44.0},{"not_picked":["Underhanded Strike","Deflect","Dash+1"],"picked":"SKIP","floor":47.0}],"player_experience":1180310,"relics_obtained":[{"floor":7.0,"key":"Orichalcum"},{"floor":9.0,"key":"Bag of Marbles"},{"floor":12.0,"key":"Pen Nib"},{"floor":19.0,"key":"Red Mask"},{"floor":24.0,"key":"Bronze Scales"},{"floor":26.0,"key":"Tiny Chest"},{"floor":29.0,"key":"Omamori"},{"floor":36.0,"key":"Gambling Chip"},{"floor":41.0,"key":"Letter Opener"},{"floor":44.0,"key":"War Paint"},{"floor":47.0,"key":"Frozen Egg 2"}],"event_choices":[{"damage_healed":0.0,"max_hp_gain":0.0,"max_hp_loss":0.0,"gold_gain":50.0,"event_name":"Golden Shrine","player_choice":"Pray","floor":2.0,"gold_loss":0.0,"damage_taken":0.0},{"damage_healed":0.0,"max_hp_gain":0.0,"max_hp_loss":0.0,"gold_gain":0.0,"event_name":"FaceTrader","player_choice":"Trade","floor":10.0,"gold_loss":0.0,"damage_taken":0.0,"relics_obtained":["NlothsMask"]},{"damage_healed":0.0,"max_hp_gain":0.0,"max_hp_loss":0.0,"gold_gain":0.0,"event_name":"Masked Bandits","player_choice":"Fought Bandits","floor":19.0,"gold_loss":0.0,"damage_taken":0.0},{"damage_healed":0.0,"max_hp_gain":0.0,"max_hp_loss":0.0,"gold_gain":0.0,"event_name":"Mysterious Sphere","player_choice":"Fight","floor":36.0,"gold_loss":0.0,"damage_taken":0.0},{"damage_healed":14.0,"max_hp_gain":0.0,"max_hp_loss":0.0,"gold_gain":0.0,"event_name":"Winding Halls","player_choice":"Writhe","floor":45.0,"gold_loss":0.0,"damage_taken":0.0,"cards_obtained":["Writhe"]},{"damage_healed":0.0,"max_hp_gain":0.0,"max_hp_loss":0.0,"gold_gain":222.0,"event_name":"Tomb of Lord Red Mask","player_choice":"Wore Mask","floor":46.0,"gold_loss":0.0,"damage_taken":0.0}],"is_beta":false,"boss_relics":[{"not_picked":["Runic Dome","Cursed Key"],"picked":"Pandora\u0027s Box"},{"not_picked":["Ring of the Serpent","Calling Bell"],"picked":"Astrolabe"}],"items_purged_floors":[28,31,37],"is_endless":false,"potions_floor_spawned":[1,5,7,12,16,18,24,27,36,39,47],"killed_by":"Awakened One","ascension_level":20}