{"gold_per_floor":[213,225,239,7,82,82,96,125,151,151,151,164,164,193,193,290,290,306,324,249,263,263,263,95,130,130,130,130],"floor_reached":28,"playtime":1863,"items_purged":[],"score":406,"play_id":"fda9c3de-5994-4718-a19c-fbb20a40b7eb","local_time":"20190903151817","is_ascension_mode":true,"campfire_choices":[{"data":"Neutralize","floor":6,"key":"SMITH"},{"data":"Well Laid Plans","floor":11,"key":"SMITH"},{"data":"Cloak And Dagger","floor":13,"key":"SMITH"},{"data":"Sucker Punch","floor":15,"key":"SMITH"},{"floor":23,"key":"REST"},{"data":"Cloak And Dagger","floor":27,"key":"SMITH"}],"neow_cost":"NONE","seed_source_timestamp":163367350569800,"circlet_count":0,"master_deck":["AscendersBane","Defend_G+1","Defend_G","Defend_G+1","Defend_G","Defend_G","Survivor","Neutralize+1","Slice","Cloak And Dagger+1","Well Laid Plans+1","Poisoned Stab","Accuracy","Dagger Spray","Backflip","Sucker Punch+1","Malaise","Blur","Acrobatics","Cloak And Dagger+1","Bite","Bite","Bite","Bite","Bite","Dash","Cloak And Dagger","Noxious Fumes","Malaise"],"relics":["Ring of the Snake","Omamori","Strawberry","War Paint","Snake Skull","Cursed Key","Orichalcum","Molten Egg 2"],"potions_floor_usage":[14,16,25,28],"damage_taken":[{"damage":3,"enemies":"Cultist","floor":1,"turns":5},{"damage":0,"enemies":"2 Louse","floor":2,"turns":3},{"damage":1,"enemies":"Jaw Worm","floor":3,"turns":4},{"damage":1,"enemies":"Exordium Wildlife","floor":7,"turns":6},{"damage":24,"enemies":"3 Sentries","floor":8,"turns":12},{"damage":4,"enemies":"Looter","floor":12,"turns":4},{"damage":11,"enemies":"Lagavulin","floor":14,"turns":5},{"damage":28,"enemies":"Slime Boss","floor":16,"turns":11},{"damage":15,"enemies":"2 Thieves","floor":18,"turns":5},{"damage":16,"enemies":"Chosen","floor":19,"turns":7},{"damage":17,"enemies":"Centurion and Healer","floor":21,"turns":10},{"damage":28,"enemies":"Book of Stabbing","floor":25,"turns":7},{"damage":17,"enemies":"Slavers","floor":28,"turns":2}],"seed_played":"3532093882040295117","potions_obtained":[{"floor":7,"key":"LiquidBronze"},{"floor":8,"key":"FearPotion"},{"floor":14,"key":"Strength Potion"},{"floor":16,"key":"Ancient Potion"},{"floor":18,"key":"Energy Potion"},{"floor":21,"key":"FearPotion"},{"floor":25,"key":"AttackPotion"}],"is_trial":false,"path_per_floor":["M","M","M","$","?","R","M","E","T","?","R","M","R","E","R","B",null,"M","M","?","M","?","R","$","E","T","R","E"],"character_chosen":"THE_SILENT","items_purchased":["Well Laid Plans","Omamori","Poisoned Stab","Dash","Cloak And Dagger","Noxious Fumes"],"campfire_rested":1,"item_purchase_floors":[4,4,4,24,24,24],"current_hp_per_floor":[60,60,59,59,48,48,47,30,30,77,77,73,73,62,62,34,66,51,35,35,18,18,33,33,17,17,17,0],"gold":130,"neow_bonus":"HUNDRED_GOLD","is_prod":false,"is_daily":false,"chose_seed":false,"campfire_upgraded":5,"win_rate":0,"timestamp":1567538297,"path_taken":["M","M","M","$","?","R","M","E","T","?","R","?","R","E","R","BOSS","M","M","?","M","?","R","?","E","T","R","E"],"build_version":"2019-07-17","purchased_purges":0,"victory":false,"max_hp_per_floor":[70,70,70,70,70,70,70,77,77,77,77,77,77,77,77,77,77,77,77,77,77,53,53,53,53,53,53,53],"card_choices":[{"not_picked":["Prepared","Dodge and Roll"],"picked":"Slice","floor":1},{"not_picked":["Blade Dance","Distraction"],"picked":"Heel Hook","floor":2},{"not_picked":["Bane","Slice"],"picked":"Cloak And Dagger","floor":3},{"not_picked":["Heel Hook","Slice"],"picked":"Accuracy","floor":7},{"not_picked":["Backflip","Night Terror"],"picked":"Dagger Spray","floor":8},{"not_picked":["Sucker Punch","Bane"],"picked":"Backflip","floor":12},{"not_picked":["Blade Dance","Quick Slash"],"picked":"Sucker Punch","floor":14},{"not_picked":["Unload","A Thousand Cuts"],"picked":"Malaise","floor":16},{"not_picked":["Dodge and Roll","Flying Knee"],"picked":"Blur","floor":18},{"not_picked":["Riddle With Holes","Dagger Spray"],"picked":"Acrobatics","floor":19},{"not_picked":["Underhanded Strike","Dagger Throw"],"picked":"Cloak And Dagger","floor":21},{"not_picked":["Quick Slash","Malaise","Sucker Punch"],"picked":"SKIP","floor":25},{"not_picked":["Quick Slash","Sucker Punch"],"picked":"Malaise","floor":25}],"player_experience":296007,"relics_obtained":[{"floor":8,"key":"Strawberry"},{"floor":9,"key":"War Paint"},{"floor":14,"key":"Snake Skull"},{"floor":25,"key":"Orichalcum"},{"floor":26,"key":"Molten Egg 2"}],"event_choices":[{"damage_healed":0,"gold_gain":75,"player_choice":"Gather Gold","damage_taken":11,"max_hp_gain":0,"max_hp_loss":0,"event_name":"World of Goop","floor":5,"gold_loss":0},{"cards_removed":["Heel Hook"],"damage_healed":47,"gold_gain":0,"player_choice":"Offered Uncommon","damage_taken":0,"max_hp_gain":0,"max_hp_loss":0,"event_name":"Bonfire Elementals","floor":10,"gold_loss":0},{"cards_removed":["Strike_G"],"damage_healed":0,"gold_gain":0,"player_choice":"Gave Gold","damage_taken":0,"max_hp_gain":0,"max_hp_loss":0,"event_name":"Beggar","floor":20,"gold_loss":75},{"damage_healed":0,"gold_gain":0,"player_choice":"Became a vampire","damage_taken":0,"max_hp_gain":0,"max_hp_loss":24,"event_name":"Vampires","floor":22,"gold_loss":0,"cards_obtained":["Bite","Bite","Bite","Bite","Bite"]}],"is_beta":false,"boss_relics":[{"not_picked":["Lizard Tail","Fusion Hammer"],"picked":"Cursed Key"}],"items_purged_floors":[],"is_endless":false,"potions_floor_spawned":[7,8,14,16,18,21,25],"killed_by":"Slavers","ascension_level":11}