{"gold_per_floor":[114,114,13,31,48,48,66,66,66,101,119,119,134,153,153,258,258,276,286,286,297,222,222,241,241,268,285,310,388,133,147,147,245,245,258,65,65,82,82,82,117,117,140,167,220,230,230,49,49,49,49,49,10,43,43],"floor_reached":56,"playtime":3455,"items_purged":["Regret","Clothesline"],"score":1302,"play_id":"18d6f880-b070-493a-b998-0a220c9aac2a","local_time":"20190831224802","is_ascension_mode":false,"campfire_choices":[{"data":"Anger","floor":6,"key":"SMITH"},{"data":"Feed","floor":8,"key":"SMITH"},{"data":"Whirlwind","floor":12,"key":"SMITH"},{"data":"Combust","floor":15,"key":"SMITH"},{"data":"Demon Form","floor":23,"key":"SMITH"},{"data":"Havoc","floor":25,"key":"SMITH"},{"data":"Corruption","floor":32,"key":"SMITH"},{"floor":40,"key":"REST"},{"floor":47,"key":"REST"},{"floor":49,"key":"RECALL"},{"floor":52,"key":"REST"}],"neow_cost":"NONE","seed_source_timestamp":963380916019100,"circlet_count":0,"master_deck":["Bash+1","Anger+1","Thunderclap","Combust+1","Infernal Blade","Feed+1","Shrug It Off","Whirlwind+1","Evolve","Uppercut","Demon Form+1","Bludgeon","Juggernaut","Armaments","Thunderclap","Power Through","Clothesline","Dropkick","Flex+1","True Grit+1","Feed+1","Warcry","Havoc+1","Sword Boomerang","Feel No Pain","Corruption+1","Impervious","Feed","Double Tap","Madness","Spot Weakness+1","Havoc","Fiend Fire","Intimidate+1","Apotheosis","Feel No Pain","Ghostly Armor+1"],"relics":["Burning Blood","Champion Belt","Thread and Needle","Red Skull","Pandora\u0027s Box","Centennial Puzzle","Anchor","Pantograph","Fusion Hammer","OrangePellets","Mercury Hourglass","Pear","Unceasing Top","Bag of Marbles"],"potions_floor_usage":[7,18,27,28,45,55,55,55],"damage_taken":[{"damage":7,"enemies":"Small Slimes","floor":1,"turns":4},{"damage":5,"enemies":"Jaw Worm","floor":4,"turns":3},{"damage":1,"enemies":"Cultist","floor":5,"turns":3},{"damage":6,"enemies":"Exordium Wildlife","floor":7,"turns":4},{"damage":13,"enemies":"Gremlin Nob","floor":10,"turns":5},{"damage":3,"enemies":"Lots of Slimes","floor":11,"turns":4},{"damage":3,"enemies":"Looter","floor":13,"turns":3},{"damage":6,"enemies":"Exordium Wildlife","floor":14,"turns":3},{"damage":23,"enemies":"Slime Boss","floor":16,"turns":7},{"damage":12,"enemies":"2 Thieves","floor":18,"turns":4},{"damage":16,"enemies":"Chosen","floor":19,"turns":5},{"damage":7,"enemies":"Snecko","floor":21,"turns":4},{"damage":19,"enemies":"3 Cultists","floor":24,"turns":8},{"damage":16,"enemies":"Snake Plant","floor":27,"turns":4},{"damage":4,"enemies":"Gremlin Leader","floor":28,"turns":5},{"damage":14,"enemies":"Centurion and Healer","floor":31,"turns":8},{"damage":65,"enemies":"Collector","floor":33,"turns":12},{"damage":0,"enemies":"Orb Walker","floor":35,"turns":4},{"damage":5,"enemies":"3 Shapes","floor":38,"turns":4},{"damage":4,"enemies":"Giant Head","floor":41,"turns":6},{"damage":52,"enemies":"Reptomancer","floor":44,"turns":6},{"damage":0,"enemies":"2 Orb Walkers","floor":45,"turns":5},{"damage":7,"enemies":"Transient","floor":46,"turns":5},{"damage":25,"enemies":"Awakened One","floor":50,"turns":8},{"damage":40,"enemies":"Shield and Spear","floor":54,"turns":6},{"damage":46,"enemies":"The Heart","floor":55,"turns":11}],"seed_played":"2084131412219978522","potions_obtained":[{"floor":5,"key":"Swift Potion"},{"floor":7,"key":"Fruit Juice"},{"floor":14,"key":"Block Potion"},{"floor":16,"key":"LiquidBronze"},{"floor":18,"key":"Poison Potion"},{"floor":27,"key":"FearPotion"},{"floor":31,"key":"Block Potion"},{"floor":33,"key":"Dexterity Potion"},{"floor":45,"key":"Poison Potion"},{"floor":54,"key":"GamblersBrew"}],"is_trial":false,"path_per_floor":["M","?","$","M","M","R","M","R","T","E","M","R","M","M","R","B",null,"M","M","?","M","?","R","M","R","T","M","E","T","$","M","R","B",null,"M","$","?","M","$","R","E","?","T","E","?","M","R","$","R","B",null,"R","$","E","B",null],"character_chosen":"IRONCLAD","items_purchased":["Thunderclap","Corruption","Impervious","OrangePellets","Apotheosis","Feel No Pain"],"campfire_rested":3,"item_purchase_floors":[3,30,30,36,48,53],"current_hp_per_floor":[79,79,79,80,80,80,85,85,85,82,89,89,96,100,100,87,105,99,89,89,92,92,92,83,83,83,73,79,79,79,79,79,49,129,133,133,116,121,121,137,141,141,141,105,115,114,155,155,155,140,159,159,159,133,118],"gold":43,"neow_bonus":"UPGRADE_CARD","is_prod":false,"is_daily":false,"chose_seed":false,"campfire_upgraded":7,"win_rate":0,"timestamp":1567259282,"path_taken":["M","?","$","M","M","R","M","R","T","E","M","R","M","M","R","BOSS","M","M","?","?","?","R","M","R","T","M","E","?","$","M","R","BOSS","M","?","?","M","?","R","E","?","T","E","?","M","R","$","R","BOSS","R","$","E","BOSS"],"build_version":"2019-07-17","purchased_purges":2,"victory":true,"max_hp_per_floor":[80,80,80,80,80,80,85,85,85,89,93,93,97,101,101,105,105,105,105,105,109,109,109,113,113,113,113,117,117,117,125,125,129,129,133,133,133,137,137,137,141,141,141,151,155,155,155,155,155,159,159,159,159,167,167],"card_choices":[{"not_picked":["Sword Boomerang","True Grit"],"picked":"Anger","floor":1},{"not_picked":["True Grit","Power Through"],"picked":"Combust","floor":4},{"not_picked":["Thunderclap","Rampage"],"picked":"Infernal Blade","floor":5},{"not_picked":["Thunderclap","Twin Strike"],"picked":"Feed","floor":7},{"not_picked":["Flex","Warcry"],"picked":"Shrug It Off","floor":10},{"not_picked":["Clothesline","Seeing Red"],"picked":"Whirlwind","floor":11},{"not_picked":["Wild Strike","Clothesline"],"picked":"Evolve","floor":13},{"not_picked":["Second Wind","Flex"],"picked":"Uppercut","floor":14},{"not_picked":["Juggernaut","Berserk"],"picked":"Demon Form","floor":16},{"not_picked":["Iron Wave","Twin Strike+1"],"picked":"Flex+1","floor":18},{"not_picked":["Anger","Havoc+1"],"picked":"True Grit+1","floor":19},{"not_picked":["Anger","Havoc"],"picked":"Warcry","floor":21},{"not_picked":["Clash+1","Whirlwind"],"picked":"Havoc","floor":24},{"not_picked":["Clash","Burning Pact"],"picked":"Sword Boomerang","floor":27},{"not_picked":["Heavy Blade","Power Through+1"],"picked":"Feel No Pain","floor":28},{"not_picked":["Clothesline","Pommel Strike+1"],"picked":"Feed","floor":31},{"not_picked":["Dark Embrace","Feed"],"picked":"Double Tap","floor":33},{"not_picked":["Bloodletting","Iron Wave+1","Perfected Strike+1"],"picked":"SKIP","floor":35},{"not_picked":["Sword Boomerang","Armaments"],"picked":"Spot Weakness+1","floor":38},{"not_picked":["Shrug It Off","True Grit+1"],"picked":"Havoc","floor":41},{"not_picked":["True Grit+1","Feed"],"picked":"Fiend Fire","floor":44},{"not_picked":["Anger","Pommel Strike+1"],"picked":"Intimidate+1","floor":46},{"not_picked":["Warcry+1","Cleave"],"picked":"Ghostly Armor+1","floor":54}],"player_experience":323540,"relics_obtained":[{"floor":9,"key":"Thread and Needle"},{"floor":10,"key":"Red Skull"},{"floor":26,"key":"Centennial Puzzle"},{"floor":28,"key":"Anchor"},{"floor":29,"key":"Pantograph"},{"floor":41,"key":"Mercury Hourglass"},{"floor":44,"key":"Pear"},{"floor":45,"key":"Unceasing Top"},{"floor":54,"key":"Bag of Marbles"}],"event_choices":[{"damage_healed":0,"gold_gain":0,"player_choice":"Box","damage_taken":0,"relics_obtained":["Champion Belt"],"max_hp_gain":0,"max_hp_loss":0,"event_name":"Big Fish","floor":2,"gold_loss":0,"cards_obtained":["Regret"]},{"damage_healed":0,"gold_gain":0,"player_choice":"Copied","damage_taken":0,"max_hp_gain":0,"max_hp_loss":0,"event_name":"Duplicator","floor":20,"gold_loss":0,"cards_obtained":["Feed"]},{"cards_removed":["Flex"],"damage_healed":0,"gold_gain":0,"player_choice":"Gave Gold","damage_taken":0,"max_hp_gain":0,"max_hp_loss":0,"event_name":"Beggar","floor":22,"gold_loss":75},{"damage_healed":0,"gold_gain":0,"player_choice":"Embrace Madness","damage_taken":17,"max_hp_gain":0,"max_hp_loss":0,"event_name":"Winding Halls","floor":37,"gold_loss":0,"cards_obtained":["Madness","Madness"]},{"cards_removed":["Madness"],"damage_healed":0,"gold_gain":0,"player_choice":"Removed Skill","damage_taken":0,"max_hp_gain":0,"max_hp_loss":0,"event_name":"Falling","floor":42,"gold_loss":0},{"damage_healed":0,"gold_gain":0,"player_choice":"Fight","damage_taken":0,"max_hp_gain":0,"max_hp_loss":0,"event_name":"Mysterious Sphere","floor":45,"gold_loss":0}],"is_beta":false,"boss_relics":[{"not_picked":["Astrolabe","Tiny House"],"picked":"Pandora\u0027s Box"},{"not_picked":["Eternal Feather","Runic Pyramid"],"picked":"Fusion Hammer"}],"items_purged_floors":[3,30],"is_endless":false,"potions_floor_spawned":[5,7,14,16,18,27,31,33,35,41,45,54],"ascension_level":0}