{"gold_per_floor":[111,111,130,154,172,172,186,212,212,212,227,81,81,43,43,139,139,153,170,92,92,112,112,112,126,177,187,207,238,269,288,288,387,387,405,418,693,280,294,294,325,325,348,364,56,68,80,107,107,107,107,107,10,41,41],"floor_reached":56,"playtime":3294,"items_purged":["Strike_R","Regret","Second Wind+1","Clash+1"],"score":1331,"play_id":"1e4cd975-5f53-48bd-8eba-69f312a0a6f1","local_time":"20190901135021","is_ascension_mode":false,"campfire_choices":[{"data":"Bash","floor":6,"key":"SMITH"},{"data":"Limit Break","floor":10,"key":"SMITH"},{"data":"Infernal Blade","floor":13,"key":"SMITH"},{"data":"Anger","floor":15,"key":"SMITH"},{"data":"Inflame","floor":24,"key":"SMITH"},{"floor":32,"key":"REST"},{"data":"Double Tap","floor":40,"key":"SMITH"},{"data":"Metallicize","floor":42,"key":"SMITH"},{"floor":49,"key":"RECALL"},{"data":"Spot Weakness","floor":52,"key":"SMITH"}],"neow_cost":"PERCENT_DAMAGE","seed_source_timestamp":1017682619066000,"circlet_count":0,"master_deck":["Defend_R+1","Defend_R+1","Defend_R+1","Bash+1","Pommel Strike","Headbutt","Disarm","Anger+1","Shockwave","Heavy Blade","Limit Break+1","Heavy Blade+1","Infernal Blade+1","Ghostly Armor","Feed+1","Limit Break+1","Flame Barrier+1","Metallicize+1","Clash+1","Inflame+1","Bloodletting","Seeing Red","Spot Weakness+1","Clash+1","Reaper+1","Pummel+1","Double Tap+1","Shrug It Off+1","Reaper+1","Heavy Blade+1","Shrug It Off+1"],"relics":["Burning Blood","Vajra","PreservedInsect","Molten Egg 2","Astrolabe","Enchiridion","Lantern","Red Mask","Matryoshka","Busted Crown","Champion Belt","Bottled Flame","Smiling Mask","DollysMirror","Toxic Egg 2","Red Skull"],"potions_floor_usage":[29,44,55,55,55],"damage_taken":[{"damage":0,"enemies":"2 Louse","floor":1,"turns":3},{"damage":0,"enemies":"Cultist","floor":3,"turns":3},{"damage":0,"enemies":"Jaw Worm","floor":5,"turns":3},{"damage":19,"enemies":"Exordium Wildlife","floor":7,"turns":8},{"damage":14,"enemies":"Lagavulin","floor":8,"turns":5},{"damage":7,"enemies":"3 Louse","floor":11,"turns":3},{"damage":0,"enemies":"Slime Boss","floor":16,"turns":4},{"damage":5,"enemies":"3 Byrds","floor":18,"turns":10},{"damage":22,"enemies":"Spheric Guardian","floor":19,"turns":6},{"damage":5,"enemies":"Centurion and Healer","floor":22,"turns":5},{"damage":11,"enemies":"Snecko","floor":25,"turns":8},{"damage":6,"enemies":"Cultist and Chosen","floor":27,"turns":4},{"damage":20,"enemies":"3 Cultists","floor":28,"turns":6},{"damage":5,"enemies":"Masked Bandits","floor":29,"turns":4},{"damage":31,"enemies":"Slavers","floor":30,"turns":5},{"damage":4,"enemies":"Snecko","floor":31,"turns":5},{"damage":61,"enemies":"Collector","floor":33,"turns":8},{"damage":29,"enemies":"3 Darklings","floor":35,"turns":11},{"damage":8,"enemies":"3 Shapes","floor":36,"turns":12},{"damage":23,"enemies":"Writhing Mass","floor":39,"turns":6},{"damage":33,"enemies":"Reptomancer","floor":41,"turns":7},{"damage":30,"enemies":"3 Darklings","floor":44,"turns":7},{"damage":15,"enemies":"Sphere and 2 Shapes","floor":46,"turns":6},{"damage":15,"enemies":"Maw","floor":47,"turns":7},{"damage":42,"enemies":"Nemesis","floor":48,"turns":9},{"damage":101,"enemies":"Donu and Deca","floor":50,"turns":8},{"damage":22,"enemies":"Shield and Spear","floor":54,"turns":4},{"damage":121,"enemies":"The Heart","floor":55,"turns":7}],"seed_played":"-631638155269495403","potions_obtained":[{"floor":1,"key":"Weak Potion"},{"floor":2,"key":"Dexterity Potion"},{"floor":2,"key":"FairyPotion"},{"floor":2,"key":"SneckoOil"},{"floor":11,"key":"Ancient Potion"},{"floor":31,"key":"Regen Potion"},{"floor":33,"key":"Strength Potion"},{"floor":44,"key":"Fruit Juice"}],"is_trial":false,"path_per_floor":["M","?","M","T","M","R","M","E","T","R","M","$","R","$","R","B",null,"M","M","$","?","M","?","R","M","T","M","M","?","E","M","R","B",null,"M","M","?","$","M","R","E","R","T","M","$","M","M","E","R","B",null,"R","$","E","B",null],"character_chosen":"IRONCLAD","items_purchased":["Infernal Blade","Ghostly Armor","Inflame","Champion Belt","DollysMirror","SteroidPotion","Shrug It Off+1"],"campfire_rested":1,"item_purchase_floors":[12,14,20,38,45,45,53],"current_hp_per_floor":[62,62,68,68,74,74,61,53,53,53,52,52,52,52,52,58,80,84,72,72,56,61,61,61,56,56,60,50,55,34,50,83,32,116,111,124,124,124,124,124,101,101,101,137,137,141,132,96,96,49,141,141,141,145,30],"gold":41,"neow_bonus":"TRANSFORM_TWO_CARDS","is_prod":false,"is_daily":false,"chose_seed":false,"campfire_upgraded":8,"win_rate":0,"timestamp":1567313421,"path_taken":["M","?","?","?","M","R","M","E","T","R","M","?","R","$","R","BOSS","M","M","$","?","M","?","R","M","T","M","M","?","E","M","R","BOSS","M","M","?","$","M","R","E","R","T","M","$","?","M","E","R","BOSS","R","$","E","BOSS"],"build_version":"2019-07-17","purchased_purges":4,"victory":true,"max_hp_per_floor":[80,80,80,80,80,80,80,80,80,80,80,80,80,80,80,80,80,84,88,88,88,92,92,92,92,92,96,100,104,108,112,112,116,116,120,124,124,124,124,124,128,128,128,137,137,141,141,141,141,141,141,141,141,145,145],"card_choices":[{"not_picked":["Fire Breathing","Warcry"],"picked":"Disarm","floor":1},{"not_picked":["Thunderclap","Disarm"],"picked":"Anger","floor":3},{"not_picked":["Entrench","Evolve"],"picked":"Shockwave","floor":5},{"not_picked":["Sever Soul","Fire Breathing"],"picked":"Heavy Blade","floor":7},{"not_picked":["Anger","Clothesline"],"picked":"Limit Break","floor":8},{"not_picked":["Warcry","Headbutt+1"],"picked":"Heavy Blade+1","floor":11},{"not_picked":["Berserk","Impervious"],"picked":"Feed+1","floor":16},{"not_picked":["Body Slam+1","Thunderclap+1"],"picked":"Metallicize","floor":18},{"not_picked":["Power Through","Rage"],"picked":"Clash+1","floor":19},{"not_picked":["True Grit+1","Fiend Fire+1"],"picked":"Bloodletting","floor":22},{"not_picked":["Body Slam+1","Second Wind"],"picked":"Seeing Red","floor":25},{"not_picked":["Cleave+1","Headbutt+1","Armaments"],"picked":"SKIP","floor":27},{"not_picked":["Cleave+1","Heavy Blade+1"],"picked":"Spot Weakness","floor":28},{"not_picked":["Infernal Blade","Pommel Strike+1"],"picked":"Clash+1","floor":29},{"not_picked":["Pommel Strike+1","Searing Blow+1"],"picked":"Reaper+1","floor":30},{"not_picked":["Heavy Blade+1","Twin Strike+1"],"picked":"Pummel+1","floor":31},{"not_picked":["Berserk","Barricade"],"picked":"Double Tap","floor":33},{"not_picked":["Armaments+1"],"picked":"SKIP","floor":35},{"not_picked":["Power Through"],"picked":"SKIP","floor":36},{"not_picked":[],"picked":"Shrug It Off+1","floor":39},{"not_picked":["Second Wind"],"picked":"SKIP","floor":41},{"not_picked":[],"picked":"Clash+1","floor":44},{"not_picked":["Clothesline+1"],"picked":"SKIP","floor":46},{"not_picked":["Perfected Strike+1"],"picked":"SKIP","floor":47},{"not_picked":[],"picked":"Heavy Blade+1","floor":48},{"not_picked":["Heavy Blade+1"],"picked":"SKIP","floor":54}],"player_experience":334130,"relics_obtained":[{"floor":4,"key":"Vajra"},{"floor":8,"key":"PreservedInsect"},{"floor":9,"key":"Molten Egg 2"},{"floor":21,"key":"Enchiridion"},{"floor":26,"key":"Lantern"},{"floor":29,"key":"Red Mask"},{"floor":30,"key":"Matryoshka"},{"floor":41,"key":"Bottled Flame"},{"floor":43,"key":"Smiling Mask"},{"floor":48,"key":"Toxic Egg 2"},{"floor":54,"key":"Red Skull"}],"event_choices":[{"damage_healed":0,"gold_gain":0,"player_choice":"Got Potions","damage_taken":0,"max_hp_gain":0,"max_hp_loss":0,"event_name":"Lab","floor":2,"gold_loss":0},{"damage_healed":0,"gold_gain":0,"player_choice":"Obtained Book","damage_taken":16,"max_hp_gain":0,"max_hp_loss":0,"event_name":"Cursed Tome","floor":21,"gold_loss":0},{"damage_healed":0,"gold_gain":0,"player_choice":"Simplicity","damage_taken":0,"max_hp_gain":0,"max_hp_loss":0,"event_name":"Back to Basics","floor":23,"gold_loss":0,"cards_upgraded":["Defend_R","Defend_R","Defend_R"]},{"damage_healed":0,"gold_gain":0,"player_choice":"Fought Bandits","damage_taken":0,"max_hp_gain":0,"max_hp_loss":0,"event_name":"Masked Bandits","floor":29,"gold_loss":0},{"damage_healed":0,"gold_gain":275,"player_choice":"Desecrate","damage_taken":0,"max_hp_gain":0,"max_hp_loss":0,"event_name":"Golden Shrine","floor":37,"gold_loss":0,"cards_obtained":["Regret"]}],"is_beta":false,"boss_relics":[{"not_picked":["Runic Dome","Runic Cube"],"picked":"Astrolabe"},{"not_picked":["Pandora\u0027s Box","Orrery"],"picked":"Busted Crown"}],"items_purged_floors":[12,38,45,53],"is_endless":false,"potions_floor_spawned":[1,11,22,27,31,33,36,44,46,54],"ascension_level":0}