{"gold_per_floor":[116,116,132,132,57,57,76,76,76,110,110,128,159,159,159,234,234,245,245,260,2,2,27,27,27,99,109,109,1,19,44,44,121,121,133,77,96,114,129,129,161,161,211,222,240,254,254,269,269,269,269,269,269,62,87,87],"floor_reached":56,"playtime":3468,"items_purged":["Strike_B"],"score":1854,"play_id":"7c221ade-d079-4072-b817-280691714f09","local_time":"20190624115026","is_ascension_mode":true,"campfire_choices":[{"floor":6.0,"key":"REST"},{"data":"Zap","floor":8.0,"key":"SMITH"},{"data":"Dualcast","floor":11.0,"key":"SMITH"},{"floor":15.0,"key":"REST"},{"floor":24.0,"key":"REST"},{"data":"Biased Cognition","floor":28.0,"key":"SMITH"},{"data":"Hologram","floor":32.0,"key":"SMITH"},{"floor":40.0,"key":"REST"},{"floor":42.0,"key":"RECALL"},{"floor":49.0,"key":"REST"},{"data":"Loop","floor":53.0,"key":"SMITH"}],"neow_cost":"CURSE","seed_source_timestamp":311979721890000,"circlet_count":0,"master_deck":["AscendersBane","Strike_B","Strike_B","Defend_B","Defend_B","Defend_B","Defend_B","Zap+1","Dualcast+1","Conserve Battery","Sweeping Beam","Barrage","Core Surge","Chill+1","Streamline+1","Biased Cognition+1","Steam+1","Doom and Gloom+1","Finesse","Glacier","Hologram+1","All For One+1","Compile Driver+1","Core Surge+1","Cold Snap+1","Cold Snap+1","Compile Driver+1","Hologram+1","Go for the Eyes+1","Ball Lightning+1","Loop+1","Fission","Loop+1","Master of Strategy"],"special_seed":0,"relics":["Cracked Core","Regal Pillow","Lantern","Letter Opener","Molten Egg 2","Philosopher\u0027s Stone","PreservedInsect","MutagenicStrength","Happy Flower","Nloth\u0027s Gift","Darkstone Periapt","Ancient Tea Set","Runic Pyramid","Blood Vial","Calipers"],"potions_floor_usage":[55],"damage_taken":[{"damage":8.0,"enemies":"Jaw Worm","floor":1.0,"turns":4.0},{"damage":2.0,"enemies":"Small Slimes","floor":3.0,"turns":3.0},{"damage":0.0,"enemies":"Cultist","floor":7.0,"turns":4.0},{"damage":18.0,"enemies":"3 Sentries","floor":10.0,"turns":7.0},{"damage":6.0,"enemies":"Blue Slaver","floor":12.0,"turns":3.0},{"damage":26.0,"enemies":"Gremlin Nob","floor":13.0,"turns":4.0},{"damage":39.0,"enemies":"The Guardian","floor":16.0,"turns":12.0},{"damage":17.0,"enemies":"Spheric Guardian","floor":18.0,"turns":4.0},{"damage":15.0,"enemies":"Shell Parasite","floor":20.0,"turns":5.0},{"damage":9.0,"enemies":"Book of Stabbing","floor":23.0,"turns":3.0},{"damage":0.0,"enemies":"Chosen and Byrds","floor":27.0,"turns":5.0},{"damage":0.0,"enemies":"Snecko","floor":30.0,"turns":5.0},{"damage":1.0,"enemies":"Slavers","floor":31.0,"turns":4.0},{"damage":38.0,"enemies":"Champ","floor":33.0,"turns":18.0},{"damage":0.0,"enemies":"3 Shapes","floor":35.0,"turns":3.0},{"damage":3.0,"enemies":"Orb Walker","floor":37.0,"turns":2.0},{"damage":0.0,"enemies":"Jaw Worm Horde","floor":38.0,"turns":3.0},{"damage":16.0,"enemies":"Transient","floor":39.0,"turns":6.0},{"damage":11.0,"enemies":"Reptomancer","floor":41.0,"turns":6.0},{"damage":16.0,"enemies":"Writhing Mass","floor":44.0,"turns":5.0},{"damage":36.0,"enemies":"3 Darklings","floor":45.0,"turns":3.0},{"damage":0.0,"enemies":"Maw","floor":46.0,"turns":8.0},{"damage":7.0,"enemies":"Writhing Mass","floor":48.0,"turns":6.0},{"damage":7.0,"enemies":"Awakened One","floor":50.0,"turns":13.0},{"damage":17.0,"enemies":"Donu and Deca","floor":51.0,"turns":13.0},{"damage":48,"enemies":"Shield and Spear","floor":55,"turns":5},{"damage":18,"enemies":"The Heart","floor":56,"turns":2}],"seed_played":"4010061057412582976","potions_obtained":[{"floor":7.0,"key":"GamblersBrew"},{"floor":13.0,"key":"Block Potion"},{"floor":16.0,"key":"Poison Potion"},{"floor":20.0,"key":"LiquidBronze"},{"floor":23.0,"key":"Explosive Potion"},{"floor":35.0,"key":"SkillPotion"},{"floor":39.0,"key":"Fire Potion"},{"floor":46.0,"key":"GamblersBrew"},{"floor":47.0,"key":"EntropicBrew"},{"floor":48.0,"key":"Swift Potion"}],"is_trial":false,"path_per_floor":["M","?","M","?","$","R","M","R","T","E","R","M","E","?","R","B",null,"M","?","M","$","?","E","R","?","T","M","R","$","M","E","R","B",null,"M","$","M","M","M","R","E","R","T","M","M","M","?","M","R","B","B",null,"R","$","E","B"],"character_chosen":"DEFECT","items_purchased":["PreservedInsect","Finesse","EntropicBrew","Cold Snap+1","Master of Strategy"],"campfire_rested":5,"item_purchase_floors":[21,21,29,36,54],"current_hp_per_floor":[56,49,47,21,21,57,57,57,57,39,39,33,7,7,43,4,54,37,37,22,22,22,13,49,49,49,49,49,49,49,48,48,10,56,56,56,53,53,37,71,60,60,60,46,12,14,14,9,45,40,25,60,60,60,14,0],"gold":87,"neow_bonus":"ONE_RARE_RELIC","is_prod":false,"is_daily":false,"chose_seed":false,"campfire_upgraded":5,"win_rate":0,"timestamp":1561391426,"path_taken":["M","?","M","?","$","R","M","R","T","E","R","M","E","?","R","BOSS","M","?","M","?","?","E","R","?","T","?","R","$","M","E","R","BOSS","M","$","?","M","M","R","E","R","T","M","M","M","?","M","R","BOSS","BOSS","R","$","E","BOSS"],"build_version":"2019-01-23","purchased_purges":1,"victory":false,"max_hp_per_floor":[71,71,71,71,71,71,71,71,71,71,71,71,71,71,71,71,71,71,71,71,71,71,71,71,71,71,71,71,71,71,71,71,71,71,71,71,71,71,71,71,71,71,71,71,71,71,71,71,71,71,71,71,71,71,71,71],"card_choices":[{"not_picked":["Stack","Compile Driver"],"picked":"Conserve Battery","floor":1.0},{"not_picked":["Barrage","Beam Cell"],"picked":"Sweeping Beam","floor":3.0},{"not_picked":["Hologram","Reprogram"],"picked":"Barrage","floor":7.0},{"not_picked":["Go for the Eyes","Hologram"],"picked":"Core Surge","floor":10.0},{"not_picked":["Auto Shields","White Noise"],"picked":"Chill","floor":12.0},{"not_picked":["Turbo","Leap"],"picked":"Streamline","floor":13.0},{"not_picked":["Hyperbeam+1","Core Surge+1"],"picked":"Biased Cognition","floor":16.0},{"not_picked":["Reinforced Body","Stack"],"picked":"Steam+1","floor":18.0},{"not_picked":["Stack","BootSequence"],"picked":"Doom and Gloom+1","floor":20.0},{"not_picked":["Leap","Storm"],"picked":"Glacier","floor":23.0},{"not_picked":["Recycle","Stack"],"picked":"Hologram","floor":27.0},{"not_picked":["Redo+1","Steam Power+1"],"picked":"All For One+1","floor":30.0},{"not_picked":["Redo","Rainbow"],"picked":"Compile Driver+1","floor":31.0},{"not_picked":["All For One+1","Amplify"],"picked":"Core Surge+1","floor":33.0},{"not_picked":["Go for the Eyes+1","Rebound+1"],"picked":"Cold Snap+1","floor":35.0},{"not_picked":["Auto Shields","Redo"],"picked":"Compile Driver+1","floor":37.0},{"not_picked":["Redo","Hyperbeam+1"],"picked":"Hologram+1","floor":38.0},{"not_picked":["Beam Cell+1","Reboot"],"picked":"Go for the Eyes+1","floor":39.0},{"not_picked":["Stack+1","Rainbow","Barrage+1"],"picked":"SKIP","floor":41.0},{"not_picked":["BootSequence","Creative AI"],"picked":"Ball Lightning+1","floor":44.0},{"not_picked":["Conserve Battery","Compile Driver+1"],"picked":"Loop","floor":45.0},{"not_picked":["Beam Cell+1","Rebound+1"],"picked":"Fission","floor":46.0},{"not_picked":["Barrage+1","Cold Snap+1"],"picked":"Loop+1","floor":48.0},{"not_picked":["Cold Snap+1","Electrodynamics","Rebound+1"],"picked":"SKIP","floor":55}],"player_experience":1218987,"relics_obtained":[{"floor":9.0,"key":"Lantern"},{"floor":10.0,"key":"Letter Opener"},{"floor":13.0,"key":"Molten Egg 2"},{"floor":23.0,"key":"Happy Flower"},{"floor":26.0,"key":"Darkstone Periapt"},{"floor":31.0,"key":"Ancient Tea Set"},{"floor":41.0,"key":"Blood Vial"},{"floor":55,"key":"Calipers"}],"event_choices":[{"cards_removed":["Regret"],"damage_healed":0.0,"max_hp_gain":0.0,"max_hp_loss":0.0,"gold_gain":0.0,"event_name":"Golden Wing","player_choice":"Card Removal","floor":2.0,"gold_loss":0.0,"damage_taken":7.0},{"damage_healed":0.0,"max_hp_gain":0.0,"max_hp_loss":0.0,"gold_gain":0.0,"event_name":"Scrap Ooze","player_choice":"Success","floor":4.0,"gold_loss":0.0,"damage_taken":26.0,"relics_obtained":["Regal Pillow"]},{"damage_healed":0.0,"max_hp_gain":0.0,"max_hp_loss":0.0,"gold_gain":0.0,"event_name":"Living Wall","player_choice":"Grow","floor":14.0,"gold_loss":0.0,"damage_taken":0.0,"cards_upgraded":["Chill"]},{"cards_removed":["Strike_B"],"damage_healed":0.0,"max_hp_gain":0.0,"max_hp_loss":0.0,"gold_gain":0.0,"event_name":"Wheel of Change","player_choice":"Card Removal","floor":19.0,"gold_loss":0.0,"damage_taken":0.0},{"damage_healed":0.0,"max_hp_gain":0.0,"max_hp_loss":0.0,"gold_gain":0.0,"event_name":"Drug Dealer","player_choice":"Inject Mutagens","floor":22.0,"gold_loss":0.0,"damage_taken":0.0,"relics_obtained":["MutagenicStrength"]},{"damage_healed":0.0,"max_hp_gain":0.0,"max_hp_loss":0.0,"gold_gain":0.0,"event_name":"N\u0027loth","player_choice":"Traded Relic","floor":25.0,"relics_lost":["Turnip"],"gold_loss":0.0,"damage_taken":0.0,"relics_obtained":["Nloth\u0027s Gift"]},{"damage_healed":0.0,"max_hp_gain":0.0,"max_hp_loss":0.0,"gold_gain":0.0,"event_name":"Lab","player_choice":"Got Potions","floor":47.0,"gold_loss":0.0,"damage_taken":0.0}],"is_beta":false,"boss_relics":[{"not_picked":["Velvet Choker","White Beast Statue"],"picked":"Philosopher\u0027s Stone"},{"not_picked":["Coffee Dripper","Black Star"],"picked":"Runic Pyramid"}],"items_purged_floors":[5],"is_endless":false,"potions_floor_spawned":[7,13,16,20,23,35,39,46,48],"killed_by":"The Heart","ascension_level":20}