{"gold_per_floor":[115,115,115,128,153,184,184,216,243,253,253,263,296,313,313,413,413,424,434,140,140,239,239,264,264,264,284,284,284,284,304,304,407,407,426,426,526,526,539,539,571,585,585,598,598,612,631,23,23,23],"floor_reached":51,"playtime":2740,"items_purged":["Strike_G","Strike_G"],"score":765,"play_id":"8c3292f2-9442-4789-86cf-4f08879df6be","local_time":"20190707065253","is_ascension_mode":false,"campfire_choices":[{"data":"Deadly Poison","floor":7,"key":"SMITH"},{"data":"Crippling Poison","floor":11,"key":"SMITH"},{"data":"Deadly Poison","floor":15,"key":"SMITH"},{"data":"Noxious Fumes","floor":23,"key":"SMITH"},{"data":"Corpse Explosion","floor":28,"key":"SMITH"},{"floor":30,"key":"REST"},{"data":"Envenom","floor":32,"key":"SMITH"},{"data":"Discovery","floor":40,"key":"SMITH"},{"data":"Catalyst","floor":45,"key":"SMITH"},{"data":"Night Terror","floor":49,"key":"SMITH"}],"neow_cost":"NONE","seed_source_timestamp":1334445671339592,"circlet_count":0,"master_deck":["Defend_G","Defend_G","Defend_G","Defend_G","Defend_G","Survivor","Neutralize","Deadly Poison+1","Sucker Punch","Crippling Poison+1","Dagger Spray","Deadly Poison+1","Backflip","Dash","Corpse Explosion+1","PiercingWail","Well Laid Plans+1","Backflip","Noxious Fumes+1","Dark Shackles","Cloak And Dagger","Unload","Envenom+1","Backflip","Escape Plan+1","After Image+1","Deflect+1","Discovery+1","Dodge and Roll+1","Catalyst+1","Night Terror+1","PiercingWail+1","PiercingWail","Expertise+1","Footwork+1"],"relics":["Ring of the Snake","NeowsBlessing","Meat on the Bone","Juzu Bracelet","Darkstone Periapt","Snake Skull","Dream Catcher","Bag of Marbles","Orrery","Bag of Preparation","Ninja Scroll","Frozen Egg 2","Runic Dome","Tingsha","Pear","Gremlin Horn","Tough Bandages","Happy Flower"],"potions_floor_usage":[16,24,50,50],"damage_taken":[{"damage":0,"enemies":"2 Louse","floor":1,"turns":1},{"damage":0,"enemies":"Small Slimes","floor":4,"turns":1},{"damage":0,"enemies":"Gremlin Nob","floor":6,"turns":1},{"damage":10,"enemies":"3 Sentries","floor":8,"turns":11},{"damage":0,"enemies":"Jaw Worm","floor":10,"turns":3},{"damage":0,"enemies":"Looter","floor":12,"turns":4},{"damage":16,"enemies":"Gremlin Nob","floor":13,"turns":4},{"damage":0,"enemies":"3 Louse","floor":14,"turns":3},{"damage":7,"enemies":"Hexaghost","floor":16,"turns":8},{"damage":6,"enemies":"2 Thieves","floor":18,"turns":4},{"damage":0,"enemies":"Chosen","floor":19,"turns":4},{"damage":18,"enemies":"Book of Stabbing","floor":24,"turns":6},{"damage":7,"enemies":"Centurion and Healer","floor":27,"turns":5},{"damage":0,"enemies":"Cultist and Chosen","floor":31,"turns":6},{"damage":24,"enemies":"Automaton","floor":33,"turns":10},{"damage":0,"enemies":"3 Shapes","floor":35,"turns":5},{"damage":1,"enemies":"Mind Bloom Boss Battle","floor":37,"turns":7},{"damage":0,"enemies":"3 Darklings","floor":39,"turns":3},{"damage":16,"enemies":"Giant Head","floor":41,"turns":8},{"damage":0,"enemies":"Transient","floor":42,"turns":5},{"damage":0,"enemies":"Sphere and 2 Shapes","floor":44,"turns":4},{"damage":11,"enemies":"4 Shapes","floor":46,"turns":4},{"damage":0,"enemies":"Writhing Mass","floor":47,"turns":5},{"damage":27,"enemies":"Donu and Deca","floor":50,"turns":6}],"seed_played":"4885482257081691484","potions_obtained":[{"floor":1,"key":"GhostInAJar"},{"floor":10,"key":"FearPotion"},{"floor":13,"key":"Energy Potion"},{"floor":19,"key":"Fire Potion"},{"floor":31,"key":"PowerPotion"},{"floor":33,"key":"SteroidPotion"},{"floor":42,"key":"PowerPotion"}],"is_trial":false,"path_per_floor":["M","?","?","M","T","E","R","E","T","M","R","M","E","M","R","B",null,"M","M","$","?","?","R","E","?","T","M","R","?","R","M","R","B",null,"M","?","?","?","M","R","E","M","T","M","R","M","M","$","R","B",null],"character_chosen":"THE_SILENT","items_purchased":["Noxious Fumes","Dark Shackles","Cloak And Dagger","Footwork+1","Tough Bandages","Happy Flower"],"campfire_rested":1,"item_purchase_floors":[20,20,20,48,48,48],"current_hp_per_floor":[70,70,67,67,67,67,67,57,57,57,57,57,41,41,41,46,70,64,64,64,64,64,64,46,46,46,39,39,39,60,60,60,36,70,70,70,69,69,69,69,63,63,63,63,63,52,52,52,52,37],"gold":23,"neow_bonus":"THREE_ENEMY_KILL","is_prod":false,"is_daily":false,"chose_seed":false,"campfire_upgraded":9,"win_rate":1,"timestamp":1562449973,"path_taken":["M","?","?","M","?","E","R","E","T","M","R","M","E","M","R","BOSS","M","M","$","?","?","R","E","?","T","M","R","?","R","M","R","BOSS","M","?","?","?","M","R","E","M","T","M","R","M","M","$","R","BOSS"],"build_version":"2019-07-05","purchased_purges":2,"victory":true,"max_hp_per_floor":[70,70,70,70,70,70,70,70,70,70,70,70,70,70,70,70,70,70,70,70,70,70,70,70,70,70,70,70,70,70,70,70,70,70,70,70,70,70,70,70,80,80,80,80,80,80,80,80,80,80],"card_choices":[{"not_picked":["Cloak And Dagger","Deflect"],"picked":"Deadly Poison","floor":1},{"not_picked":["Expertise","Prepared"],"picked":"PiercingWail","floor":4},{"not_picked":["Accuracy","Backflip"],"picked":"Sucker Punch","floor":6},{"not_picked":["Calculated Gamble","Dagger Spray"],"picked":"Crippling Poison","floor":8},{"not_picked":["Blur","Tactician"],"picked":"Dagger Spray","floor":10},{"not_picked":["Quick Slash","Reflex"],"picked":"Deadly Poison","floor":12},{"not_picked":["Acrobatics","Quick Slash"],"picked":"Backflip","floor":13},{"not_picked":["Poisoned Stab","Slice"],"picked":"Dash","floor":14},{"not_picked":["Envenom","After Image"],"picked":"Corpse Explosion","floor":16},{"not_picked":["Acrobatics","Skewer"],"picked":"PiercingWail","floor":17},{"not_picked":["Dagger Spray","Quick Slash"],"picked":"Well Laid Plans","floor":17},{"not_picked":["Acrobatics","Poisoned Stab"],"picked":"Backflip","floor":17},{"not_picked":["Flying Knee","Quick Slash","Underhanded Strike+1"],"picked":"SKIP","floor":18},{"not_picked":["Riddle With Holes","Flying Knee","Terror"],"picked":"SKIP","floor":19},{"not_picked":["Flechettes","Glass Knife"],"picked":"Backflip","floor":24},{"not_picked":["Underhanded Strike+1","Quick Slash","Deadly Poison"],"picked":"SKIP","floor":27},{"not_picked":["Flying Knee","Prepared"],"picked":"Escape Plan+1","floor":31},{"not_picked":["A Thousand Cuts+1","Die Die Die"],"picked":"After Image+1","floor":33},{"not_picked":["Acrobatics+1","Dodge and Roll"],"picked":"Deflect+1","floor":35},{"not_picked":["Dramatic Entrance","Good Instincts"],"picked":"Discovery","floor":36},{"not_picked":["Flying Knee+1","Flechettes+1"],"picked":"Dodge and Roll+1","floor":39},{"not_picked":["Distraction+1","Tactician+1"],"picked":"Catalyst","floor":41},{"not_picked":["Accuracy+1","Dagger Spray"],"picked":"Night Terror","floor":42},{"not_picked":["Dagger Throw","Well Laid Plans+1"],"picked":"PiercingWail+1","floor":44},{"not_picked":["Flying Knee+1","Bane"],"picked":"PiercingWail","floor":46},{"not_picked":["Deflect","Dodge and Roll"],"picked":"Expertise+1","floor":47}],"player_experience":41264,"relics_obtained":[{"floor":5,"key":"Juzu Bracelet"},{"floor":6,"key":"Darkstone Periapt"},{"floor":8,"key":"Snake Skull"},{"floor":9,"key":"Dream Catcher"},{"floor":13,"key":"Bag of Marbles"},{"floor":24,"key":"Bag of Preparation"},{"floor":26,"key":"Frozen Egg 2"},{"floor":37,"key":"Tingsha"},{"floor":41,"key":"Pear"},{"floor":43,"key":"Gremlin Horn"}],"event_choices":[{"cards_removed":["Strike_G"],"damage_healed":0,"gold_gain":0,"player_choice":"Forget","damage_taken":0,"max_hp_gain":0,"max_hp_loss":0,"event_name":"Living Wall","floor":2,"gold_loss":0},{"damage_healed":0,"gold_gain":0,"player_choice":"Success","damage_taken":3,"relics_obtained":["Meat on the Bone"],"max_hp_gain":0,"max_hp_loss":0,"event_name":"Scrap Ooze","floor":3,"gold_loss":0},{"damage_healed":0,"gold_gain":0,"cards_transformed":["Strike_G","Strike_G"],"player_choice":"Became Test Subject","damage_taken":0,"max_hp_gain":0,"max_hp_loss":0,"event_name":"Drug Dealer","floor":21,"gold_loss":0,"cards_obtained":["Unload","Envenom"]},{"damage_healed":0,"gold_gain":99,"player_choice":"Stole From Cult","damage_taken":0,"max_hp_gain":0,"max_hp_loss":0,"event_name":"Nest","floor":22,"gold_loss":0},{"damage_healed":0,"gold_gain":0,"player_choice":"Gave Potion","damage_taken":0,"relics_obtained":["Ninja Scroll"],"max_hp_gain":0,"max_hp_loss":0,"event_name":"WeMeetAgain","floor":25,"gold_loss":0},{"damage_healed":0,"gold_gain":0,"player_choice":"Forge","damage_taken":0,"max_hp_gain":0,"max_hp_loss":0,"event_name":"Accursed Blacksmith","floor":29,"gold_loss":0,"cards_upgraded":["Well Laid Plans"]},{"damage_healed":0,"gold_gain":0,"player_choice":"Memory 1","damage_taken":0,"max_hp_gain":0,"max_hp_loss":0,"event_name":"SensoryStone","floor":36,"gold_loss":0},{"damage_healed":0,"gold_gain":0,"player_choice":"Fight","damage_taken":0,"max_hp_gain":0,"max_hp_loss":0,"event_name":"MindBloom","floor":37,"gold_loss":0},{"cards_removed":["PiercingWail"],"damage_healed":0,"gold_gain":0,"player_choice":"Removed Skill","damage_taken":0,"max_hp_gain":0,"max_hp_loss":0,"event_name":"Falling","floor":38,"gold_loss":0}],"is_beta":false,"boss_relics":[{"not_picked":["Coffee Dripper","Ring of the Serpent"],"picked":"Orrery"},{"not_picked":["Lizard Tail","Velvet Choker"],"picked":"Runic Dome"}],"items_purged_floors":[20,48],"is_endless":false,"potions_floor_spawned":[1,10,13,14,19,31,33,37,39,42],"ascension_level":0}