{"gold_per_floor":[362,287,287,306,319,319,378,378],"floor_reached":8,"playtime":644,"items_purged":[],"score":92,"play_id":"8b695515-e29b-4c7c-8cf9-7d58a251730b","local_time":"20190814213440","is_ascension_mode":true,"campfire_choices":[{"floor":6.0,"key":"REST"}],"neow_cost":"TEN_PERCENT_HP_LOSS","seed_source_timestamp":37999378679700,"circlet_count":0,"master_deck":["AscendersBane","Strike_B","Strike_B","Strike_B","Defend_B","Defend_B","Defend_B","Defend_B","Zap","Dualcast","Defragment","Coolheaded","Cold Snap","Leap"],"special_seed":0,"relics":["Cracked Core","Bird Faced Urn","Smiling Mask"],"potions_floor_usage":[8],"damage_taken":[{"damage":2.0,"enemies":"Small Slimes","floor":1.0,"turns":3.0},{"damage":2.0,"enemies":"Jaw Worm","floor":4.0,"turns":4.0},{"damage":0.0,"enemies":"Cultist","floor":5.0,"turns":3.0},{"damage":24.0,"enemies":"Lagavulin Event","floor":7.0,"turns":8.0},{"damage":0,"enemies":"Exordium Wildlife","floor":8,"turns":2}],"seed_played":"-1817620227279086667","potions_obtained":[{"floor":4.0,"key":"SteroidPotion"},{"floor":7.0,"key":"GamblersBrew"}],"is_trial":false,"path_per_floor":["M","?","?","M","M","R","?","M"],"character_chosen":"DEFECT","items_purchased":[],"campfire_rested":1,"item_purchase_floors":[],"current_hp_per_floor":[62,62,6,6,8,27,5,5],"gold":378,"neow_bonus":"TWO_FIFTY_GOLD","is_prod":false,"is_daily":false,"chose_seed":false,"campfire_upgraded":0,"win_rate":0,"timestamp":1565832880,"path_taken":["M","?","?","?","M","R","?","M"],"build_version":"2019-07-17","purchased_purges":0,"victory":false,"max_hp_per_floor":[64,64,64,64,64,64,64,64],"card_choices":[{"not_picked":["Cold Snap","Ball Lightning"],"picked":"Defragment","floor":1.0},{"not_picked":["Auto Shields","Tempest"],"picked":"Coolheaded","floor":4.0},{"not_picked":["Reprogram","Coolheaded"],"picked":"Cold Snap","floor":5.0},{"not_picked":["Barrage","Gash"],"picked":"Leap","floor":7.0}],"player_experience":1478929,"relics_obtained":[{"floor":7.0,"key":"Smiling Mask"}],"event_choices":[{"cards_removed":["Strike_B"],"damage_healed":0.0,"max_hp_gain":0.0,"max_hp_loss":0.0,"gold_gain":0.0,"event_name":"The Cleric","player_choice":"Card Removal","floor":2.0,"gold_loss":75.0,"damage_taken":0.0},{"damage_healed":0.0,"max_hp_gain":0.0,"max_hp_loss":0.0,"gold_gain":0.0,"event_name":"Scrap Ooze","player_choice":"Success","floor":3.0,"gold_loss":0.0,"damage_taken":56.0,"relics_obtained":["Bird Faced Urn"]},{"damage_healed":0.0,"max_hp_gain":0.0,"max_hp_loss":0.0,"gold_gain":30.0,"event_name":"Dead Adventurer","player_choice":"Searched \u00273\u0027 times","floor":7.0,"gold_loss":0.0,"damage_taken":0.0}],"is_beta":false,"boss_relics":[],"items_purged_floors":[],"is_endless":false,"potions_floor_spawned":[4,7],"killed_by":"Exordium Wildlife","ascension_level":20}