{"gold_per_floor":[111,124,141,141,151,151,180,180,180,212,212,7,18,18,18,92,92,111,137,148,158,174,206,206,206,231,246,246,277,277,307,307,381,381,398,398,52,0,12,41,61,76,76,127,145,145,160,25,25,25,25,25,25,25,57,57],"floor_reached":56,"playtime":3732,"items_purged":["Strike_R","Hemokinesis","Strike_R+1"],"score":1994,"play_id":"e6522db6-b99b-49fe-a2c0-47f7a4f2670c","local_time":"20190825111237","is_ascension_mode":true,"campfire_choices":[{"floor":6.0,"key":"REST"},{"floor":8.0,"key":"REST"},{"data":"Inflame","floor":11.0,"key":"SMITH"},{"data":"Barricade","floor":15.0,"key":"SMITH"},{"data":"Dual Wield","floor":25.0,"key":"SMITH"},{"data":"Feel No Pain","floor":28.0,"key":"SMITH"},{"data":"Demon Form","floor":32.0,"key":"SMITH"},{"floor":46.0,"key":"RECALL"},{"data":"Offering","floor":49.0,"key":"SMITH"},{"data":"Second Wind","floor":53.0,"key":"SMITH"}],"neow_cost":"NONE","seed_source_timestamp":819063476700,"circlet_count":0,"master_deck":["AscendersBane","Strike_R+1","Strike_R+1","Strike_R+1","Defend_R+1","Defend_R+1","Defend_R+1","Defend_R+1","Bash","Barricade+1","Inflame+1","Pummel","Feel No Pain+1","Seeing Red","Second Wind+1","Pummel","True Grit","Sword Boomerang","Impervious","Warcry+1","Dual Wield+1","Dark Embrace","Shrug It Off","Demon Form+1","Evolve","Offering+1","Body Slam","Disarm","Master of Strategy","Heavy Blade","Heavy Blade+1","True Grit+1","Warcry+1"],"special_seed":0,"relics":["Burning Blood","Mercury Hourglass","Gremlin Horn","Kunai","Snecko Eye","Smiling Mask","Blood Vial","Omamori","Boot","Sundial","Coffee Dripper","Red Mask","Lantern","Happy Flower","Centennial Puzzle"],"potions_floor_usage":[56,56],"damage_taken":[{"damage":11.0,"enemies":"Cultist","floor":1.0,"turns":4.0},{"damage":14.0,"enemies":"Jaw Worm","floor":2.0,"turns":5.0},{"damage":15.0,"enemies":"Small Slimes","floor":3.0,"turns":5.0},{"damage":25.0,"enemies":"Exordium Thugs","floor":5.0,"turns":5.0},{"damage":37.0,"enemies":"3 Sentries","floor":7.0,"turns":7.0},{"damage":22.0,"enemies":"Lagavulin","floor":10.0,"turns":6.0},{"damage":6.0,"enemies":"2 Fungi Beasts","floor":13.0,"turns":4.0},{"damage":18.0,"enemies":"The Guardian","floor":16.0,"turns":9.0},{"damage":9.0,"enemies":"Shell Parasite","floor":18.0,"turns":5.0},{"damage":18.0,"enemies":"3 Byrds","floor":20.0,"turns":4.0},{"damage":1.0,"enemies":"Sentry and Sphere","floor":21.0,"turns":5.0},{"damage":2.0,"enemies":"Centurion and Healer","floor":22.0,"turns":5.0},{"damage":0.0,"enemies":"Gremlin Leader","floor":23.0,"turns":7.0},{"damage":8.0,"enemies":"Snake Plant","floor":27.0,"turns":3.0},{"damage":3.0,"enemies":"Slavers","floor":29.0,"turns":3.0},{"damage":17.0,"enemies":"Book of Stabbing","floor":31.0,"turns":6.0},{"damage":12.0,"enemies":"Champ","floor":33.0,"turns":12.0},{"damage":0.0,"enemies":"3 Shapes","floor":35.0,"turns":5.0},{"damage":10.0,"enemies":"Orb Walker","floor":39.0,"turns":5.0},{"damage":13.0,"enemies":"Reptomancer","floor":40.0,"turns":5.0},{"damage":10.0,"enemies":"Sphere and 2 Shapes","floor":41.0,"turns":6.0},{"damage":27.0,"enemies":"Spire Growth","floor":42.0,"turns":4.0},{"damage":11.0,"enemies":"Jaw Worm Horde","floor":45.0,"turns":3.0},{"damage":8.0,"enemies":"Maw","floor":47.0,"turns":6.0},{"damage":8.0,"enemies":"Time Eater","floor":50.0,"turns":6.0},{"damage":31.0,"enemies":"Awakened One","floor":51.0,"turns":16.0},{"damage":60.0,"enemies":"Shield and Spear","floor":55.0,"turns":8.0},{"damage":21,"enemies":"The Heart","floor":56,"turns":5}],"seed_played":"-1370550789652666696","potions_obtained":[{"floor":1.0,"key":"Strength Potion"},{"floor":5.0,"key":"FearPotion"},{"floor":13.0,"key":"BloodPotion"},{"floor":16.0,"key":"Strength Potion"},{"floor":21.0,"key":"EssenceOfSteel"},{"floor":29.0,"key":"PowerPotion"},{"floor":31.0,"key":"Explosive Potion"},{"floor":39.0,"key":"SteroidPotion"},{"floor":45.0,"key":"Block Potion"},{"floor":55.0,"key":"Weak Potion"}],"is_trial":false,"path_per_floor":["M","M","M","?","M","R","E","R","T","E","R","$","M","?","R","B",null,"M","T","M","M","M","E","?","R","T","M","R","E","?","E","R","B",null,"M","?","$","?","M","E","M","M","T","T","M","R","M","$","R","B","B",null,"R","$","E","B"],"character_chosen":"IRONCLAD","items_purchased":["Pummel","True Grit","Disarm","Master of Strategy","Ancient Potion"],"campfire_rested":2,"item_purchase_floors":[12,12,37,37,48],"current_hp_per_floor":[63,55,46,46,27,49,18,40,40,24,24,24,24,24,24,30,64,61,61,49,54,58,64,64,64,64,64,64,69,69,60,60,56,70,75,85,85,85,81,76,74,55,55,55,52,52,52,52,52,52,29,71,71,71,19,0],"gold":57,"neow_bonus":"ONE_RANDOM_RARE_CARD","is_prod":false,"is_daily":false,"chose_seed":false,"campfire_upgraded":7,"win_rate":0,"timestamp":1566745957,"path_taken":["M","M","M","?","?","R","E","R","T","E","R","$","?","?","R","BOSS","M","?","M","M","?","E","?","R","T","M","R","E","?","E","R","BOSS","M","?","?","?","M","E","M","M","T","?","M","R","M","$","R","BOSS","BOSS","R","$","E","BOSS"],"build_version":"2019-07-17","purchased_purges":3,"victory":false,"max_hp_per_floor":[75,75,75,75,75,75,75,75,75,75,75,75,75,75,75,75,75,75,75,75,75,75,75,75,75,75,75,75,75,75,75,75,75,75,75,85,85,85,85,85,85,85,85,85,85,85,85,85,85,85,85,85,85,85,85,85],"card_choices":[{"not_picked":["Power Through","Searing Blow"],"picked":"Inflame","floor":1.0},{"not_picked":["Body Slam","Sever Soul"],"picked":"Pummel","floor":2.0},{"not_picked":["Body Slam","Rage"],"picked":"Hemokinesis","floor":3.0},{"not_picked":["Spot Weakness","Flame Barrier"],"picked":"Feel No Pain","floor":5.0},{"not_picked":["Flex","Corruption"],"picked":"Seeing Red","floor":7.0},{"not_picked":["Warcry","Bludgeon"],"picked":"Second Wind","floor":10.0},{"not_picked":["Havoc","Clothesline"],"picked":"Sword Boomerang","floor":13.0},{"not_picked":["Barricade","Bludgeon"],"picked":"Impervious","floor":16.0},{"not_picked":["Infernal Blade+1","Flex","Anger"],"picked":"SKIP","floor":18.0},{"not_picked":["Sword Boomerang","Pummel","Warcry"],"picked":"SKIP","floor":20.0},{"not_picked":["Ghostly Armor","Power Through"],"picked":"Warcry+1","floor":21.0},{"not_picked":["Body Slam","Metallicize+1"],"picked":"Dual Wield","floor":22.0},{"not_picked":["Warcry","Clash"],"picked":"Dark Embrace","floor":23.0},{"not_picked":["Headbutt","Twin Strike"],"picked":"Shrug It Off","floor":27.0},{"not_picked":["Corruption+1","Warcry"],"picked":"Demon Form","floor":29.0},{"not_picked":["Sever Soul","Clothesline"],"picked":"Evolve","floor":31.0},{"not_picked":["Demon Form","Bludgeon"],"picked":"Offering","floor":33.0},{"not_picked":["True Grit","Sword Boomerang"],"picked":"Body Slam","floor":35.0},{"not_picked":["Hemokinesis","Headbutt"],"picked":"Heavy Blade","floor":39.0},{"not_picked":["Headbutt","Wild Strike"],"picked":"Heavy Blade+1","floor":40.0},{"not_picked":["Dual Wield","Dropkick+1"],"picked":"True Grit+1","floor":41.0},{"not_picked":["Perfected Strike","Heavy Blade"],"picked":"Warcry+1","floor":42.0},{"not_picked":["Fire Breathing+1","True Grit","Wild Strike"],"picked":"SKIP","floor":45.0},{"not_picked":["Sword Boomerang","Evolve","Headbutt"],"picked":"SKIP","floor":47.0},{"not_picked":["Headbutt","Iron Wave","Dropkick"],"picked":"SKIP","floor":55.0}],"player_experience":1505807,"relics_obtained":[{"floor":7.0,"key":"Mercury Hourglass"},{"floor":9.0,"key":"Gremlin Horn"},{"floor":10.0,"key":"Kunai"},{"floor":19.0,"key":"Smiling Mask"},{"floor":23.0,"key":"Blood Vial"},{"floor":26.0,"key":"Omamori"},{"floor":29.0,"key":"Boot"},{"floor":31.0,"key":"Sundial"},{"floor":40.0,"key":"Lantern"},{"floor":44.0,"key":"Happy Flower"},{"floor":55.0,"key":"Centennial Puzzle"}],"event_choices":[{"damage_healed":0.0,"max_hp_gain":0.0,"max_hp_loss":0.0,"gold_gain":0.0,"event_name":"Match and Keep!","player_choice":"1 cards matched","floor":4.0,"gold_loss":0.0,"damage_taken":0.0,"cards_obtained":["Juggernaut"]},{"damage_healed":0.0,"max_hp_gain":0.0,"max_hp_loss":0.0,"gold_gain":0.0,"event_name":"Lab","player_choice":"Got Potions","floor":14.0,"gold_loss":0.0,"damage_taken":0.0},{"damage_healed":0.0,"max_hp_gain":0.0,"max_hp_loss":0.0,"gold_gain":0.0,"event_name":"Back to Basics","player_choice":"Simplicity","floor":24.0,"gold_loss":0.0,"damage_taken":0.0,"cards_upgraded":["Strike_R","Strike_R","Strike_R","Strike_R","Defend_R","Defend_R","Defend_R","Defend_R"]},{"damage_healed":0.0,"max_hp_gain":0.0,"max_hp_loss":0.0,"gold_gain":0.0,"event_name":"Match and Keep!","player_choice":"0 cards matched","floor":30.0,"gold_loss":0.0,"damage_taken":0.0,"cards_obtained":[]},{"cards_removed":["Juggernaut"],"damage_healed":0.0,"max_hp_gain":10.0,"max_hp_loss":0.0,"gold_gain":0.0,"event_name":"Bonfire Elementals","player_choice":"Offered Rare","floor":36.0,"gold_loss":0.0,"damage_taken":0.0},{"damage_healed":0.0,"max_hp_gain":0.0,"max_hp_loss":0.0,"gold_gain":0.0,"event_name":"Tomb of Lord Red Mask","player_choice":"Paid","floor":38.0,"gold_loss":52.0,"damage_taken":0.0,"relics_obtained":["Red Mask"]}],"is_beta":false,"boss_relics":[{"not_picked":["Orrery","Busted Crown"],"picked":"Snecko Eye"},{"not_picked":["Philosopher\u0027s Stone","Runic Cube"],"picked":"Coffee Dripper"}],"items_purged_floors":[12,37,48],"is_endless":false,"potions_floor_spawned":[1,5,7,13,16,21,29,31,35,39,45,55],"killed_by":"The Heart","ascension_level":20}