{"gold_per_floor":[16,32,46,121,121,121,141,157,157,184,198,51,68,83,83,182,182,192,218,235,247,247,247,280,180,180,200,217,250,261,273,273,372,372,387,435,453,468,568,568,568,568,568,581,5,20,37,68,68,68,68,68,31,62,62],"floor_reached":56,"playtime":4457,"items_purged":["Pain","Strike_G","Strike_G"],"score":1427,"play_id":"3d108127-17a4-4b8f-a489-d094a851876a","local_time":"20190901020955","is_ascension_mode":false,"campfire_choices":[{"data":"Deadly Poison","floor":6,"key":"SMITH"},{"data":"Noxious Fumes","floor":15,"key":"SMITH"},{"floor":23,"key":"RECALL"},{"floor":32,"key":"REST"},{"floor":40,"key":"REST"},{"floor":42,"key":"REST"},{"floor":49,"key":"REST"},{"floor":52,"key":"REST"}],"neow_cost":"NO_GOLD","seed_source_timestamp":974485953311600,"circlet_count":0,"master_deck":["Defend_G","Defend_G","Defend_G","Defend_G","Defend_G","Survivor","Neutralize","Distraction","Burst","Dagger Spray","Noxious Fumes+1","Deadly Poison+1","Bane","PiercingWail","Dagger Spray","Well Laid Plans","Dodge and Roll","Leg Sweep","After Image","Crippling Poison","Footwork+1","Deadly Poison+1","Expertise","Night Terror","Backflip","Bouncing Flask","Catalyst+1","PiercingWail","Malaise","Dodge and Roll","Escape Plan+1","Well Laid Plans","Burst","Dash+1","Catalyst","Thinking Ahead","Cloak And Dagger","PiercingWail","PiercingWail","Escape Plan","PiercingWail+1"],"relics":["Ring of the Snake","WarpedTongs","Mummified Hand","Anchor","Fusion Hammer","Red Mask","StoneCalendar","Gremlin Horn","Pear","Sozu","Turnip","WingedGreaves","Chemical X","Orichalcum","Boot"],"potions_floor_usage":[10,14,21,30,55,55,55],"damage_taken":[{"damage":0,"enemies":"Jaw Worm","floor":1,"turns":6},{"damage":0,"enemies":"Cultist","floor":2,"turns":4},{"damage":0,"enemies":"2 Louse","floor":3,"turns":3},{"damage":8,"enemies":"Lots of Slimes","floor":7,"turns":3},{"damage":3,"enemies":"3 Louse","floor":8,"turns":3},{"damage":14,"enemies":"3 Sentries","floor":10,"turns":5},{"damage":0,"enemies":"2 Fungi Beasts","floor":11,"turns":3},{"damage":0,"enemies":"Red Slaver","floor":13,"turns":3},{"damage":0,"enemies":"Blue Slaver","floor":14,"turns":2},{"damage":0,"enemies":"Slime Boss","floor":16,"turns":10},{"damage":0,"enemies":"2 Thieves","floor":18,"turns":4},{"damage":4,"enemies":"Masked Bandits","floor":19,"turns":5},{"damage":0,"enemies":"Spheric Guardian","floor":20,"turns":5},{"damage":0,"enemies":"Snecko","floor":21,"turns":7},{"damage":0,"enemies":"Book of Stabbing","floor":24,"turns":6},{"damage":0,"enemies":"Cultist and Chosen","floor":27,"turns":5},{"damage":2,"enemies":"Centurion and Healer","floor":28,"turns":7},{"damage":0,"enemies":"Gremlin Leader","floor":29,"turns":6},{"damage":0,"enemies":"Snake Plant","floor":30,"turns":2},{"damage":0,"enemies":"Snecko","floor":31,"turns":3},{"damage":0,"enemies":"Champ","floor":33,"turns":7},{"damage":0,"enemies":"3 Shapes","floor":35,"turns":4},{"damage":31,"enemies":"2 Orb Walkers","floor":36,"turns":7},{"damage":5,"enemies":"3 Darklings","floor":37,"turns":6},{"damage":10,"enemies":"Jaw Worm Horde","floor":38,"turns":3},{"damage":3,"enemies":"Mind Bloom Boss Battle","floor":39,"turns":4},{"damage":0,"enemies":"Maw","floor":44,"turns":4},{"damage":8,"enemies":"Transient","floor":46,"turns":5},{"damage":0,"enemies":"4 Shapes","floor":47,"turns":6},{"damage":0,"enemies":"Nemesis","floor":48,"turns":7},{"damage":15,"enemies":"Awakened One","floor":50,"turns":17},{"damage":0,"enemies":"Shield and Spear","floor":54,"turns":6},{"damage":17,"enemies":"The Heart","floor":55,"turns":5}],"seed_played":"-5409227184799099230","potions_obtained":[{"floor":2,"key":"Regen Potion"},{"floor":3,"key":"FairyPotion"},{"floor":10,"key":"Regen Potion"},{"floor":13,"key":"AttackPotion"},{"floor":19,"key":"Regen Potion"},{"floor":20,"key":"Regen Potion"},{"floor":28,"key":"LiquidBronze"},{"floor":31,"key":"Weak Potion"}],"is_trial":false,"path_per_floor":["M","M","M","?","?","R","M","M","T","E","M","$","M","M","R","B",null,"M","?","M","M","?","R","E","$","T","M","M","E","M","M","R","B",null,"M","?","M","M","?","R","?","R","T","M","$","M","M","E","R","B",null,"R","$","E","B",null],"character_chosen":"THE_SILENT","items_purchased":["Well Laid Plans","Catalyst","Chemical X","Thinking Ahead","Escape Plan"],"campfire_rested":5,"item_purchase_floors":[12,45,45,45,53],"current_hp_per_floor":[70,70,70,59,59,59,51,48,48,49,49,49,49,49,49,49,70,70,66,66,70,70,70,70,70,70,70,68,78,80,80,80,80,80,80,49,44,34,31,55,55,79,79,79,79,71,71,71,80,65,80,80,80,80,72],"gold":62,"neow_bonus":"TRANSFORM_TWO_CARDS","is_prod":false,"is_daily":false,"chose_seed":false,"campfire_upgraded":2,"win_rate":1,"timestamp":1567271395,"path_taken":["M","M","M","?","?","R","?","?","T","E","M","$","M","M","R","BOSS","M","?","M","M","?","R","E","$","T","M","M","E","M","?","R","BOSS","M","?","M","M","?","R","?","R","T","?","$","M","M","E","R","BOSS","R","$","E","BOSS"],"build_version":"2019-07-17","purchased_purges":3,"victory":true,"max_hp_per_floor":[70,70,70,70,70,70,70,70,70,70,70,70,70,70,70,70,70,70,70,70,70,70,70,70,70,70,70,70,80,80,80,80,80,80,80,80,80,80,80,80,80,80,80,80,80,80,80,80,80,80,80,80,80,80,80],"card_choices":[{"not_picked":["Underhanded Strike","Prepared"],"picked":"Dagger Spray","floor":1},{"not_picked":["Terror","PiercingWail"],"picked":"Noxious Fumes","floor":2},{"not_picked":["Escape Plan","Bane"],"picked":"Deadly Poison","floor":3},{"not_picked":["Masterful Stab","Deflect"],"picked":"Bane","floor":7},{"not_picked":["Unload","Endless Agony"],"picked":"PiercingWail","floor":8},{"not_picked":["Bane","Reflex","Skewer"],"picked":"SKIP","floor":10},{"not_picked":["Blade Dance","Flying Knee"],"picked":"Dagger Spray","floor":11},{"not_picked":["Flying Knee","Poisoned Stab"],"picked":"Dodge and Roll","floor":13},{"not_picked":["Deadly Poison","Predator"],"picked":"Leg Sweep","floor":14},{"not_picked":["Bullet Time","Glass Knife"],"picked":"After Image","floor":16},{"not_picked":["Deflect","Bane+1"],"picked":"Crippling Poison","floor":18},{"not_picked":["Prepared+1","Backflip"],"picked":"Footwork+1","floor":19},{"not_picked":["Poisoned Stab","PiercingWail"],"picked":"Deadly Poison+1","floor":20},{"not_picked":["Deadly Poison+1","Accuracy+1"],"picked":"Expertise","floor":21},{"not_picked":["Cloak And Dagger","Dash"],"picked":"Night Terror","floor":24},{"not_picked":["Finisher","Terror+1"],"picked":"Backflip","floor":27},{"not_picked":["Tactician","Eviscerate"],"picked":"Bouncing Flask","floor":28},{"not_picked":["Backflip","Concentrate"],"picked":"Catalyst+1","floor":29},{"not_picked":["Flechettes","Slice+1","Deadly Poison"],"picked":"SKIP","floor":30},{"not_picked":["Reflex","Acrobatics"],"picked":"PiercingWail","floor":31},{"not_picked":["Storm of Steel","Unload"],"picked":"Malaise","floor":33},{"not_picked":["Finisher+1","Skewer+1"],"picked":"Dodge and Roll","floor":35},{"not_picked":["Underhanded Strike+1","Outmaneuver"],"picked":"Escape Plan+1","floor":37},{"not_picked":["Dagger Spray","Eviscerate"],"picked":"Well Laid Plans","floor":38},{"not_picked":["PiercingWail+1","Endless Agony+1"],"picked":"Burst","floor":39},{"not_picked":["Poisoned Stab","Endless Agony+1"],"picked":"Dash+1","floor":44},{"not_picked":["Expertise","Quick Slash+1"],"picked":"Cloak And Dagger","floor":46},{"not_picked":["Dagger Throw","Unload"],"picked":"PiercingWail","floor":47},{"not_picked":["PiercingWail","Eviscerate","Dash"],"picked":"SKIP","floor":48},{"not_picked":["Eviscerate","Dash"],"picked":"PiercingWail","floor":48},{"not_picked":["Heel Hook+1","Sucker Punch+1"],"picked":"PiercingWail+1","floor":54}],"player_experience":326995,"relics_obtained":[{"floor":9,"key":"Mummified Hand"},{"floor":10,"key":"Anchor"},{"floor":19,"key":"Red Mask"},{"floor":24,"key":"StoneCalendar"},{"floor":26,"key":"Gremlin Horn"},{"floor":29,"key":"Pear"},{"floor":36,"key":"Turnip"},{"floor":39,"key":"WingedGreaves"},{"floor":48,"key":"Orichalcum"},{"floor":54,"key":"Boot"}],"event_choices":[{"damage_healed":0,"gold_gain":75,"player_choice":"Gather Gold","damage_taken":11,"max_hp_gain":0,"max_hp_loss":0,"event_name":"World of Goop","floor":4,"gold_loss":0},{"damage_healed":0,"gold_gain":0,"player_choice":"Rummage","damage_taken":0,"relics_obtained":["WarpedTongs"],"max_hp_gain":0,"max_hp_loss":0,"event_name":"Accursed Blacksmith","floor":5,"gold_loss":0,"cards_obtained":["Pain"]},{"damage_healed":0,"gold_gain":0,"player_choice":"Fought Bandits","damage_taken":0,"max_hp_gain":0,"max_hp_loss":0,"event_name":"Masked Bandits","floor":19,"gold_loss":0},{"cards_removed":["Strike_G"],"damage_healed":0,"gold_gain":0,"player_choice":"Purged","damage_taken":0,"max_hp_gain":0,"max_hp_loss":0,"event_name":"Purifier","floor":22,"gold_loss":0},{"damage_healed":0,"gold_gain":0,"player_choice":"Fight","damage_taken":0,"max_hp_gain":0,"max_hp_loss":0,"event_name":"Mysterious Sphere","floor":36,"gold_loss":0},{"damage_healed":0,"gold_gain":0,"player_choice":"Fight","damage_taken":0,"max_hp_gain":0,"max_hp_loss":0,"event_name":"MindBloom","floor":39,"gold_loss":0},{"damage_healed":0,"gold_gain":0,"player_choice":"Ignored","damage_taken":0,"max_hp_gain":0,"max_hp_loss":0,"event_name":"SecretPortal","floor":41,"gold_loss":0}],"is_beta":false,"boss_relics":[{"not_picked":["Cursed Key","White Beast Statue"],"picked":"Fusion Hammer"},{"not_picked":["Ring of the Serpent","HoveringKite"],"picked":"Sozu"}],"items_purged_floors":[12,25,45],"is_endless":false,"potions_floor_spawned":[2,3,10,13,19,20,28,31,35,37,39,47,48,54],"ascension_level":0}