{"gold_per_floor":[368,379,399,449,11,11,43,43,68,94,107,107],"floor_reached":12,"playtime":691,"items_purged":["Injury"],"score":176,"play_id":"4bab5415-3b42-4990-9165-ef98a653dfe7","local_time":"20190729191447","is_ascension_mode":true,"campfire_choices":[{"floor":6.0,"key":"REST"},{"data":"Apotheosis","floor":8.0,"key":"SMITH"}],"neow_cost":"CURSE","seed_source_timestamp":176567340919300,"circlet_count":0,"master_deck":["AscendersBane","Strike_G+1","Strike_G+1","Strike_G","Strike_G","Strike_G","Defend_G","Defend_G","Defend_G","Defend_G","Defend_G","Survivor","Neutralize","Calculated Gamble","Bouncing Flask","Footwork","Apotheosis+1","Malaise","Bouncing Flask","Noxious Fumes"],"special_seed":0,"relics":["Ring of the Snake","Potion Belt","Art of War","Ancient Tea Set","Whetstone"],"potions_floor_usage":[],"damage_taken":[{"damage":10.0,"enemies":"Cultist","floor":1.0,"turns":5.0},{"damage":0.0,"enemies":"2 Louse","floor":2.0,"turns":3.0},{"damage":17.0,"enemies":"Small Slimes","floor":3.0,"turns":5.0},{"damage":20.0,"enemies":"3 Sentries","floor":7.0,"turns":10.0},{"damage":24.0,"enemies":"Gremlin Nob","floor":10.0,"turns":4.0},{"damage":0,"enemies":"Exordium Thugs","floor":11,"turns":5},{"damage":5,"enemies":"3 Sentries","floor":12,"turns":1}],"seed_played":"-5685822115311620189","potions_obtained":[{"floor":1.0,"key":"Poison Potion"},{"floor":3.0,"key":"Energy Potion"},{"floor":7.0,"key":"Strength Potion"}],"is_trial":false,"path_per_floor":["M","M","M","?","$","R","E","R","T","E","M","E"],"character_chosen":"THE_SILENT","items_purchased":["Apotheosis","Potion Belt"],"campfire_rested":1,"item_purchase_floors":[5,5],"current_hp_per_floor":[49,49,32,26,26,45,25,25,25,1,1,0],"gold":107,"neow_bonus":"TWO_FIFTY_GOLD","is_prod":false,"is_daily":false,"chose_seed":false,"campfire_upgraded":1,"win_rate":0,"timestamp":1564442087,"path_taken":["M","M","M","?","$","R","E","R","T","E","M","E"],"build_version":"2019-07-17","purchased_purges":1,"victory":false,"max_hp_per_floor":[66,66,66,66,66,66,66,66,66,66,66,66],"card_choices":[{"not_picked":["Outmaneuver","Blade Dance"],"picked":"Calculated Gamble","floor":1.0},{"not_picked":["Dagger Throw","Masterful Stab"],"picked":"Bouncing Flask","floor":2.0},{"not_picked":["Slice","Backflip"],"picked":"Footwork","floor":3.0},{"not_picked":["Sucker Punch","Outmaneuver"],"picked":"Malaise","floor":7.0},{"not_picked":["Reflex","Infinite Blades"],"picked":"Bouncing Flask","floor":10.0},{"not_picked":["Poisoned Stab","Skewer"],"picked":"Noxious Fumes","floor":11}],"player_experience":1407079,"relics_obtained":[{"floor":7.0,"key":"Art of War"},{"floor":9.0,"key":"Ancient Tea Set"},{"floor":10.0,"key":"Whetstone"}],"event_choices":[{"damage_healed":0.0,"max_hp_gain":0.0,"max_hp_loss":0.0,"gold_gain":50.0,"event_name":"FaceTrader","player_choice":"Touch","floor":4.0,"gold_loss":0.0,"damage_taken":6.0}],"is_beta":false,"boss_relics":[],"items_purged_floors":[5],"is_endless":false,"potions_floor_spawned":[1,3,7],"killed_by":"3 Sentries","ascension_level":20}