{"gold_per_floor":[119,63,63,75,125,125,158,172,252,287,305,27,39,56,56,135,135,151,162,162,162,181,207,207,1,1,1,20,38,38],"floor_reached":30,"playtime":1042,"items_purged":["Strike_B"],"score":574,"play_id":"8a757657-9268-40ee-9dbe-aadb4d11cc97","local_time":"20190626073545","is_ascension_mode":true,"campfire_choices":[{"data":"Zap","floor":6.0,"key":"SMITH"},{"data":"Sunder","floor":15.0,"key":"SMITH"},{"floor":24,"key":"REST"},{"data":"Hologram","floor":27,"key":"SMITH"}],"neow_cost":"NONE","seed_source_timestamp":472156776125300,"circlet_count":0,"master_deck":["AscendersBane","Strike_B","Strike_B","Strike_B","Defend_B","Defend_B","Defend_B","Defend_B","Zap+1","Dualcast","Chill","Sunder+1","Glacier","Ball Lightning","Streamline","Hologram+1","Rip and Tear","Coolheaded","Reinforced Body","Conserve Battery","Go for the Eyes+1","Conserve Battery","Beam Cell"],"special_seed":0,"relics":["Cracked Core","NeowsBlessing","Oddly Smooth Stone","Tiny Chest","Bottled Flame","Membership Card","White Beast Statue","Boot","Potion Belt","OrangePellets","Kunai"],"potions_floor_usage":[22,22,23,28,30],"damage_taken":[{"damage":0.0,"enemies":"Small Slimes","floor":1.0,"turns":1.0},{"damage":0.0,"enemies":"Cultist","floor":4.0,"turns":1.0},{"damage":0.0,"enemies":"Lagavulin","floor":7.0,"turns":1.0},{"damage":2.0,"enemies":"2 Louse","floor":8.0,"turns":2.0},{"damage":25.0,"enemies":"Gremlin Nob","floor":10.0,"turns":4.0},{"damage":0.0,"enemies":"Red Slaver","floor":11.0,"turns":2.0},{"damage":2.0,"enemies":"2 Fungi Beasts","floor":13.0,"turns":3.0},{"damage":8.0,"enemies":"Blue Slaver","floor":14.0,"turns":4.0},{"damage":18.0,"enemies":"Slime Boss","floor":16.0,"turns":9.0},{"damage":4.0,"enemies":"Chosen","floor":18.0,"turns":7.0},{"damage":1.0,"enemies":"Spheric Guardian","floor":19.0,"turns":4.0},{"damage":10,"enemies":"Snake Plant","floor":22,"turns":4},{"damage":64,"enemies":"Slavers","floor":23,"turns":7},{"damage":18,"enemies":"Centurion and Healer","floor":28,"turns":8},{"damage":18,"enemies":"3 Cultists","floor":29,"turns":8},{"damage":11,"enemies":"Shelled Parasite and Fungi","floor":30,"turns":1}],"seed_played":"-4435480334599851007","potions_obtained":[{"floor":1.0,"key":"SkillPotion"},{"floor":4.0,"key":"Energy Potion"},{"floor":10.0,"key":"Poison Potion"},{"floor":14.0,"key":"Explosive Potion"},{"floor":18.0,"key":"Dexterity Potion"},{"floor":19.0,"key":"Ancient Potion"},{"floor":22,"key":"FearPotion"},{"floor":23,"key":"FearPotion"},{"floor":28,"key":"FearPotion"},{"floor":29,"key":"GamblersBrew"}],"is_trial":false,"path_per_floor":["M","$","?","M","?","R","E","M","T","E","M","$","M","M","R","B",null,"M","M","?","?","M","E","R","$","T","R","M","M","M"],"character_chosen":"DEFECT","items_purchased":["Fire Potion","Membership Card","Fire Potion","Potion Belt","Conserve Battery","OrangePellets"],"campfire_rested":1,"item_purchase_floors":[2,12,12,25,25,25],"current_hp_per_floor":[64,64,60,60,60,60,60,58,58,33,33,33,31,23,23,5,55,51,50,30,86,76,12,37,37,37,37,19,1,0],"gold":38,"neow_bonus":"THREE_ENEMY_KILL","is_prod":false,"is_daily":false,"chose_seed":false,"campfire_upgraded":3,"win_rate":0,"timestamp":1561548945,"path_taken":["M","$","?","?","?","R","E","M","T","E","M","?","M","M","R","BOSS","M","?","?","?","M","E","R","$","T","R","M","M","M"],"build_version":"2019-01-23","purchased_purges":1,"victory":false,"max_hp_per_floor":[71,71,71,71,71,71,71,71,71,71,71,71,71,71,71,71,71,71,71,76,86,86,86,86,86,86,86,86,86,86],"card_choices":[{"not_picked":["Reprogram","Gash"],"picked":"Chill","floor":1.0},{"not_picked":["Sweeping Beam","Tempest"],"picked":"Sunder","floor":4.0},{"not_picked":["Consume","Hologram"],"picked":"Glacier","floor":7.0},{"not_picked":["Storm","Go for the Eyes"],"picked":"Ball Lightning","floor":8.0},{"not_picked":["Fission","Rebound"],"picked":"Streamline","floor":10.0},{"not_picked":["Streamline","Steam"],"picked":"Hologram","floor":11.0},{"not_picked":["Static Discharge","Gash"],"picked":"Rip and Tear","floor":13.0},{"not_picked":["Reinforced Body","Scrape"],"picked":"Coolheaded","floor":14.0},{"not_picked":["Meteor Strike","Seek"],"picked":"Core Surge","floor":16.0},{"not_picked":["Leap","Redo"],"picked":"Reinforced Body","floor":18.0},{"not_picked":["Rebound+1","Streamline","Sunder"],"picked":"SKIP","floor":19.0},{"not_picked":["Stack","Hyperbeam"],"picked":"Conserve Battery","floor":22},{"not_picked":["Barrage","Streamline"],"picked":"Go for the Eyes+1","floor":23},{"not_picked":["Coolheaded","Scrape"],"picked":"Beam Cell","floor":28},{"not_picked":["White Noise","Stack","Barrage"],"picked":"SKIP","floor":29}],"player_experience":1229339,"relics_obtained":[{"floor":7.0,"key":"Oddly Smooth Stone"},{"floor":9.0,"key":"Tiny Chest"},{"floor":10.0,"key":"Bottled Flame"},{"floor":23,"key":"Boot"},{"floor":26,"key":"Kunai"}],"event_choices":[{"damage_healed":0.0,"max_hp_gain":0.0,"max_hp_loss":0.0,"gold_gain":0.0,"event_name":"The Woman in Blue","player_choice":"Bought 0 Potions","floor":3.0,"gold_loss":0.0,"damage_taken":0.0},{"damage_healed":0.0,"max_hp_gain":0.0,"max_hp_loss":0.0,"gold_gain":50.0,"event_name":"Golden Shrine","player_choice":"Pray","floor":5.0,"gold_loss":0.0,"damage_taken":0.0},{"damage_healed":0.0,"max_hp_gain":5.0,"max_hp_loss":0.0,"gold_gain":0.0,"event_name":"Forgotten Altar","player_choice":"Shed Blood","floor":20.0,"gold_loss":0.0,"damage_taken":25.0},{"cards_removed":["Core Surge"],"damage_healed":46.0,"max_hp_gain":10.0,"max_hp_loss":0.0,"gold_gain":0.0,"event_name":"Bonfire Elementals","player_choice":"Offered Rare","floor":21.0,"gold_loss":0.0,"damage_taken":0.0}],"is_beta":false,"boss_relics":[{"not_picked":["Black Star","FrozenCore"],"picked":"White Beast Statue"}],"items_purged_floors":[12],"is_endless":false,"potions_floor_spawned":[1,4,7,10,14,18,19,22,23,28,29],"killed_by":"Shelled Parasite and Fungi","ascension_level":20}