{"gold_per_floor":[111,121,121,139,139,139,154,164,240,270,270,290,305,336,336,437,437,449,449,462,475,0,0,0,0,0,35,135,135,135,56,56,161,161,175,175,188,89,89,89,100,100,100,112,124,161,206,236,248,260],"floor_reached":51,"playtime":3174,"items_purged":["Strike_B","Strike_R"],"score":703,"play_id":"962c45d8-2e61-4bd3-b8aa-8843e8b3fc20","local_time":"20190826231937","is_ascension_mode":false,"campfire_choices":[{"data":"Streamline","floor":6,"key":"SMITH"},{"data":"Creative AI","floor":11,"key":"SMITH"},{"data":"Defragment","floor":15,"key":"SMITH"},{"data":"Multi-Cast","floor":23,"key":"SMITH"},{"floor":30,"key":"REST"},{"data":"Loop","floor":32,"key":"SMITH"},{"data":"Darkness","floor":40,"key":"SMITH"},{"data":"Self Repair","floor":44,"key":"SMITH"},{"floor":49,"key":"DIG"}],"neow_cost":"NONE","seed_source_timestamp":533509856599000,"circlet_count":0,"master_deck":["Defend_B","Defend_B","Defend_B","Defend_B","Zap","Dualcast","Cold Snap+1","Coolheaded","Streamline+1","Hologram","Darkness+1","Creative AI+1","BootSequence","Defragment+1","Ball Lightning+1","Multi-Cast+1","Loop+1","Self Repair+1","Doom and Gloom","Redo+1","Finesse+1","Coolheaded+1","Compile Driver","Coolheaded+1","White Noise+1","Core Surge","Lockon","Dark Shackles+1","Recycle+1","Echo Form"],"relics":["Cracked Core","Regal Pillow","Meat on the Bone","Mango","Juzu Bracelet","Velvet Choker","Toxic Egg 2","Kunai","Matryoshka","Smiling Mask","Shovel","Mummified Hand","Runic Pyramid","MawBank","Molten Egg 2","Happy Flower","Whetstone","Shuriken","Pantograph"],"potions_floor_usage":[10,28,50,50,50],"damage_taken":[{"damage":0,"enemies":"Small Slimes","floor":1,"turns":3},{"damage":0,"enemies":"Cultist","floor":2,"turns":5},{"damage":0,"enemies":"2 Louse","floor":4,"turns":2},{"damage":2,"enemies":"Red Slaver","floor":7,"turns":5},{"damage":10,"enemies":"Gremlin Gang","floor":8,"turns":7},{"damage":29,"enemies":"Gremlin Nob","floor":10,"turns":5},{"damage":8,"enemies":"Large Slime","floor":12,"turns":4},{"damage":18,"enemies":"Exordium Thugs","floor":13,"turns":5},{"damage":14,"enemies":"3 Sentries","floor":14,"turns":8},{"damage":7,"enemies":"Slime Boss","floor":16,"turns":8},{"damage":6,"enemies":"Spheric Guardian","floor":18,"turns":4},{"damage":0,"enemies":"Chosen","floor":20,"turns":6},{"damage":16,"enemies":"Snecko","floor":21,"turns":5},{"damage":36,"enemies":"Book of Stabbing","floor":27,"turns":5},{"damage":44,"enemies":"Colosseum Slavers","floor":28,"turns":5},{"damage":25,"enemies":"Colosseum Nobs","floor":28,"turns":5},{"damage":16,"enemies":"Champ","floor":33,"turns":9},{"damage":10,"enemies":"3 Darklings","floor":35,"turns":6},{"damage":11,"enemies":"3 Shapes","floor":37,"turns":4},{"damage":17,"enemies":"3 Darklings","floor":41,"turns":7},{"damage":32,"enemies":"Reptomancer","floor":47,"turns":6},{"damage":1,"enemies":"Sphere and 2 Shapes","floor":48,"turns":6},{"damage":53,"enemies":"Awakened One","floor":50,"turns":30}],"seed_played":"3651939401618609344","potions_obtained":[{"floor":2,"key":"SpeedPotion"},{"floor":7,"key":"LiquidBronze"},{"floor":12,"key":"SpeedPotion"},{"floor":14,"key":"Explosive Potion"},{"floor":18,"key":"Dexterity Potion"}],"is_trial":false,"path_per_floor":["M","M","?","M","?","R","M","M","T","E","R","M","M","E","R","B",null,"M","?","M","M","$","R","?","$","T","E","?","?","R","$","R","B",null,"M","?","M","$","?","R","M","?","T","R","?","T","E","M","R","B",null],"character_chosen":"DEFECT","items_purchased":["Toxic Egg 2","Redo+1","Finesse+1","White Noise+1","PowerPotion"],"campfire_rested":1,"item_purchase_floors":[22,22,22,31,38],"current_hp_per_floor":[75,75,75,75,75,75,73,63,63,60,60,52,46,44,44,49,89,83,83,83,74,74,74,74,74,74,57,26,26,67,67,67,58,89,86,86,82,82,82,82,72,72,72,72,72,72,62,81,81,44],"gold":272,"neow_bonus":"RANDOM_COMMON_RELIC","is_prod":false,"is_daily":false,"chose_seed":false,"campfire_upgraded":7,"win_rate":0,"timestamp":1566829177,"path_taken":["M","M","?","?","?","R","M","?","T","E","R","M","M","E","R","BOSS","M","?","M","M","$","R","?","?","T","E","?","?","R","$","R","BOSS","M","?","M","$","?","R","M","?","T","R","?","?","E","M","R","BOSS"],"build_version":"2019-07-17","purchased_purges":2,"victory":true,"max_hp_per_floor":[75,75,75,75,75,75,75,75,75,89,89,89,89,89,89,89,89,89,89,89,89,89,89,89,89,89,89,89,89,89,89,89,89,89,89,89,89,89,85,85,85,85,85,85,85,85,85,85,85,85],"card_choices":[{"not_picked":["Redo","Gash"],"picked":"Cold Snap","floor":1},{"not_picked":["Static Discharge","Conserve Battery"],"picked":"Coolheaded","floor":2},{"not_picked":["Conserve Battery","Redo"],"picked":"Streamline","floor":4},{"not_picked":["Steam","Cold Snap"],"picked":"Hologram","floor":7},{"not_picked":["Barrage","Beam Cell"],"picked":"Darkness","floor":8},{"not_picked":["Scrape","Steam"],"picked":"Creative AI","floor":10},{"not_picked":["Barrage","Storm"],"picked":"BootSequence","floor":12},{"not_picked":["Beam Cell","Turbo"],"picked":"Defragment","floor":13},{"not_picked":["Beam Cell","Stack"],"picked":"Ball Lightning","floor":14},{"not_picked":["Amplify","Buffer"],"picked":"Multi-Cast","floor":16},{"not_picked":["Streamline","Cold Snap+1","Barrage+1"],"picked":"SKIP","floor":18},{"not_picked":["Redo","Chill"],"picked":"Self Repair","floor":20},{"not_picked":["Sweeping Beam","Go for the Eyes"],"picked":"Doom and Gloom","floor":21},{"not_picked":["Cold Snap","Self Repair"],"picked":"Heatsinks","floor":27},{"not_picked":["Compile Driver","Cold Snap"],"picked":"Coolheaded+1","floor":28},{"not_picked":["Rainbow+1","Thunder Strike"],"picked":"Core Surge","floor":33},{"not_picked":["Barrage","Cold Snap+1"],"picked":"Lockon","floor":35},{"not_picked":["Flash of Steel","Good Instincts+1"],"picked":"Dark Shackles+1","floor":36},{"not_picked":["Loop","Coolheaded+1"],"picked":"Recycle+1","floor":37},{"not_picked":["Cold Snap","Scrape","Rip and Tear+1"],"picked":"SKIP","floor":41},{"not_picked":["Thunder Strike+1","Static Discharge+1"],"picked":"Echo Form","floor":47},{"not_picked":["Sunder+1","Tempest+1","Skim+1"],"picked":"SKIP","floor":48}],"player_experience":233156,"relics_obtained":[{"floor":9,"key":"Meat on the Bone"},{"floor":10,"key":"Mango"},{"floor":14,"key":"Juzu Bracelet"},{"floor":26,"key":"Matryoshka"},{"floor":27,"key":"Smiling Mask"},{"floor":28,"key":"Shovel"},{"floor":28,"key":"Mummified Hand"},{"floor":43,"key":"MawBank"},{"floor":43,"key":"Molten Egg 2"},{"floor":46,"key":"Happy Flower"},{"floor":46,"key":"Whetstone"},{"floor":47,"key":"Shuriken"},{"floor":49,"key":"Pantograph"}],"event_choices":[{"damage_healed":0,"gold_gain":0,"player_choice":"Full Heal","damage_taken":0,"max_hp_gain":0,"max_hp_loss":0,"event_name":"Wheel of Change","floor":3,"gold_loss":0},{"cards_removed":["Strike_B"],"damage_healed":0,"gold_gain":0,"player_choice":"Took Card","damage_taken":0,"max_hp_gain":0,"max_hp_loss":0,"event_name":"NoteForYourself","floor":5,"gold_loss":0,"cards_obtained":["Strike_R"]},{"damage_healed":0,"gold_gain":0,"player_choice":"Read","damage_taken":0,"max_hp_gain":0,"max_hp_loss":0,"event_name":"The Library","floor":19,"gold_loss":0,"cards_obtained":["Loop"]},{"damage_healed":0,"gold_gain":0,"player_choice":"Opened","damage_taken":0,"relics_obtained":["Kunai"],"max_hp_gain":0,"max_hp_loss":0,"event_name":"The Mausoleum","floor":24,"gold_loss":0},{"damage_healed":0,"gold_gain":0,"player_choice":"Fight","damage_taken":0,"max_hp_gain":0,"max_hp_loss":0,"event_name":"Colosseum","floor":28,"gold_loss":0},{"damage_healed":0,"gold_gain":0,"player_choice":"Fought Nobs","damage_taken":0,"max_hp_gain":0,"max_hp_loss":0,"event_name":"Colosseum","floor":28,"gold_loss":0},{"damage_healed":0,"gold_gain":0,"cards_transformed":["Strike_B","Strike_B"],"player_choice":"Became Test Subject","damage_taken":0,"max_hp_gain":0,"max_hp_loss":0,"event_name":"Drug Dealer","floor":29,"gold_loss":0,"cards_obtained":["Compile Driver","Coolheaded"]},{"damage_healed":0,"gold_gain":0,"player_choice":"Memory 1","damage_taken":0,"max_hp_gain":0,"max_hp_loss":0,"event_name":"SensoryStone","floor":36,"gold_loss":0},{"damage_healed":0,"gold_gain":0,"player_choice":"Max HP","damage_taken":0,"max_hp_gain":0,"max_hp_loss":4,"event_name":"Winding Halls","floor":39,"gold_loss":0},{"damage_healed":0,"gold_gain":0,"player_choice":"Ignored","damage_taken":0,"max_hp_gain":0,"max_hp_loss":0,"event_name":"SecretPortal","floor":42,"gold_loss":0},{"cards_removed":["Heatsinks"],"damage_healed":0,"gold_gain":0,"player_choice":"Removed Power","damage_taken":0,"max_hp_gain":0,"max_hp_loss":0,"event_name":"Falling","floor":45,"gold_loss":0}],"is_beta":false,"boss_relics":[{"not_picked":["Tiny House","Cursed Key"],"picked":"Velvet Choker"},{"not_picked":["Coffee Dripper","Runic Dome"],"picked":"Runic Pyramid"}],"items_purged_floors":[22,38],"is_endless":false,"potions_floor_spawned":[2,7,12,14,18,21,41,48],"ascension_level":0}