{"gold_per_floor":[117,117,13,29,43,73,73,100,100,129,143,143,161,1,1,75,75,93,93,15,25,25,25,57,72,72,72,84,84],"floor_reached":29,"playtime":1358,"items_purged":["Strike_B"],"score":526,"play_id":"553a8e39-2ddc-4967-9942-d18c1c784e28","local_time":"20190804080219","is_ascension_mode":true,"campfire_choices":[{"floor":7.0,"key":"REST"},{"data":"Defragment","floor":15.0,"key":"SMITH"},{"floor":23.0,"key":"REST"}],"neow_cost":"NONE","seed_source_timestamp":653847003098800,"circlet_count":0,"master_deck":["AscendersBane","Strike_B","Strike_B","Strike_B","Defend_B","Defend_B","Defend_B","Defend_B","Zap+1","Dualcast","Defragment+1","Defragment","Go for the Eyes","Rip and Tear","Cold Snap","Lockon","Ball Lightning","Electrodynamics+1","Go for the Eyes+1","Defragment+1","Force Field"],"special_seed":0,"relics":["FrozenCore","Symbiotic Virus","Mummified Hand","Frozen Egg 2","Darkstone Periapt","Mercury Hourglass","Potion Belt","Bag of Preparation","Gremlin Horn"],"potions_floor_usage":[29],"damage_taken":[{"damage":7.0,"enemies":"2 Louse","floor":1.0,"turns":3.0},{"damage":11.0,"enemies":"Jaw Worm","floor":4.0,"turns":4.0},{"damage":6.0,"enemies":"Cultist","floor":5.0,"turns":3.0},{"damage":20.0,"enemies":"3 Sentries","floor":6.0,"turns":6.0},{"damage":5.0,"enemies":"Lagavulin","floor":8.0,"turns":5.0},{"damage":18.0,"enemies":"3 Sentries","floor":10.0,"turns":5.0},{"damage":2.0,"enemies":"Exordium Thugs","floor":11.0,"turns":4.0},{"damage":2.0,"enemies":"Lots of Slimes","floor":13.0,"turns":2.0},{"damage":7.0,"enemies":"Hexaghost","floor":16.0,"turns":7.0},{"damage":12.0,"enemies":"Shell Parasite","floor":18.0,"turns":2.0},{"damage":0.0,"enemies":"Spheric Guardian","floor":21.0,"turns":3.0},{"damage":10.0,"enemies":"Gremlin Leader","floor":24.0,"turns":5.0},{"damage":14.0,"enemies":"Snake Plant","floor":25.0,"turns":3.0},{"damage":0.0,"enemies":"3 Cultists","floor":28.0,"turns":3.0},{"damage":23,"enemies":"Slavers","floor":29,"turns":2}],"seed_played":"6273309386511519664","potions_obtained":[{"floor":0.0,"key":"FearPotion"},{"floor":0.0,"key":"Ancient Potion"},{"floor":4.0,"key":"Fire Potion"},{"floor":11.0,"key":"Swift Potion"},{"floor":16.0,"key":"SkillPotion"},{"floor":18.0,"key":"Energy Potion"}],"is_trial":false,"path_per_floor":["M","?","$","M","M","E","R","E","T","E","M","?","M","$","R","B",null,"M","?","$","M","T","R","E","M","T","T","M","E"],"character_chosen":"DEFECT","items_purchased":["Defragment","Go for the Eyes","Electrodynamics+1","Defragment+1"],"campfire_rested":2,"item_purchase_floors":[3,3,14,20],"current_hp_per_floor":[57,57,57,46,40,20,41,36,36,18,16,16,14,14,14,7,55,43,23,23,23,23,45,35,21,21,21,21,0],"gold":84,"neow_bonus":"THREE_SMALL_POTIONS","is_prod":false,"is_daily":false,"chose_seed":false,"campfire_upgraded":1,"win_rate":0,"timestamp":1564920139,"path_taken":["M","?","$","M","M","E","R","E","T","E","M","?","?","$","R","BOSS","M","?","$","M","?","R","E","?","T","?","M","E"],"build_version":"2019-07-17","purchased_purges":1,"victory":false,"max_hp_per_floor":[71,71,71,71,71,71,71,71,71,71,71,71,71,71,71,71,71,71,76,76,76,76,76,76,76,76,76,76,76],"card_choices":[{"not_picked":["Gash","Leap"],"picked":"Defragment","floor":1.0},{"not_picked":["BootSequence","Redo","Storm"],"picked":"SKIP","floor":4.0},{"not_picked":["Fusion","Barrage"],"picked":"Rip and Tear","floor":5.0},{"not_picked":["Sweeping Beam","Steam"],"picked":"Cold Snap","floor":6.0},{"not_picked":["Go for the Eyes","Redo"],"picked":"Lockon","floor":8.0},{"not_picked":["Rip and Tear","Go for the Eyes","Force Field"],"picked":"SKIP","floor":10.0},{"not_picked":["Barrage","Rebound","Skim"],"picked":"SKIP","floor":11.0},{"not_picked":["Barrage","Streamline"],"picked":"Ball Lightning","floor":13.0},{"not_picked":["Melter","Conserve Battery"],"picked":"Go for the Eyes+1","floor":18.0},{"not_picked":["Sweeping Beam","Go for the Eyes","Redo"],"picked":"SKIP","floor":21.0},{"not_picked":["Turbo","Genetic Algorithm","Amplify"],"picked":"SKIP","floor":24.0},{"not_picked":["FTL","Turbo"],"picked":"Force Field","floor":25.0},{"not_picked":["Sweeping Beam","FTL","Turbo"],"picked":"SKIP","floor":28.0}],"player_experience":1424549,"relics_obtained":[{"floor":6.0,"key":"Symbiotic Virus"},{"floor":8.0,"key":"Mummified Hand"},{"floor":9.0,"key":"Frozen Egg 2"},{"floor":10.0,"key":"Darkstone Periapt"},{"floor":22.0,"key":"Mercury Hourglass"},{"floor":24.0,"key":"Potion Belt"},{"floor":26.0,"key":"Bag of Preparation"},{"floor":27.0,"key":"Gremlin Horn"}],"event_choices":[{"damage_healed":0.0,"max_hp_gain":0.0,"max_hp_loss":0.0,"gold_gain":0.0,"event_name":"Living Wall","player_choice":"Grow","floor":2.0,"gold_loss":0.0,"damage_taken":0.0,"cards_upgraded":["Zap"]},{"damage_healed":0.0,"max_hp_gain":0.0,"max_hp_loss":0.0,"gold_gain":0.0,"event_name":"Match and Keep!","player_choice":"0 cards matched","floor":12.0,"gold_loss":0.0,"damage_taken":0.0,"cards_obtained":[]},{"damage_healed":0.0,"max_hp_gain":5.0,"max_hp_loss":0.0,"gold_gain":0.0,"event_name":"Forgotten Altar","player_choice":"Shed Blood","floor":19.0,"gold_loss":0.0,"damage_taken":25.0}],"is_beta":false,"boss_relics":[{"not_picked":["Nuclear Battery","Fusion Hammer"],"picked":"FrozenCore"}],"items_purged_floors":[14],"is_endless":false,"potions_floor_spawned":[4,11,16,18],"killed_by":"Slavers","ascension_level":20}