{"gold_per_floor":[116,116,191,207,230,230,273,273,273,344,344,30,63,37,37,130,130,154,1,1,1,51,51,86,102,177,177,127,195,195,219,219,219],"floor_reached":33,"playtime":1063,"items_purged":["Strike_G","Strike_G"],"score":624,"play_id":"c250e91b-769b-4ce2-96a6-2e0f254f6ae9","local_time":"20190725211235","is_ascension_mode":true,"campfire_choices":[{"data":"Neutralize","floor":6.0,"key":"SMITH"},{"data":"Deadly Poison","floor":8.0,"key":"SMITH"},{"data":"Poisoned Stab","floor":11.0,"key":"SMITH"},{"data":"Deadly Poison","floor":15.0,"key":"SMITH"},{"data":"Glass Knife","floor":23.0,"key":"SMITH"},{"data":"Wraith Form v2","floor":27.0,"key":"SMITH"},{"data":"PiercingWail","floor":30,"key":"SMITH"},{"data":"Deadly Poison","floor":32,"key":"SMITH"}],"neow_cost":"NONE","seed_source_timestamp":966190839859100,"circlet_count":0,"master_deck":["AscendersBane","Strike_G+1","Strike_G+1","Strike_G+1","Defend_G+1","Defend_G+1","Defend_G+1","Defend_G+1","Defend_G+1","Survivor","Neutralize+1","Poisoned Stab+1","Wraith Form v2+1","Deadly Poison+1","Outmaneuver","Dodge and Roll","Deadly Poison+1","PiercingWail+1","Glass Knife+1","Backflip","Dodge and Roll+1","PiercingWail+1","Deflect","Blur","Deadly Poison+1"],"special_seed":0,"relics":["Ring of the Snake","NeowsBlessing","Golden Idol","Matryoshka","Bottled Lightning","Meat on the Bone","Pantograph","Oddly Smooth Stone","Regal Pillow","Velvet Choker","Prayer Wheel","Boot","Tiny Chest"],"potions_floor_usage":[29,33,33],"damage_taken":[{"damage":0.0,"enemies":"Jaw Worm","floor":1.0,"turns":1.0},{"damage":0.0,"enemies":"Small Slimes","floor":4.0,"turns":1.0},{"damage":0.0,"enemies":"2 Louse","floor":5.0,"turns":1.0},{"damage":10.0,"enemies":"Gremlin Nob","floor":7.0,"turns":5.0},{"damage":16.0,"enemies":"Lagavulin Event","floor":10.0,"turns":6.0},{"damage":29.0,"enemies":"3 Sentries","floor":13.0,"turns":18.0},{"damage":12.0,"enemies":"Hexaghost","floor":16.0,"turns":10.0},{"damage":0.0,"enemies":"Spheric Guardian","floor":18.0,"turns":5.0},{"damage":0.0,"enemies":"Book of Stabbing","floor":24.0,"turns":5.0},{"damage":0.0,"enemies":"Chosen","floor":25.0,"turns":3.0},{"damage":13,"enemies":"Slavers","floor":29,"turns":7},{"damage":0,"enemies":"Centurion and Healer","floor":31,"turns":8},{"damage":61,"enemies":"Champ","floor":33,"turns":11}],"seed_played":"-7797681453985513346","potions_obtained":[{"floor":1.0,"key":"GhostInAJar"},{"floor":7.0,"key":"Poison Potion"},{"floor":16.0,"key":"EssenceOfSteel"},{"floor":24.0,"key":"PowerPotion"},{"floor":29,"key":"Energy Potion"},{"floor":31,"key":"PowerPotion"}],"is_trial":false,"path_per_floor":["M","?","?","M","M","R","E","R","T","?","R","$","E","$","R","B",null,"M","$","?","?","?","R","E","M","T","R","?","E","R","M","R","B"],"character_chosen":"THE_SILENT","items_purchased":["Oddly Smooth Stone","LiquidBronze","PiercingWail","Explosive Potion"],"campfire_rested":0,"item_purchase_floors":[12,12,14,19],"current_hp_per_floor":[59,59,48,48,48,48,38,38,38,34,34,34,17,17,17,42,56,56,56,56,56,56,56,56,56,56,56,56,43,43,43,43,0],"gold":219,"neow_bonus":"THREE_ENEMY_KILL","is_prod":false,"is_daily":false,"chose_seed":false,"campfire_upgraded":8,"win_rate":0,"timestamp":1564103555,"path_taken":["M","?","?","M","M","R","E","R","T","?","R","$","E","?","R","BOSS","M","$","?","?","?","R","E","?","T","R","?","E","R","M","R","BOSS"],"build_version":"2019-07-17","purchased_purges":2,"victory":false,"max_hp_per_floor":[66,60,60,60,60,60,60,60,60,60,60,60,60,60,60,60,60,60,60,60,60,60,60,60,60,60,60,60,60,60,60,60,60],"card_choices":[{"not_picked":["Quick Slash","Bane"],"picked":"Poisoned Stab","floor":1.0},{"not_picked":["Acrobatics","Reflex"],"picked":"Wraith Form v2","floor":4.0},{"not_picked":["Choke","Deflect"],"picked":"Deadly Poison","floor":5.0},{"not_picked":["Blade Dance","Underhanded Strike"],"picked":"Outmaneuver","floor":7.0},{"not_picked":["Underhanded Strike","Sucker Punch"],"picked":"Dodge and Roll","floor":10.0},{"not_picked":["Backflip","Accuracy"],"picked":"Deadly Poison","floor":13.0},{"not_picked":["Tools of the Trade","Envenom"],"picked":"Glass Knife","floor":16.0},{"not_picked":["Quick Slash","Calculated Gamble"],"picked":"Backflip","floor":18.0},{"not_picked":["Caltrops","Dagger Spray"],"picked":"Dodge and Roll+1","floor":24.0},{"not_picked":["Cloak And Dagger","Slice"],"picked":"PiercingWail+1","floor":25.0},{"not_picked":["Blade Dance","Slice"],"picked":"Deflect","floor":25.0},{"not_picked":["Unload","Dagger Spray"],"picked":"Blur","floor":29},{"not_picked":["Terror","Quick Slash"],"picked":"Deadly Poison","floor":31},{"not_picked":["Backflip","Prepared","Sucker Punch"],"picked":"SKIP","floor":31}],"player_experience":1393602,"relics_obtained":[{"floor":7.0,"key":"Matryoshka"},{"floor":9.0,"key":"Bottled Lightning"},{"floor":9.0,"key":"Meat on the Bone"},{"floor":10.0,"key":"Pantograph"},{"floor":13.0,"key":"Regal Pillow"},{"floor":24.0,"key":"Prayer Wheel"},{"floor":26.0,"key":"Boot"},{"floor":29,"key":"Tiny Chest"}],"event_choices":[{"damage_healed":0.0,"max_hp_gain":0.0,"max_hp_loss":6.0,"gold_gain":0.0,"event_name":"Golden Idol","player_choice":"Lose Max HP","floor":2.0,"gold_loss":0.0,"damage_taken":0.0,"relics_obtained":["Golden Idol"]},{"damage_healed":0.0,"max_hp_gain":0.0,"max_hp_loss":0.0,"gold_gain":75.0,"event_name":"World of Goop","player_choice":"Gather Gold","floor":3.0,"gold_loss":0.0,"damage_taken":11.0},{"damage_healed":0.0,"max_hp_gain":0.0,"max_hp_loss":0.0,"gold_gain":0.0,"event_name":"Dead Adventurer","player_choice":"Searched \u00272\u0027 times","floor":10.0,"gold_loss":0.0,"damage_taken":0.0},{"damage_healed":0.0,"max_hp_gain":0.0,"max_hp_loss":0.0,"gold_gain":0.0,"event_name":"Back to Basics","player_choice":"Simplicity","floor":20.0,"gold_loss":0.0,"damage_taken":0.0,"cards_upgraded":["Strike_G","Strike_G","Strike_G","Defend_G","Defend_G","Defend_G","Defend_G","Defend_G"]},{"damage_healed":0.0,"max_hp_gain":0.0,"max_hp_loss":0.0,"gold_gain":0.0,"event_name":"Cursed Tome","player_choice":"Ignored","floor":21.0,"gold_loss":0.0,"damage_taken":0.0},{"damage_healed":0.0,"max_hp_gain":0.0,"max_hp_loss":0.0,"gold_gain":50.0,"event_name":"Nest","player_choice":"Stole From Cult","floor":22.0,"gold_loss":0.0,"damage_taken":0.0},{"damage_healed":0.0,"max_hp_gain":0.0,"max_hp_loss":0.0,"gold_gain":0.0,"event_name":"The Joust","player_choice":"Bet on Murderer","floor":28.0,"gold_loss":50.0,"damage_taken":0.0}],"is_beta":false,"boss_relics":[{"not_picked":["Busted Crown","WristBlade"],"picked":"Velvet Choker"}],"items_purged_floors":[12,19],"is_endless":false,"potions_floor_spawned":[1,7,16,24,29,31],"killed_by":"Champ","ascension_level":20}