{"gold_per_floor":[111,122,133,98,45,45,45,61,61,91,91,118,118,135,135,213,213,230,155,170,188,188,188,188,216,241,83,83,108,108,121,121,197,197,214,114,114,114,124,124],"floor_reached":40,"playtime":1384,"items_purged":["Strike_R","Iron Wave"],"score":1014,"play_id":"c560e2dd-517d-4657-8b2e-1df14ca61d11","local_time":"20190720180339","is_ascension_mode":true,"campfire_choices":[{"data":"Bash","floor":6.0,"key":"SMITH"},{"data":"Immolate","floor":11.0,"key":"SMITH"},{"data":"Uppercut","floor":13.0,"key":"SMITH"},{"data":"Battle Trance","floor":15.0,"key":"SMITH"},{"floor":23.0,"key":"RECALL"},{"floor":28.0,"key":"REST"},{"floor":30.0,"key":"REST"},{"floor":32.0,"key":"REST"}],"neow_cost":"NONE","seed_source_timestamp":522565393103500,"circlet_count":0,"master_deck":["AscendersBane","Defend_R","Defend_R","Defend_R","Defend_R","Bash+1","Thunderclap","Feel No Pain+1","Uppercut+1","Immolate+1","Iron Wave","Battle Trance+1","Reaper","Havoc+1","Havoc+1","Bite","Bite","Bite","Warcry+1","Feel No Pain","Feel No Pain","Flame Barrier","Madness","Madness","Warcry+1"],"special_seed":0,"relics":["Burning Blood","Oddly Smooth Stone","Mercury Hourglass","Art of War","Potion Belt","Fusion Hammer","Matryoshka","Singing Bowl","Centennial Puzzle","Bronze Scales","Lantern","Empty Cage"],"potions_floor_usage":[],"damage_taken":[{"damage":12.0,"enemies":"Small Slimes","floor":1.0,"turns":5.0},{"damage":0.0,"enemies":"Cultist","floor":2.0,"turns":3.0},{"damage":17.0,"enemies":"Jaw Worm","floor":3.0,"turns":5.0},{"damage":16.0,"enemies":"Large Slime","floor":8.0,"turns":5.0},{"damage":16.0,"enemies":"Lagavulin","floor":10.0,"turns":4.0},{"damage":0.0,"enemies":"Gremlin Nob","floor":12.0,"turns":2.0},{"damage":0.0,"enemies":"Blue Slaver","floor":14.0,"turns":2.0},{"damage":0.0,"enemies":"Slime Boss","floor":16.0,"turns":5.0},{"damage":14.0,"enemies":"3 Byrds","floor":18.0,"turns":3.0},{"damage":5.0,"enemies":"2 Thieves","floor":20.0,"turns":2.0},{"damage":8.0,"enemies":"Snake Plant","floor":21.0,"turns":3.0},{"damage":29.0,"enemies":"Book of Stabbing","floor":25.0,"turns":5.0},{"damage":8.0,"enemies":"Gremlin Leader","floor":29.0,"turns":4.0},{"damage":0.0,"enemies":"3 Cultists","floor":31.0,"turns":3.0},{"damage":103.0,"enemies":"Automaton","floor":33.0,"turns":11.0},{"damage":21,"enemies":"3 Darklings","floor":35,"turns":4},{"damage":0,"enemies":"Orb Walker","floor":39,"turns":4},{"damage":117,"enemies":"Giant Head","floor":40,"turns":9}],"seed_played":"-3621020584156940513","potions_obtained":[{"floor":1.0,"key":"Strength Potion"},{"floor":8.0,"key":"Block Potion"},{"floor":10.0,"key":"Energy Potion"},{"floor":12.0,"key":"Fruit Juice"},{"floor":14.0,"key":"EntropicBrew"},{"floor":20.0,"key":"Weak Potion"},{"floor":25.0,"key":"EntropicBrew"}],"is_trial":false,"path_per_floor":["M","M","M","?","$","R","?","M","T","E","R","E","R","M","R","B",null,"M","$","M","M","?","R","?","E","T","$","R","E","R","M","R","B",null,"M","$","?","?","M","E"],"character_chosen":"IRONCLAD","items_purchased":["Explosive Potion","Bronze Scales"],"campfire_rested":3,"item_purchase_floors":[5,27],"current_hp_per_floor":[62,68,57,75,75,75,75,65,65,55,55,61,61,67,72,78,80,72,72,73,75,56,56,41,34,34,34,52,61,61,61,61,18,52,57,57,46,42,58,0],"gold":124,"neow_bonus":"RANDOM_COMMON_RELIC","is_prod":false,"is_daily":false,"chose_seed":false,"campfire_upgraded":4,"win_rate":0,"timestamp":1563660219,"path_taken":["M","M","M","?","$","R","?","?","T","E","R","E","R","M","R","BOSS","M","$","M","M","?","R","?","E","T","$","R","E","R","M","R","BOSS","M","$","?","?","M","E"],"build_version":"2019-07-17","purchased_purges":2,"victory":false,"max_hp_per_floor":[75,75,75,75,75,75,75,75,75,75,75,75,75,75,80,80,80,80,80,80,80,56,56,61,61,61,61,61,61,61,61,61,63,63,63,63,63,69,69,69],"card_choices":[{"not_picked":["Rupture","Sword Boomerang"],"picked":"Thunderclap","floor":1.0},{"not_picked":["Intimidate","Cleave"],"picked":"Iron Wave","floor":2.0},{"not_picked":["Perfected Strike","Clash"],"picked":"Feel No Pain","floor":3.0},{"not_picked":["Rampage","Wild Strike"],"picked":"Uppercut","floor":8.0},{"not_picked":["Infernal Blade","Thunderclap"],"picked":"Immolate","floor":10.0},{"not_picked":["Warcry","Anger"],"picked":"Iron Wave","floor":12.0},{"not_picked":["Pommel Strike","Sword Boomerang"],"picked":"Battle Trance","floor":14.0},{"not_picked":["Limit Break","Dark Embrace"],"picked":"Reaper","floor":16.0},{"not_picked":["Heavy Blade","Body Slam"],"picked":"Havoc+1","floor":18.0},{"not_picked":["Iron Wave","Headbutt","Heavy Blade"],"picked":"SKIP","floor":20.0},{"not_picked":["Warcry","Sword Boomerang"],"picked":"Havoc+1","floor":21.0},{"not_picked":["Clothesline+1","Spot Weakness"],"picked":"Warcry+1","floor":25.0},{"not_picked":["True Grit","Body Slam"],"picked":"Feel No Pain","floor":29.0},{"not_picked":["Havoc","Thunderclap+1"],"picked":"Feel No Pain","floor":31.0},{"not_picked":["Dark Embrace","Double Tap","Berserk"],"picked":"Singing Bowl","floor":33.0},{"not_picked":["Body Slam+1","Uppercut+1"],"picked":"Flame Barrier","floor":35},{"not_picked":["Chrysalis","Mayhem","Blind"],"picked":"Singing Bowl","floor":38},{"not_picked":["Enlightenment","Forethought","Secret Weapon"],"picked":"Singing Bowl","floor":38},{"not_picked":["Forethought","Discovery","Jack Of All Trades"],"picked":"Singing Bowl","floor":38},{"not_picked":["Carnage","Searing Blow+1"],"picked":"Warcry+1","floor":39}],"player_experience":1376706,"relics_obtained":[{"floor":9.0,"key":"Mercury Hourglass"},{"floor":10.0,"key":"Art of War"},{"floor":12.0,"key":"Potion Belt"},{"floor":25.0,"key":"Matryoshka"},{"floor":26.0,"key":"Singing Bowl"},{"floor":26.0,"key":"Centennial Puzzle"},{"floor":29.0,"key":"Lantern"}],"event_choices":[{"damage_healed":18.0,"max_hp_gain":0.0,"max_hp_loss":0.0,"gold_gain":0.0,"event_name":"The Cleric","player_choice":"Healed","floor":4.0,"gold_loss":35.0,"damage_taken":0.0},{"damage_healed":0.0,"max_hp_gain":0.0,"max_hp_loss":0.0,"gold_gain":0.0,"event_name":"Accursed Blacksmith","player_choice":"Forge","floor":7.0,"gold_loss":0.0,"damage_taken":0.0,"cards_upgraded":["Feel No Pain"]},{"damage_healed":0.0,"max_hp_gain":0.0,"max_hp_loss":24.0,"gold_gain":0.0,"event_name":"Vampires","player_choice":"Became a vampire","floor":22.0,"gold_loss":0.0,"damage_taken":0.0,"cards_obtained":["Bite","Bite","Bite","Bite","Bite"]},{"damage_healed":0.0,"max_hp_gain":5.0,"max_hp_loss":0.0,"gold_gain":0.0,"event_name":"Forgotten Altar","player_choice":"Shed Blood","floor":24.0,"gold_loss":0.0,"damage_taken":20.0},{"damage_healed":0,"gold_gain":0,"player_choice":"Embrace Madness","damage_taken":11,"max_hp_gain":0,"max_hp_loss":0,"event_name":"Winding Halls","floor":37,"gold_loss":0,"cards_obtained":["Madness","Madness"]},{"damage_healed":0,"gold_gain":0,"player_choice":"Memory 3","damage_taken":10,"max_hp_gain":0,"max_hp_loss":0,"event_name":"SensoryStone","floor":38,"gold_loss":0}],"is_beta":false,"boss_relics":[{"not_picked":["Pandora\u0027s Box","Busted Crown"],"picked":"Fusion Hammer"},{"not_picked":["Velvet Choker","Snecko Eye"],"picked":"Empty Cage"}],"items_purged_floors":[19,36],"is_endless":false,"potions_floor_spawned":[1,8,10,12,14,20,25],"killed_by":"Giant Head","ascension_level":20}