{"gold_per_floor":[116,135,155,172,9,9,20,54,101,101,101,119,119,119],"floor_reached":14,"playtime":645,"items_purged":["Strike_G"],"score":184,"play_id":"f79060d0-17c8-4e27-bfd7-8d84de7e1f85","local_time":"20190531190249","is_ascension_mode":true,"campfire_choices":[{"data":"Dagger Spray","floor":6.0,"key":"SMITH"},{"floor":11.0,"key":"REST"}],"neow_cost":"NONE","seed_source_timestamp":349359026429700,"circlet_count":0,"master_deck":["AscendersBane","Defend_G","Defend_G","Defend_G","Defend_G","Defend_G","Strike_G","Strike_G","Strike_G","Strike_G","Survivor","Neutralize","Dagger Spray+1","PiercingWail","Deadly Poison","Deadly Poison","Footwork","Deflect","PiercingWail","Escape Plan"],"special_seed":0,"relics":["Ring of the Snake","Orichalcum","Lantern"],"potions_floor_usage":[14,14],"damage_taken":[{"damage":8.0,"enemies":"Small Slimes","floor":1.0,"turns":4.0},{"damage":0.0,"enemies":"2 Louse","floor":2.0,"turns":3.0},{"damage":8.0,"enemies":"Cultist","floor":3.0,"turns":4.0},{"damage":4.0,"enemies":"Exordium Wildlife","floor":4.0,"turns":5.0},{"damage":6.0,"enemies":"Blue Slaver","floor":7.0,"turns":5.0},{"damage":25.0,"enemies":"Lagavulin","floor":8.0,"turns":9.0},{"damage":18.0,"enemies":"Exordium Thugs","floor":12.0,"turns":7.0},{"damage":12,"enemies":"3 Sentries","floor":14,"turns":5}],"seed_played":"-4036211284545029220","potions_obtained":[{"floor":1.0,"key":"Strength Potion"},{"floor":3.0,"key":"FearPotion"},{"floor":12.0,"key":"Explosive Potion"}],"is_trial":false,"path_per_floor":["M","M","M","M","$","R","M","E","T","?","R","M","?","E"],"character_chosen":"THE_SILENT","items_purchased":["Footwork"],"campfire_rested":1,"item_purchase_floors":[5],"current_hp_per_floor":[51,51,43,39,39,39,33,8,8,8,27,9,9,0],"gold":119,"neow_bonus":"THREE_CARDS","is_prod":false,"is_daily":false,"chose_seed":false,"campfire_upgraded":1,"win_rate":0,"timestamp":1559343769,"path_taken":["M","M","M","M","$","R","M","E","T","?","R","M","?","E"],"build_version":"2019-01-23","purchased_purges":1,"victory":false,"max_hp_per_floor":[66,66,66,66,66,66,66,66,66,66,66,66,66,66],"card_choices":[{"not_picked":["Reflex","Cloak And Dagger"],"picked":"Dagger Spray","floor":0.0},{"not_picked":["All Out Attack","Endless Agony"],"picked":"PiercingWail","floor":1.0},{"not_picked":["Dagger Spray","Outmaneuver"],"picked":"Deadly Poison","floor":2.0},{"not_picked":["Underhanded Strike","Bane"],"picked":"Deadly Poison","floor":3.0},{"not_picked":["Blade Dance","Prepared","Eviscerate"],"picked":"SKIP","floor":4.0},{"not_picked":["Backflip","PiercingWail"],"picked":"Deflect","floor":7.0},{"not_picked":["A Thousand Cuts","Underhanded Strike"],"picked":"PiercingWail","floor":8.0},{"not_picked":["Outmaneuver","Blade Dance"],"picked":"Escape Plan","floor":12.0}],"player_experience":1124443,"relics_obtained":[{"floor":8.0,"key":"Orichalcum"},{"floor":9.0,"key":"Lantern"}],"event_choices":[{"damage_healed":0.0,"max_hp_gain":0.0,"max_hp_loss":0.0,"gold_gain":0.0,"event_name":"Shining Light","player_choice":"Ignored","floor":10.0,"gold_loss":0.0,"damage_taken":0.0},{"damage_healed":0.0,"max_hp_gain":0.0,"max_hp_loss":0.0,"gold_gain":0.0,"event_name":"Golden Idol","player_choice":"Ignored","floor":13.0,"gold_loss":0.0,"damage_taken":0.0}],"is_beta":false,"boss_relics":[],"items_purged_floors":[5],"is_endless":false,"potions_floor_spawned":[1,3,12],"killed_by":"3 Sentries","ascension_level":20}