{"gold_per_floor":[118,134,134,134,149,149,161,192,222,247,247,273,75,75,75,153,153,170,170,203,213,513,547,547],"floor_reached":24,"playtime":1116,"items_purged":["Strike_B"],"score":464,"play_id":"f5a1a79b-3f04-4e40-9071-ee83ede44749","local_time":"20190724193851","is_ascension_mode":true,"campfire_choices":[{"data":"Zap","floor":6,"key":"SMITH"},{"floor":11,"key":"REST"},{"data":"Loop","floor":15,"key":"SMITH"}],"neow_cost":"NONE","seed_source_timestamp":874221346931200,"circlet_count":0,"master_deck":["AscendersBane","Strike_B","Strike_B+1","Strike_B","Defend_B","Defend_B","Defend_B","Defend_B+1","Zap+1","Dualcast","Melter","Steam","Barrage","Cold Snap","Conserve Battery","Loop+1","Hologram","Cold Snap","Defragment+1","Doom and Gloom","Electrodynamics+1","Sunder","Ball Lightning","Cold Snap"],"special_seed":0,"relics":["Cracked Core","Ancient Tea Set","Tiny Chest","Frozen Egg 2","Blue Candle","Velvet Choker","Red Mask","Old Coin","Ginger"],"potions_floor_usage":[8,8,23,23],"damage_taken":[{"damage":0.0,"enemies":"2 Louse","floor":1.0,"turns":2.0},{"damage":0.0,"enemies":"Small Slimes","floor":2.0,"turns":3.0},{"damage":2,"enemies":"Jaw Worm","floor":5,"turns":3},{"damage":0,"enemies":"Blue Slaver","floor":7,"turns":3},{"damage":26,"enemies":"Gremlin Nob","floor":8,"turns":5},{"damage":6,"enemies":"Lagavulin","floor":10,"turns":8},{"damage":29,"enemies":"Gremlin Nob","floor":12,"turns":4},{"damage":19,"enemies":"The Guardian","floor":16,"turns":9},{"damage":0,"enemies":"3 Byrds","floor":18,"turns":1},{"damage":24,"enemies":"Masked Bandits","floor":20,"turns":3},{"damage":6,"enemies":"Shell Parasite","floor":21,"turns":5},{"damage":24,"enemies":"Book of Stabbing","floor":23,"turns":4},{"damage":2,"enemies":"Centurion and Healer","floor":24,"turns":2}],"seed_played":"7525717355722753524","potions_obtained":[{"floor":1.0,"key":"Block Potion"},{"floor":5,"key":"Weak Potion"},{"floor":16,"key":"LiquidBronze"},{"floor":18,"key":"PowerPotion"}],"is_trial":false,"path_per_floor":["M","M","?","?","M","R","M","E","T","E","R","E","$","?","R","B",null,"M","?","?","M","T","E","M"],"character_chosen":"DEFECT","items_purchased":["Defragment+1","Doom and Gloom"],"campfire_rested":1,"item_purchase_floors":[13,13],"current_hp_per_floor":[64,64,43,43,41,41,41,15,15,9,30,1,1,24,24,5,55,55,55,31,25,25,1,0],"gold":547,"neow_bonus":"THREE_CARDS","is_prod":false,"is_daily":false,"chose_seed":false,"campfire_upgraded":2,"win_rate":0,"timestamp":1564011531,"path_taken":["M","M","?","?","M","R","M","E","T","E","R","E","$","?","R","BOSS","M","?","?","M","?","E","?"],"build_version":"2019-07-17","purchased_purges":1,"victory":false,"max_hp_per_floor":[71,71,71,71,71,71,71,71,71,71,71,71,71,71,71,71,71,71,71,71,71,71,71,71],"card_choices":[{"not_picked":["Stack","Steam"],"picked":"Melter","floor":0.0},{"not_picked":["Heatsinks","Redo"],"picked":"Steam","floor":1.0},{"not_picked":["Heatsinks","Stack"],"picked":"Barrage","floor":2.0},{"not_picked":["Reinforced Body","Barrage"],"picked":"Cold Snap","floor":5},{"not_picked":["Steam","Gash"],"picked":"Conserve Battery","floor":7},{"not_picked":["Blizzard","Go for the Eyes"],"picked":"Loop","floor":8},{"not_picked":["Steam","Hello World"],"picked":"Hologram","floor":10},{"not_picked":["BootSequence","Reprogram"],"picked":"Cold Snap","floor":12},{"not_picked":["Meteor Strike","Machine Learning+1"],"picked":"Electrodynamics+1","floor":16},{"not_picked":["Compile Driver","Scrape"],"picked":"Sunder","floor":18},{"not_picked":["Recycle+1","Heatsinks+1"],"picked":"Ball Lightning","floor":20},{"not_picked":["Sweeping Beam","Aggregate"],"picked":"Cold Snap","floor":21},{"not_picked":["Genetic Algorithm","Go for the Eyes","Conserve Battery"],"picked":"SKIP","floor":23}],"player_experience":1390708,"relics_obtained":[{"floor":8,"key":"Ancient Tea Set"},{"floor":9,"key":"Tiny Chest"},{"floor":10,"key":"Frozen Egg 2"},{"floor":12,"key":"Blue Candle"},{"floor":20,"key":"Red Mask"},{"floor":22,"key":"Old Coin"},{"floor":23,"key":"Ginger"}],"event_choices":[{"damage_healed":0.0,"max_hp_gain":0.0,"max_hp_loss":0.0,"gold_gain":0.0,"event_name":"Shining Light","player_choice":"Entered Light","floor":3.0,"gold_loss":0.0,"damage_taken":21.0,"cards_upgraded":["Defend_B","Strike_B"]},{"damage_healed":0,"gold_gain":0,"player_choice":"Fled","damage_taken":0,"max_hp_gain":0,"max_hp_loss":0,"event_name":"Scrap Ooze","floor":4,"gold_loss":0},{"damage_healed":23,"gold_gain":0,"player_choice":"Banana","damage_taken":0,"max_hp_gain":0,"max_hp_loss":0,"event_name":"Big Fish","floor":14,"gold_loss":0},{"damage_healed":0,"gold_gain":0,"player_choice":"Ignored","damage_taken":0,"max_hp_gain":0,"max_hp_loss":0,"event_name":"Cursed Tome","floor":19,"gold_loss":0},{"damage_healed":0,"gold_gain":0,"player_choice":"Fought Bandits","damage_taken":0,"max_hp_gain":0,"max_hp_loss":0,"event_name":"Masked Bandits","floor":20,"gold_loss":0}],"is_beta":false,"boss_relics":[{"not_picked":["Pandora\u0027s Box","Eternal Feather"],"picked":"Velvet Choker"}],"items_purged_floors":[13],"is_endless":false,"potions_floor_spawned":[1,5,7,16,18],"killed_by":"Centurion and Healer","ascension_level":20}