{"gold_per_floor":[113,130,130,149,168,12,12,30,53,71,103,103,129,149,149,251,251,261,137,164,364,377,377,387,297,297,314,314,314,314,414,414,514,514,530,43,43,56,6,6,17,17,17,17,36,69,69,84,84,84],"floor_reached":51,"playtime":2535,"items_purged":["Strike_R","Strike_R","Dramatic Entrance"],"score":727,"play_id":"83682290-5c9d-4e37-9229-97c5dadcd1ba","local_time":"20190825204431","is_ascension_mode":false,"campfire_choices":[{"data":"Inflame","floor":7,"key":"SMITH"},{"data":"Clothesline","floor":12,"key":"SMITH"},{"data":"Bash","floor":15,"key":"SMITH"},{"data":"Demon Form","floor":23,"key":"SMITH"},{"data":"Feed","floor":29,"key":"SMITH"},{"data":"Feel No Pain","floor":32,"key":"SMITH"},{"data":"Limit Break","floor":40,"key":"SMITH"},{"data":"Evolve","floor":42,"key":"SMITH"},{"data":"Feel No Pain","floor":44,"key":"SMITH"},{"data":"Burning Pact","floor":47,"key":"SMITH"},{"data":"Impervious","floor":49,"key":"SMITH"}],"neow_cost":"NONE","seed_source_timestamp":438428061406300,"circlet_count":0,"master_deck":["Defend_R","Defend_R","Defend_R","Defend_R","Bash+1","Inflame+1","Headbutt","Burning Pact","Clothesline+1","Feel No Pain+1","Sword Boomerang","Evolve+1","Anger","Impervious+1","Shrug It Off+1","Feed+1","Twin Strike+1","True Grit","Demon Form+1","Infernal Blade+1","Feel No Pain+1","Corruption","Reaper","Limit Break+1","Warcry+1","Wild Strike","Headbutt","Burning Pact+1","Fiend Fire","True Grit+1"],"relics":["Burning Blood","Bag of Preparation","Omamori","Odd Mushroom","Velvet Choker","Red Mask","Meat on the Bone","Smiling Mask","Thread and Needle","Letter Opener","Coffee Dripper","OrangePellets","Charon\u0027s Ashes","PreservedInsect","Art of War"],"potions_floor_usage":[10,16,20,31,31,50,50,50],"damage_taken":[{"damage":3,"enemies":"2 Louse","floor":1,"turns":4},{"damage":6,"enemies":"Cultist","floor":2,"turns":4},{"damage":6,"enemies":"Jaw Worm","floor":4,"turns":4},{"damage":25,"enemies":"Large Slime","floor":5,"turns":8},{"damage":11,"enemies":"Blue Slaver","floor":8,"turns":4},{"damage":4,"enemies":"Gremlin Gang","floor":10,"turns":2},{"damage":21,"enemies":"Lagavulin","floor":11,"turns":6},{"damage":6,"enemies":"The Mushroom Lair","floor":13,"turns":4},{"damage":9,"enemies":"Large Slime","floor":14,"turns":5},{"damage":8,"enemies":"Hexaghost","floor":16,"turns":8},{"damage":16,"enemies":"Shell Parasite","floor":18,"turns":8},{"damage":33,"enemies":"Masked Bandits","floor":20,"turns":5},{"damage":0,"enemies":"Spheric Guardian","floor":22,"turns":3},{"damage":9,"enemies":"Cultist and Chosen","floor":24,"turns":5},{"damage":1,"enemies":"Snake Plant","floor":27,"turns":7},{"damage":21,"enemies":"Colosseum Slavers","floor":31,"turns":6},{"damage":37,"enemies":"Colosseum Nobs","floor":31,"turns":5},{"damage":5,"enemies":"Champ","floor":33,"turns":10},{"damage":7,"enemies":"3 Darklings","floor":35,"turns":5},{"damage":30,"enemies":"Orb Walker","floor":38,"turns":6},{"damage":13,"enemies":"Jaw Worm Horde","floor":41,"turns":6},{"damage":12,"enemies":"Spire Growth","floor":45,"turns":5},{"damage":26,"enemies":"Nemesis","floor":46,"turns":5},{"damage":0,"enemies":"Maw","floor":48,"turns":4},{"damage":25,"enemies":"Donu and Deca","floor":50,"turns":5}],"seed_played":"-4405892432194598233","potions_obtained":[{"floor":1,"key":"Dexterity Potion"},{"floor":4,"key":"Energy Potion"},{"floor":8,"key":"PowerPotion"},{"floor":11,"key":"SteroidPotion"},{"floor":22,"key":"EssenceOfSteel"},{"floor":27,"key":"Explosive Potion"},{"floor":38,"key":"Energy Potion"},{"floor":41,"key":"PowerPotion"},{"floor":46,"key":"FearPotion"},{"floor":48,"key":"PowerPotion"}],"is_trial":false,"path_per_floor":["M","M","?","M","M","$","R","M","T","M","E","R","?","M","R","B",null,"M","$","?","?","M","R","M","?","T","M","?","R","?","?","R","B",null,"M","$","?","M","$","R","M","R","T","R","M","E","R","M","R","B",null],"character_chosen":"IRONCLAD","items_purchased":["Dramatic Entrance","True Grit","OrangePellets","Charon\u0027s Ashes"],"campfire_rested":0,"item_purchase_floors":[6,19,36,36],"current_hp_per_floor":[80,80,80,80,61,61,61,56,56,58,43,43,43,40,40,38,80,73,73,49,49,55,55,52,52,52,60,60,60,60,46,46,93,101,105,105,105,81,81,81,78,78,78,78,76,68,68,78,78,117],"gold":84,"neow_bonus":"REMOVE_CARD","is_prod":false,"is_daily":false,"chose_seed":false,"campfire_upgraded":11,"win_rate":0,"timestamp":1566733471,"path_taken":["M","M","?","?","M","$","R","M","T","M","E","R","?","M","R","BOSS","M","$","?","?","?","R","M","?","T","?","?","R","?","?","R","BOSS","M","$","?","?","?","R","M","R","T","R","M","E","R","M","R","BOSS"],"build_version":"2019-07-17","purchased_purges":3,"victory":true,"max_hp_per_floor":[80,80,80,80,80,80,80,80,80,80,80,80,80,80,80,80,80,83,83,86,86,86,86,86,86,86,89,89,89,89,97,97,101,101,105,105,105,105,105,105,109,109,109,109,113,113,113,117,117,117],"card_choices":[{"not_picked":["Armaments","Dropkick"],"picked":"Inflame","floor":1},{"not_picked":["Corruption","Warcry"],"picked":"Headbutt","floor":2},{"not_picked":["Flex","Burning Pact"],"picked":"Clothesline","floor":4},{"not_picked":["Cleave","Clothesline"],"picked":"Feel No Pain","floor":5},{"not_picked":["Body Slam","Wild Strike"],"picked":"Sword Boomerang","floor":8},{"not_picked":["Wild Strike","Body Slam"],"picked":"Evolve","floor":10},{"not_picked":["Flex","Clash"],"picked":"Anger","floor":11},{"not_picked":["Reckless Charge","Flex"],"picked":"Impervious","floor":13},{"not_picked":["Anger","Fire Breathing"],"picked":"Shrug It Off","floor":14},{"not_picked":["Brutality","Offering"],"picked":"Feed","floor":16},{"not_picked":["Sever Soul+1","Whirlwind"],"picked":"Twin Strike+1","floor":18},{"not_picked":["Shrug It Off+1","Thunderclap"],"picked":"Demon Form","floor":22},{"not_picked":["Headbutt+1","Cleave"],"picked":"Infernal Blade+1","floor":24},{"not_picked":["Cleave","Havoc"],"picked":"Feel No Pain","floor":27},{"not_picked":["Clothesline","Twin Strike+1"],"picked":"Reaper","floor":31},{"not_picked":["Fiend Fire","Bludgeon"],"picked":"Limit Break","floor":33},{"not_picked":["Combust","Thunderclap"],"picked":"Warcry+1","floor":35},{"not_picked":["Intimidate","Anger+1"],"picked":"Wild Strike","floor":38},{"not_picked":["Anger+1","Dropkick+1"],"picked":"Headbutt","floor":41},{"not_picked":["Sword Boomerang","Pommel Strike+1"],"picked":"Burning Pact","floor":45},{"not_picked":["Warcry","Whirlwind+1"],"picked":"Fiend Fire","floor":46},{"not_picked":["Armaments","Blood for Blood"],"picked":"True Grit+1","floor":48}],"player_experience":219737,"relics_obtained":[{"floor":9,"key":"Bag of Preparation"},{"floor":11,"key":"Omamori"},{"floor":13,"key":"Odd Mushroom"},{"floor":20,"key":"Red Mask"},{"floor":26,"key":"Meat on the Bone"},{"floor":31,"key":"Thread and Needle"},{"floor":31,"key":"Letter Opener"},{"floor":43,"key":"PreservedInsect"},{"floor":46,"key":"Art of War"}],"event_choices":[{"damage_healed":0,"gold_gain":0,"cards_transformed":["Strike_R"],"player_choice":"Transformed","damage_taken":0,"max_hp_gain":0,"max_hp_loss":0,"event_name":"Transmorgrifier","floor":3,"gold_loss":0,"cards_obtained":["Burning Pact"]},{"damage_healed":0,"gold_gain":0,"player_choice":"Fought Mushrooms","damage_taken":0,"max_hp_gain":0,"max_hp_loss":0,"event_name":"Mushrooms","floor":13,"gold_loss":0},{"damage_healed":0,"gold_gain":0,"player_choice":"Fought Bandits","damage_taken":0,"max_hp_gain":0,"max_hp_loss":0,"event_name":"Masked Bandits","floor":20,"gold_loss":0},{"damage_healed":0,"gold_gain":250,"player_choice":"Bet on Owner","damage_taken":0,"max_hp_gain":0,"max_hp_loss":0,"event_name":"The Joust","floor":21,"gold_loss":50},{"cards_removed":["Strike_R"],"damage_healed":0,"gold_gain":0,"player_choice":"Upgrade and Remove","damage_taken":0,"max_hp_gain":0,"max_hp_loss":0,"event_name":"Designer","floor":25,"gold_loss":90,"cards_upgraded":["Shrug It Off"]},{"damage_healed":0,"gold_gain":0,"player_choice":"Read","damage_taken":0,"max_hp_gain":0,"max_hp_loss":0,"event_name":"The Library","floor":28,"gold_loss":0,"cards_obtained":["Corruption"]},{"damage_healed":0,"gold_gain":0,"player_choice":"Stole Relic","damage_taken":0,"relics_obtained":["Smiling Mask"],"max_hp_gain":0,"max_hp_loss":0,"event_name":"Addict","floor":30,"gold_loss":0,"cards_obtained":["Shame"]},{"damage_healed":0,"gold_gain":0,"player_choice":"Fight","damage_taken":0,"max_hp_gain":0,"max_hp_loss":0,"event_name":"Colosseum","floor":31,"gold_loss":0},{"damage_healed":0,"gold_gain":0,"player_choice":"Fought Nobs","damage_taken":0,"max_hp_gain":0,"max_hp_loss":0,"event_name":"Colosseum","floor":31,"gold_loss":0},{"damage_healed":0,"gold_gain":0,"player_choice":"0 cards matched","damage_taken":0,"max_hp_gain":0,"max_hp_loss":0,"event_name":"Match and Keep!","floor":37,"gold_loss":0,"cards_obtained":[]},{"damage_healed":0,"gold_gain":0,"player_choice":"0 cards matched","damage_taken":0,"max_hp_gain":0,"max_hp_loss":0,"event_name":"Match and Keep!","floor":37,"gold_loss":0,"cards_obtained":[]}],"is_beta":false,"boss_relics":[{"not_picked":["Runic Pyramid","Calling Bell"],"picked":"Velvet Choker"},{"not_picked":["Sozu","Empty Cage"],"picked":"Coffee Dripper"}],"items_purged_floors":[6,19,39],"is_endless":false,"potions_floor_spawned":[1,4,8,11,22,27,31,38,41,46,48],"ascension_level":0}