{"gold_per_floor":[119,136,153,153,168,168,194,206,278,292,303,303,228,247,247,348,348,359,385,385,26,46,75,75,106,106,106,123,123,5,25,25,126,126,141,196,196,216,229,229,249,249,272,302,325,64,64,76,76,76],"floor_reached":51,"playtime":2791,"items_purged":["Strike_R"],"score":768,"play_id":"0c735fe0-eef1-49e4-b890-8ff4cad57d8a","local_time":"20190827224503","is_ascension_mode":false,"campfire_choices":[{"data":"Rampage","floor":6,"key":"SMITH"},{"data":"Whirlwind","floor":12,"key":"SMITH"},{"data":"Inflame","floor":15,"key":"SMITH"},{"data":"Feed","floor":24,"key":"SMITH"},{"data":"Inflame","floor":27,"key":"SMITH"},{"data":"Power Through","floor":29,"key":"SMITH"},{"data":"Body Slam","floor":32,"key":"SMITH"},{"data":"Dark Embrace","floor":40,"key":"SMITH"},{"data":"Corruption","floor":42,"key":"SMITH"},{"data":"Bash","floor":47,"key":"SMITH"},{"data":"Spot Weakness","floor":49,"key":"SMITH"}],"neow_cost":"NONE","seed_source_timestamp":618232344231100,"circlet_count":0,"master_deck":["Strike_R+1","Defend_R+1","Defend_R+1","Defend_R+1","Defend_R+1","Bash+1","Inflame+1","Rampage+1","Havoc","Whirlwind+1","Carnage","Flame Barrier","Corruption+1","Inflame+1","Feed+1","Disarm","Headbutt","Power Through+1","Power Through","Body Slam+1","Shrug It Off","Dark Embrace+1","Uppercut+1","Rampage+1","Bloodletting+1","Clothesline+1","Jack Of All Trades","Shrug It Off","Spot Weakness+1"],"relics":["Burning Blood","Boot","Letter Opener","Velvet Choker","Red Mask","Oddly Smooth Stone","Medical Kit","Unceasing Top","Potion Belt","The Courier","Astrolabe","Charon\u0027s Ashes","MawBank","Dead Branch"],"potions_floor_usage":[16,23,50,50,50,50,50,50,50,50,50],"damage_taken":[{"damage":5,"enemies":"Small Slimes","floor":1,"turns":3},{"damage":6,"enemies":"2 Louse","floor":2,"turns":3},{"damage":1,"enemies":"Jaw Worm","floor":3,"turns":3},{"damage":0,"enemies":"Large Slime","floor":5,"turns":4},{"damage":31,"enemies":"3 Sentries","floor":7,"turns":6},{"damage":21,"enemies":"Exordium Thugs","floor":8,"turns":4},{"damage":7,"enemies":"Gremlin Gang","floor":10,"turns":3},{"damage":0,"enemies":"2 Fungi Beasts","floor":11,"turns":3},{"damage":7,"enemies":"Blue Slaver","floor":14,"turns":4},{"damage":26,"enemies":"Hexaghost","floor":16,"turns":9},{"damage":20,"enemies":"Chosen","floor":18,"turns":8},{"damage":8,"enemies":"Masked Bandits","floor":19,"turns":3},{"damage":1,"enemies":"3 Byrds","floor":22,"turns":6},{"damage":13,"enemies":"Book of Stabbing","floor":23,"turns":5},{"damage":24,"enemies":"Slavers","floor":25,"turns":6},{"damage":13,"enemies":"Snecko","floor":28,"turns":5},{"damage":0,"enemies":"Centurion and Healer","floor":31,"turns":8},{"damage":33,"enemies":"Automaton","floor":33,"turns":12},{"damage":0,"enemies":"3 Shapes","floor":35,"turns":5},{"damage":29,"enemies":"2 Orb Walkers","floor":36,"turns":6},{"damage":3,"enemies":"3 Darklings","floor":38,"turns":3},{"damage":2,"enemies":"4 Shapes","floor":39,"turns":4},{"damage":0,"enemies":"Transient","floor":41,"turns":5},{"damage":0,"enemies":"Maw","floor":44,"turns":7},{"damage":3,"enemies":"Jaw Worm Horde","floor":45,"turns":2},{"damage":0,"enemies":"Writhing Mass","floor":48,"turns":5},{"damage":0,"enemies":"Donu and Deca","floor":50,"turns":5}],"seed_played":"-6716103975213342667","potions_obtained":[{"floor":2,"key":"Strength Potion"},{"floor":3,"key":"SneckoOil"},{"floor":11,"key":"SkillPotion"},{"floor":16,"key":"SmokeBomb"},{"floor":19,"key":"Explosive Potion"},{"floor":28,"key":"Dexterity Potion"},{"floor":31,"key":"SteroidPotion"},{"floor":33,"key":"Dexterity Potion"},{"floor":36,"key":"EntropicBrew"}],"is_trial":false,"path_per_floor":["M","M","M","?","M","R","E","M","T","M","M","R","$","M","R","B",null,"M","?","?","$","M","E","R","E","T","R","M","R","$","M","R","B",null,"M","?","?","M","M","R","M","R","T","M","M","$","R","M","R","B",null],"character_chosen":"IRONCLAD","items_purchased":["Oddly Smooth Stone","Medical Kit","Body Slam","Shrug It Off","PowerPotion","Dead Branch","Shrug It Off"],"campfire_rested":0,"item_purchase_floors":[21,21,30,30,30,46,46],"current_hp_per_floor":[80,80,80,64,70,70,45,30,30,29,35,35,35,34,34,14,80,69,70,70,70,78,71,71,57,57,57,54,54,54,64,64,37,101,105,86,86,89,97,97,103,103,103,113,116,116,116,117,117,117],"gold":76,"neow_bonus":"THREE_CARDS","is_prod":false,"is_daily":false,"chose_seed":false,"campfire_upgraded":11,"win_rate":0,"timestamp":1566913503,"path_taken":["M","M","M","?","M","R","E","M","T","M","M","R","$","M","R","BOSS","M","?","?","$","M","E","R","E","T","R","M","R","$","M","R","BOSS","M","?","?","M","?","R","M","R","T","M","M","$","R","M","R","BOSS"],"build_version":"2019-07-17","purchased_purges":1,"victory":true,"max_hp_per_floor":[80,80,80,80,80,80,80,80,80,80,80,80,80,80,80,80,80,83,86,86,86,89,89,89,93,93,93,97,97,97,101,101,101,101,105,109,109,109,113,113,113,113,113,117,117,117,117,117,117,117],"card_choices":[{"not_picked":["Rage","Pummel"],"picked":"Inflame","floor":0},{"not_picked":["Warcry","Headbutt"],"picked":"Rampage","floor":1},{"not_picked":["Perfected Strike","Iron Wave"],"picked":"Havoc","floor":2},{"not_picked":["Cleave","Dual Wield"],"picked":"Whirlwind","floor":3},{"not_picked":["Seeing Red","Wild Strike"],"picked":"Carnage","floor":5},{"not_picked":["Clash","Inflame"],"picked":"Flame Barrier","floor":7},{"not_picked":["Thunderclap","Perfected Strike","Reckless Charge"],"picked":"SKIP","floor":8},{"not_picked":["Fire Breathing","Flex"],"picked":"Corruption","floor":10},{"not_picked":["Clash","Heavy Blade"],"picked":"Inflame","floor":11},{"not_picked":["Bloodletting","Power Through","Havoc"],"picked":"SKIP","floor":14},{"not_picked":["Fiend Fire","Bludgeon"],"picked":"Feed","floor":16},{"not_picked":["Iron Wave","Burning Pact"],"picked":"Disarm","floor":18},{"not_picked":["Inflame","Heavy Blade"],"picked":"Headbutt","floor":19},{"not_picked":["Clothesline","Reckless Charge","Iron Wave"],"picked":"SKIP","floor":22},{"not_picked":["Thunderclap+1","Wild Strike","Twin Strike+1"],"picked":"SKIP","floor":23},{"not_picked":["Rampage","Intimidate"],"picked":"Power Through","floor":25},{"not_picked":["Warcry","Heavy Blade"],"picked":"Power Through","floor":28},{"not_picked":["Perfected Strike","Iron Wave","Anger"],"picked":"SKIP","floor":31},{"not_picked":["Berserk","Brutality"],"picked":"Dark Embrace","floor":33},{"not_picked":["Flex","Anger"],"picked":"Clothesline+1","floor":35},{"not_picked":["The Bomb","Purity"],"picked":"Jack Of All Trades","floor":37},{"not_picked":["Body Slam+1","Clash","Wild Strike"],"picked":"SKIP","floor":38},{"not_picked":["Headbutt","Wild Strike","Flex+1"],"picked":"SKIP","floor":39},{"not_picked":["Warcry","Headbutt","Entrench+1"],"picked":"SKIP","floor":41},{"not_picked":["Seeing Red+1","Havoc","Cleave"],"picked":"SKIP","floor":44},{"not_picked":["Immolate","Cleave+1","Anger"],"picked":"SKIP","floor":45},{"not_picked":["Flex","Anger+1"],"picked":"Spot Weakness","floor":48}],"player_experience":243300,"relics_obtained":[{"floor":7,"key":"Boot"},{"floor":9,"key":"Letter Opener"},{"floor":19,"key":"Red Mask"},{"floor":23,"key":"Unceasing Top"},{"floor":25,"key":"Potion Belt"},{"floor":26,"key":"The Courier"},{"floor":36,"key":"Charon\u0027s Ashes"},{"floor":43,"key":"MawBank"}],"event_choices":[{"damage_healed":0,"gold_gain":0,"player_choice":"Entered Light","damage_taken":16,"max_hp_gain":0,"max_hp_loss":0,"event_name":"Shining Light","floor":4,"gold_loss":0,"cards_upgraded":["Strike_R","Defend_R"]},{"damage_healed":0,"gold_gain":0,"player_choice":"Fought Bandits","damage_taken":0,"max_hp_gain":0,"max_hp_loss":0,"event_name":"Masked Bandits","floor":19,"gold_loss":0},{"damage_healed":0,"gold_gain":0,"player_choice":"Simplicity","damage_taken":0,"max_hp_gain":0,"max_hp_loss":0,"event_name":"Back to Basics","floor":20,"gold_loss":0,"cards_upgraded":["Strike_R","Strike_R","Strike_R","Defend_R","Defend_R","Defend_R"]},{"damage_healed":0,"gold_gain":0,"player_choice":"Fight","damage_taken":0,"max_hp_gain":0,"max_hp_loss":0,"event_name":"Mysterious Sphere","floor":36,"gold_loss":0},{"damage_healed":0,"gold_gain":0,"player_choice":"Memory 1","damage_taken":0,"max_hp_gain":0,"max_hp_loss":0,"event_name":"SensoryStone","floor":37,"gold_loss":0}],"is_beta":false,"boss_relics":[{"not_picked":["Runic Pyramid","Mark of Pain"],"picked":"Velvet Choker"},{"not_picked":["Runic Dome","Pandora\u0027s Box"],"picked":"Astrolabe"}],"items_purged_floors":[13],"is_endless":false,"potions_floor_spawned":[2,3,11,16,19,28,31,33,36,38,44,48],"ascension_level":0}