{"gold_per_floor":[369,385,460,510,521,6,6,32,32,32,62,80,20,54,54,129,129,139,139,157,157,32,32,63,82,105,105],"floor_reached":27,"playtime":1221,"items_purged":["Strike_B","Defend_B"],"score":498,"play_id":"0d1514b7-c3fa-49af-8288-8bff5ece18bd","local_time":"20190703172428","is_ascension_mode":true,"campfire_choices":[{"floor":7.0,"key":"REST"},{"data":"Sunder","floor":10.0,"key":"SMITH"},{"data":"Strike_B","floor":15.0,"key":"PURGE"},{"data":"RitualDagger","floor":23.0,"key":"SMITH"}],"neow_cost":"PERCENT_DAMAGE","seed_source_timestamp":0,"circlet_count":0,"master_deck":["AscendersBane","Strike_B","Strike_B","Defend_B","Defend_B","Defend_B","Zap","Dualcast","Beam Cell","FTL","Chill","Glacier","Blizzard","Sunder+1","Ball Lightning","Coolheaded","Buffer","FTL","Capacitor","RitualDagger+1","Conserve Battery","Ball Lightning","Beam Cell"],"special_seed":0,"relics":["FrozenCore","Runic Capacitor","Potion Belt","The Courier","Centennial Puzzle","DataDisk","Peace Pipe","Toxic Egg 2","Regal Pillow"],"potions_floor_usage":[27,27,27,27],"damage_taken":[{"damage":2.0,"enemies":"Jaw Worm","floor":1.0,"turns":5.0},{"damage":0.0,"enemies":"Small Slimes","floor":2.0,"turns":3.0},{"damage":0.0,"enemies":"Cultist","floor":5.0,"turns":2.0},{"damage":3.0,"enemies":"Lagavulin","floor":8.0,"turns":7.0},{"damage":2.0,"enemies":"3 Sentries","floor":11.0,"turns":6.0},{"damage":3.0,"enemies":"Red Slaver","floor":12.0,"turns":3.0},{"damage":2.0,"enemies":"Lagavulin","floor":14.0,"turns":5.0},{"damage":19.0,"enemies":"Hexaghost","floor":16.0,"turns":9.0},{"damage":0.0,"enemies":"3 Byrds","floor":18.0,"turns":7.0},{"damage":9.0,"enemies":"Chosen","floor":20.0,"turns":5.0},{"damage":18.0,"enemies":"Gremlin Leader","floor":24.0,"turns":8.0},{"damage":5.0,"enemies":"Snecko","floor":25.0,"turns":8.0},{"damage":20,"enemies":"Book of Stabbing","floor":27,"turns":2}],"seed_played":"2551917548238061303","potions_obtained":[{"floor":1.0,"key":"SpeedPotion"},{"floor":2.0,"key":"Strength Potion"},{"floor":8.0,"key":"Dexterity Potion"},{"floor":11.0,"key":"Strength Potion"},{"floor":20.0,"key":"PowerPotion"},{"floor":24.0,"key":"Swift Potion"},{"floor":25.0,"key":"FocusPotion"}],"is_trial":false,"path_per_floor":["M","M","?","?","M","$","R","E","T","R","E","M","$","E","R","B",null,"M","?","M","?","$","R","E","M","T","E"],"character_chosen":"DEFECT","items_purchased":["Runic Capacitor","Potion Belt","Glacier","Blizzard","Conserve Battery"],"campfire_rested":1,"item_purchase_floors":[6,6,6,6,22],"current_hp_per_floor":[44,44,33,26,26,26,47,44,44,44,42,39,39,37,37,18,58,58,58,49,43,43,43,25,20,20,0],"gold":105,"neow_bonus":"TWO_FIFTY_GOLD","is_prod":false,"is_daily":false,"chose_seed":false,"campfire_upgraded":2,"win_rate":0,"timestamp":1562189068,"path_taken":["M","M","?","?","?","?","R","E","T","R","E","M","$","E","R","BOSS","M","?","M","?","?","R","E","M","T","E"],"build_version":"2019-07-01","purchased_purges":2,"victory":false,"max_hp_per_floor":[71,71,71,71,71,71,71,71,71,71,71,71,71,71,71,71,71,71,71,71,71,71,71,71,71,71,71],"card_choices":[{"not_picked":["Reprogram","Compile Driver"],"picked":"Beam Cell","floor":1.0},{"not_picked":["Stack","Melter"],"picked":"FTL","floor":2.0},{"not_picked":["Self Repair","Steam"],"picked":"Chill","floor":5.0},{"not_picked":["Recycle","Redo"],"picked":"Sunder","floor":8.0},{"not_picked":["Gash","Static Discharge","Sweeping Beam"],"picked":"SKIP","floor":11.0},{"not_picked":["Go for the Eyes","Leap"],"picked":"Ball Lightning","floor":12.0},{"not_picked":["Sweeping Beam","Compile Driver"],"picked":"Coolheaded","floor":14.0},{"not_picked":["Seek","Reboot"],"picked":"Buffer","floor":16.0},{"not_picked":["BootSequence","Tempest"],"picked":"FTL","floor":18.0},{"not_picked":["Stack+1","Storm"],"picked":"Capacitor","floor":20.0},{"not_picked":["Tempest+1","Rebound"],"picked":"Ball Lightning","floor":24.0},{"not_picked":["Coolheaded+1","Barrage"],"picked":"Beam Cell","floor":25.0}],"player_experience":1266227,"relics_obtained":[{"floor":8.0,"key":"The Courier"},{"floor":9.0,"key":"Centennial Puzzle"},{"floor":11.0,"key":"DataDisk"},{"floor":14.0,"key":"Peace Pipe"},{"floor":24.0,"key":"Toxic Egg 2"},{"floor":26.0,"key":"Regal Pillow"}],"event_choices":[{"damage_healed":0.0,"max_hp_gain":0.0,"max_hp_loss":0.0,"gold_gain":75.0,"event_name":"World of Goop","player_choice":"Gather Gold","floor":3.0,"gold_loss":0.0,"damage_taken":11.0},{"damage_healed":0.0,"max_hp_gain":0.0,"max_hp_loss":0.0,"gold_gain":50.0,"event_name":"FaceTrader","player_choice":"Touch","floor":4.0,"gold_loss":0.0,"damage_taken":7.0},{"damage_healed":0.0,"max_hp_gain":0.0,"max_hp_loss":0.0,"gold_gain":0.0,"event_name":"The Mausoleum","player_choice":"Ignored","floor":19.0,"gold_loss":0.0,"damage_taken":0.0},{"damage_healed":0.0,"max_hp_gain":0.0,"max_hp_loss":0.0,"gold_gain":0.0,"event_name":"Nest","player_choice":"Joined the Cult","floor":21.0,"gold_loss":0.0,"damage_taken":6.0,"cards_obtained":["RitualDagger"]}],"is_beta":false,"boss_relics":[{"not_picked":["Orrery","Snecko Eye"],"picked":"FrozenCore"}],"items_purged_floors":[13,22],"is_endless":false,"potions_floor_spawned":[1,2,8,11,20,24,25],"killed_by":"Book of Stabbing","ascension_level":20}