{"gold_per_floor":[363,37,49,69,89,89,122,122,147,147,166,185,212,222,222,301,301,311,76,94,110,310,327,164,26,26,38,50,81,93,119,131,220,232,262,274,302,314,345,357,158,158,158,188,54,54,69,79,79,79,79,79,79,0,0],"floor_reached":55,"playtime":2778,"items_purged":["Regret","Strike_B","Strike_B","Strike_B"],"score":1797,"play_id":"6c5fd751-7ef8-4295-b2d4-2cf795c1da1f","local_time":"20190619090956","is_ascension_mode":true,"campfire_choices":[{"data":"Defragment","floor":6.0,"key":"SMITH"},{"data":"Defragment","floor":8.0,"key":"SMITH"},{"floor":10.0,"key":"REST"},{"data":"Loop","floor":15.0,"key":"SMITH"},{"floor":28.0,"key":"REST"},{"data":"Defragment","floor":32.0,"key":"SMITH"},{"floor":40.0,"key":"REST"},{"floor":42.0,"key":"RECALL"},{"data":"Consume","floor":49.0,"key":"SMITH"},{"data":"Loop","floor":53.0,"key":"SMITH"}],"neow_cost":"CURSE","seed_source_timestamp":0,"circlet_count":0,"master_deck":["AscendersBane","Strike_B","Defend_B","Defend_B","Defend_B","Defend_B","Zap","Dualcast","Defragment+1","Defragment+1","Cold Snap","Hologram","Ball Lightning","Core Surge","Electrodynamics","Compile Driver","Capacitor","Consume+1","Loop+1","Seek+1","Loop+1","Coolheaded","Capacitor","Defragment+1","Echo Form","Coolheaded+1","Rainbow","White Noise+1","Hologram+1"],"special_seed":0,"relics":["Cracked Core","Membership Card","PreservedInsect","Happy Flower","Anchor","White Beast Statue","Pear","Bag of Preparation","Runic Capacitor","MawBank","Busted Crown","Art of War","Thread and Needle","Pantograph","Lantern"],"potions_floor_usage":[],"damage_taken":[{"damage":0.0,"enemies":"Cultist","floor":1.0,"turns":3.0},{"damage":10.0,"enemies":"Small Slimes","floor":3.0,"turns":5.0},{"damage":16.0,"enemies":"2 Louse","floor":4.0,"turns":4.0},{"damage":11.0,"enemies":"Red Slaver","floor":5.0,"turns":3.0},{"damage":20.0,"enemies":"Lagavulin","floor":7.0,"turns":7.0},{"damage":8.0,"enemies":"Blue Slaver","floor":11.0,"turns":3.0},{"damage":3.0,"enemies":"2 Fungi Beasts","floor":12.0,"turns":4.0},{"damage":10.0,"enemies":"3 Sentries","floor":13.0,"turns":2.0},{"damage":3.0,"enemies":"Exordium Wildlife","floor":14.0,"turns":3.0},{"damage":26.0,"enemies":"Slime Boss","floor":16.0,"turns":7.0},{"damage":7.0,"enemies":"Spheric Guardian","floor":18.0,"turns":4.0},{"damage":0.0,"enemies":"Chosen","floor":20.0,"turns":5.0},{"damage":19.0,"enemies":"Snake Plant","floor":21.0,"turns":5.0},{"damage":0.0,"enemies":"Centurion and Healer","floor":23.0,"turns":4.0},{"damage":0.0,"enemies":"Cultist and Chosen","floor":29.0,"turns":5.0},{"damage":12.0,"enemies":"Snake Plant","floor":31.0,"turns":6.0},{"damage":19.0,"enemies":"Automaton","floor":33.0,"turns":13.0},{"damage":0.0,"enemies":"3 Shapes","floor":35.0,"turns":3.0},{"damage":25.0,"enemies":"3 Darklings","floor":37.0,"turns":3.0},{"damage":30.0,"enemies":"Spire Growth","floor":39.0,"turns":5.0},{"damage":5.0,"enemies":"Nemesis","floor":44.0,"turns":7.0},{"damage":0.0,"enemies":"4 Shapes","floor":47.0,"turns":4.0},{"damage":0.0,"enemies":"Maw","floor":48.0,"turns":6.0},{"damage":33.0,"enemies":"Awakened One","floor":50.0,"turns":21.0},{"damage":25.0,"enemies":"Time Eater","floor":51.0,"turns":11.0},{"damage":72,"enemies":"Shield and Spear","floor":55,"turns":3}],"seed_played":"7793206042576219080","potions_obtained":[{"floor":4.0,"key":"Regen Potion"},{"floor":5.0,"key":"Explosive Potion"},{"floor":11.0,"key":"SkillPotion"},{"floor":14.0,"key":"Regen Potion"},{"floor":16.0,"key":"LiquidBronze"},{"floor":18.0,"key":"SteroidPotion"},{"floor":21.0,"key":"Fire Potion"},{"floor":29.0,"key":"Block Potion"},{"floor":31.0,"key":"SteroidPotion"},{"floor":33.0,"key":"Regen Potion"},{"floor":37.0,"key":"SneckoOil"},{"floor":39.0,"key":"FearPotion"},{"floor":44.0,"key":"SkillPotion"},{"floor":47.0,"key":"Ancient Potion"}],"is_trial":false,"path_per_floor":["M","$","M","M","M","R","E","R","T","R","M","M","E","M","R","B",null,"M","$","M","M","?","M","$","$","T","?","R","M","?","M","R","B",null,"M","?","M","?","M","R","$","R","T","E","$","?","M","M","R","B","B",null,"R","$","E"],"character_chosen":"DEFECT","items_purchased":["Membership Card","Defragment","Cold Snap","Loop","Pear","Capacitor","Bag of Preparation","Defragment","Runic Capacitor","Art of War","SkillPotion","Ball Lightning","Pantograph","Lantern"],"campfire_rested":3,"item_purchase_floors":[2,2,2,19,19,24,24,25,25,41,41,41,45,54],"current_hp_per_floor":[64,64,54,38,27,27,21,21,21,42,34,31,21,18,18,7,55,48,58,58,39,39,39,39,39,39,39,63,63,63,51,51,32,69,69,69,52,52,22,45,45,45,45,40,40,40,40,40,40,32,32,66,66,66,0],"gold":0,"neow_bonus":"TWO_FIFTY_GOLD","is_prod":false,"is_daily":false,"chose_seed":false,"campfire_upgraded":6,"win_rate":0,"timestamp":1560949796,"path_taken":["M","$","M","M","M","R","E","R","T","R","?","M","E","M","R","BOSS","M","$","M","M","?","?","?","$","T","?","R","M","?","M","R","BOSS","M","?","M","?","M","R","$","R","T","E","$","?","?","M","R","BOSS","BOSS","R","$","E"],"build_version":"2019-01-23","purchased_purges":4,"victory":false,"max_hp_per_floor":[71,71,71,71,71,71,71,71,71,71,71,71,71,71,71,71,71,71,81,81,81,81,81,81,81,81,81,81,81,81,81,81,81,81,81,77,77,77,77,77,77,77,77,77,77,77,77,77,77,77,77,77,77,77,77],"card_choices":[{"not_picked":["Streamline","Doom and Gloom"],"picked":"Defragment","floor":1.0},{"not_picked":["Rebound","Redo"],"picked":"Hologram","floor":3.0},{"not_picked":["Barrage","Sweeping Beam"],"picked":"Ball Lightning","floor":4.0},{"not_picked":["Go for the Eyes","Self Repair"],"picked":"Core Surge","floor":5.0},{"not_picked":["Genetic Algorithm","Tempest"],"picked":"Electrodynamics","floor":7.0},{"not_picked":["Darkness","Stack"],"picked":"Compile Driver","floor":11.0},{"not_picked":["Barrage","Sweeping Beam"],"picked":"Capacitor","floor":12.0},{"not_picked":["Coolheaded","Compile Driver"],"picked":"Consume","floor":13.0},{"not_picked":["Beam Cell","Turbo"],"picked":"Loop","floor":14.0},{"not_picked":["Thunder Strike","Electrodynamics"],"picked":"Seek","floor":16.0},{"not_picked":["Steam","Sweeping Beam","BootSequence"],"picked":"SKIP","floor":18.0},{"not_picked":["Barrage","Force Field","Gash"],"picked":"SKIP","floor":20.0},{"not_picked":["Barrage","Force Field","Gash"],"picked":"SKIP","floor":20.0},{"not_picked":["Hologram","Steam Power"],"picked":"Coolheaded","floor":21.0},{"not_picked":["Storm","Rebound","Hologram"],"picked":"SKIP","floor":23.0},{"not_picked":["Redo","Lockon"],"picked":"Echo Form","floor":29.0},{"not_picked":["Sweeping Beam","Stack"],"picked":"Coolheaded+1","floor":31.0},{"not_picked":["Core Surge","Fission"],"picked":"Rainbow","floor":33.0},{"not_picked":["Chaos"],"picked":"SKIP","floor":35.0},{"not_picked":[],"picked":"White Noise+1","floor":37.0},{"not_picked":[],"picked":"Hologram+1","floor":39.0},{"not_picked":["White Noise"],"picked":"SKIP","floor":44.0},{"not_picked":["Stack"],"picked":"SKIP","floor":47.0},{"not_picked":["Rip and Tear"],"picked":"SKIP","floor":48.0}],"player_experience":1193633,"relics_obtained":[{"floor":7.0,"key":"PreservedInsect"},{"floor":9.0,"key":"Happy Flower"},{"floor":13.0,"key":"Anchor"},{"floor":26.0,"key":"MawBank"},{"floor":44.0,"key":"Thread and Needle"}],"event_choices":[{"damage_healed":0.0,"max_hp_gain":0.0,"max_hp_loss":0.0,"gold_gain":200.0,"event_name":"Wheel of Change","player_choice":"Gold","floor":22.0,"gold_loss":0.0,"damage_taken":0.0},{"damage_healed":0.0,"max_hp_gain":0.0,"max_hp_loss":0.0,"gold_gain":0.0,"event_name":"Cursed Tome","player_choice":"Ignored","floor":27.0,"gold_loss":0.0,"damage_taken":0.0},{"damage_healed":0.0,"max_hp_gain":0.0,"max_hp_loss":0.0,"gold_gain":0.0,"event_name":"Accursed Blacksmith","player_choice":"Forge","floor":30.0,"gold_loss":0.0,"damage_taken":0.0,"cards_upgraded":["Seek"]},{"damage_healed":0.0,"max_hp_gain":0.0,"max_hp_loss":4.0,"gold_gain":0.0,"event_name":"Winding Halls","player_choice":"Max HP","floor":36.0,"gold_loss":0.0,"damage_taken":0.0},{"damage_healed":0.0,"max_hp_gain":0.0,"max_hp_loss":0.0,"gold_gain":0.0,"event_name":"Mysterious Sphere","player_choice":"Ignored","floor":38.0,"gold_loss":0.0,"damage_taken":0.0},{"cards_removed":["Ball Lightning"],"damage_healed":0.0,"max_hp_gain":0.0,"max_hp_loss":0.0,"gold_gain":0.0,"event_name":"Falling","player_choice":"Removed Attack","floor":46.0,"gold_loss":0.0,"damage_taken":0.0}],"is_beta":false,"boss_relics":[{"not_picked":["Lizard Tail","Tiny House"],"picked":"White Beast Statue"},{"not_picked":["Inserter","Pandora\u0027s Box"],"picked":"Busted Crown"}],"items_purged_floors":[2,19,24,41],"is_endless":false,"potions_floor_spawned":[4,5,11,14,16,18,20,21,23,29,31,33,35,37,39,44,47,48],"killed_by":"Shield and Spear","ascension_level":20}