{"gold_per_floor":[367,384,27,40,52,83,83,83,128,128,128],"floor_reached":11,"playtime":320,"items_purged":[],"score":146,"play_id":"bc96e2dc-0f66-46fb-9774-928a5734b776","local_time":"20190628114124","is_ascension_mode":true,"campfire_choices":[{"data":"Evolve","floor":8.0,"key":"SMITH"},{"floor":10.0,"key":"REST"}],"neow_cost":"CURSE","seed_source_timestamp":660370579345500,"circlet_count":0,"master_deck":["AscendersBane","Strike_R","Strike_R","Strike_R","Strike_R","Strike_R","Defend_R","Defend_R","Defend_R","Defend_R","Bash","Decay","Clothesline","Corruption","Evolve+1","Wild Strike","Exhume","Uppercut"],"special_seed":0,"relics":["Burning Blood","Mummified Hand","Bottled Tornado","Golden Idol"],"potions_floor_usage":[],"damage_taken":[{"damage":17.0,"enemies":"2 Louse","floor":1.0,"turns":5.0},{"damage":7.0,"enemies":"Small Slimes","floor":2.0,"turns":4.0},{"damage":11.0,"enemies":"Jaw Worm","floor":4.0,"turns":5.0},{"damage":9.0,"enemies":"Looter","floor":5.0,"turns":3.0},{"damage":41.0,"enemies":"Gremlin Nob","floor":6.0,"turns":5.0},{"damage":34,"enemies":"Lagavulin","floor":11,"turns":5}],"seed_played":"-9071679409307778057","potions_obtained":[{"floor":1.0,"key":"AttackPotion"},{"floor":4.0,"key":"SkillPotion"}],"is_trial":false,"path_per_floor":["M","M","$","M","M","E","?","R","T","R","E"],"character_chosen":"IRONCLAD","items_purchased":["Mummified Hand","Evolve"],"campfire_rested":1,"item_purchase_floors":[3,3],"current_hp_per_floor":[57,56,56,51,48,13,13,13,13,33,0],"gold":128,"neow_bonus":"TWO_FIFTY_GOLD","is_prod":false,"is_daily":false,"chose_seed":false,"campfire_upgraded":1,"win_rate":0,"timestamp":1561736484,"path_taken":["M","M","$","M","M","E","?","R","T","R","E"],"build_version":"2019-01-23","purchased_purges":0,"victory":false,"max_hp_per_floor":[75,75,75,75,75,75,68,68,68,68,68],"card_choices":[{"not_picked":["Power Through","Twin Strike"],"picked":"Clothesline","floor":1.0},{"not_picked":["Intimidate","Clothesline"],"picked":"Corruption","floor":2.0},{"not_picked":["Clash","Anger"],"picked":"Wild Strike","floor":4.0},{"not_picked":["Infernal Blade","Clothesline"],"picked":"Exhume","floor":5.0},{"not_picked":["Corruption","Warcry"],"picked":"Uppercut","floor":6.0}],"player_experience":1237455,"relics_obtained":[{"floor":6.0,"key":"Bottled Tornado"}],"event_choices":[{"damage_healed":0.0,"max_hp_gain":0.0,"max_hp_loss":7.0,"gold_gain":0.0,"event_name":"Golden Idol","player_choice":"Lose Max HP","floor":7.0,"gold_loss":0.0,"damage_taken":0.0,"relics_obtained":["Golden Idol"]}],"is_beta":false,"boss_relics":[],"items_purged_floors":[],"is_endless":false,"potions_floor_spawned":[1,4],"killed_by":"Lagavulin","ascension_level":20}