{"gold_per_floor":[109,109,3,19,39,39,70,70,70,70,96,112,173,19,19,93,93,105,155,155,173,184,184,209,222,222,253,553,553,568,581,581,658,658,671,499],"floor_reached":36,"playtime":1790,"items_purged":["Strike_B"],"score":869,"play_id":"0292afd8-eb07-4224-b1a8-44ce789fd38b","local_time":"20190816183007","is_ascension_mode":true,"campfire_choices":[{"data":"Go for the Eyes","floor":6.0,"key":"SMITH"},{"data":"Zap","floor":8.0,"key":"SMITH"},{"data":"Defragment","floor":10.0,"key":"SMITH"},{"data":"Defragment","floor":15.0,"key":"SMITH"},{"floor":23.0,"key":"REST"},{"data":"Biased Cognition","floor":29.0,"key":"SMITH"},{"floor":32,"key":"REST"}],"neow_cost":"NONE","seed_source_timestamp":198547207432500,"circlet_count":0,"master_deck":["AscendersBane","Defend_B+1","Defend_B","Defend_B","Zap+1","Dualcast+1","Defragment+1","Defragment+1","Hologram","Go for the Eyes+1","Leap","Undo","Ball Lightning","Ball Lightning","Coolheaded","Coolheaded","Streamline","Electrodynamics","Chill","Biased Cognition+1","Seek","Core Surge","Loop+1","Machine Learning+1","Coolheaded+1"],"special_seed":0,"relics":["Cracked Core","War Paint","Bottled Lightning","Singing Bowl","Ancient Tea Set","Tiny Chest","Inserter","Centennial Puzzle","Mango","Incense Burner","Oddly Smooth Stone","Old Coin","Astrolabe","Art of War"],"potions_floor_usage":[33],"damage_taken":[{"damage":0.0,"enemies":"Small Slimes","floor":1.0,"turns":3.0},{"damage":0.0,"enemies":"Cultist","floor":4.0,"turns":3.0},{"damage":7.0,"enemies":"Jaw Worm","floor":5.0,"turns":3.0},{"damage":5.0,"enemies":"Lagavulin","floor":7.0,"turns":7.0},{"damage":14.0,"enemies":"3 Sentries","floor":11.0,"turns":6.0},{"damage":11.0,"enemies":"Exordium Wildlife","floor":12.0,"turns":4.0},{"damage":11.0,"enemies":"Gremlin Nob","floor":13.0,"turns":3.0},{"damage":3.0,"enemies":"Slime Boss","floor":16.0,"turns":8.0},{"damage":0.0,"enemies":"Chosen","floor":18.0,"turns":4.0},{"damage":22.0,"enemies":"Shell Parasite","floor":21.0,"turns":6.0},{"damage":6.0,"enemies":"Centurion and Healer","floor":22.0,"turns":5.0},{"damage":20.0,"enemies":"Slavers","floor":24.0,"turns":3.0},{"damage":1.0,"enemies":"Snecko","floor":25.0,"turns":4.0},{"damage":3.0,"enemies":"Gremlin Leader","floor":27.0,"turns":5.0},{"damage":17.0,"enemies":"Shelled Parasite and Fungi","floor":30.0,"turns":4.0},{"damage":9,"enemies":"Centurion and Healer","floor":31,"turns":5},{"damage":60,"enemies":"Automaton","floor":33,"turns":9},{"damage":2,"enemies":"3 Darklings","floor":35,"turns":3}],"seed_played":"6442478750239987641","potions_obtained":[{"floor":1.0,"key":"Swift Potion"},{"floor":7.0,"key":"Explosive Potion"},{"floor":13.0,"key":"Ancient Potion"},{"floor":16.0,"key":"LiquidBronze"},{"floor":21.0,"key":"SkillPotion"},{"floor":24.0,"key":"SpeedPotion"},{"floor":27.0,"key":"FairyPotion"}],"is_trial":false,"path_per_floor":["M","?","$","M","M","R","E","R","T","R","E","M","E","$","R","B",null,"M","?","T","M","M","R","E","M","T","E","T","R","M","M","R","B",null,"M","$"],"character_chosen":"DEFECT","items_purchased":["Defragment","Hologram","Coolheaded","Streamline","Art of War"],"campfire_rested":2,"item_purchase_floors":[3,3,14,14,36],"current_hp_per_floor":[64,64,64,64,57,57,52,52,52,52,38,27,16,16,16,13,57,59,59,59,37,33,55,49,50,50,49,49,49,32,25,53,9,74,74,74],"gold":499,"neow_bonus":"RANDOM_COMMON_RELIC","is_prod":false,"is_daily":false,"chose_seed":false,"campfire_upgraded":5,"win_rate":0,"timestamp":1565994607,"path_taken":["M","?","$","M","?","R","E","R","T","R","E","M","E","?","R","BOSS","M","?","?","M","M","R","E","M","T","E","?","R","M","?","R","BOSS","M","$"],"build_version":"2019-07-17","purchased_purges":1,"victory":false,"max_hp_per_floor":[71,71,71,71,71,71,71,71,71,71,71,71,71,71,71,71,71,73,73,73,73,75,75,89,91,91,93,93,93,93,95,95,95,95,97,97],"card_choices":[{"not_picked":["Doom and Gloom","Gash"],"picked":"Defragment","floor":1.0},{"not_picked":["Chaos","Leap"],"picked":"Go for the Eyes","floor":4.0},{"not_picked":["Static Discharge","Darkness"],"picked":"Leap","floor":5.0},{"not_picked":["Melter","Tempest"],"picked":"Undo","floor":7.0},{"not_picked":["Undo","Doom and Gloom"],"picked":"Ball Lightning","floor":11.0},{"not_picked":["Beam Cell","Multi-Cast"],"picked":"Ball Lightning","floor":12.0},{"not_picked":["FTL","Darkness"],"picked":"Coolheaded","floor":13.0},{"not_picked":["Machine Learning","Reboot"],"picked":"Electrodynamics","floor":16.0},{"not_picked":["Static Discharge","Rebound","Go for the Eyes"],"picked":"Singing Bowl","floor":18.0},{"not_picked":["Skim","Ball Lightning"],"picked":"Chill","floor":21.0},{"not_picked":["Compile Driver","Barrage","Redo"],"picked":"Singing Bowl","floor":22.0},{"not_picked":["Compile Driver","Turbo"],"picked":"Biased Cognition","floor":24.0},{"not_picked":["Compile Driver","Rebound","Capacitor"],"picked":"Singing Bowl","floor":25.0},{"not_picked":["Streamline","Go for the Eyes","Leap"],"picked":"Singing Bowl","floor":27.0},{"not_picked":["Storm","Hologram"],"picked":"Seek","floor":30.0},{"not_picked":["Gash","Sweeping Beam","Reinforced Body"],"picked":"Singing Bowl","floor":31},{"not_picked":["Rainbow","Machine Learning"],"picked":"Core Surge","floor":33},{"not_picked":["Gash","Barrage","Hologram"],"picked":"Singing Bowl","floor":35}],"player_experience":1481771,"relics_obtained":[{"floor":7.0,"key":"Bottled Lightning"},{"floor":9.0,"key":"Singing Bowl"},{"floor":11.0,"key":"Ancient Tea Set"},{"floor":13.0,"key":"Tiny Chest"},{"floor":20.0,"key":"Centennial Puzzle"},{"floor":24.0,"key":"Mango"},{"floor":26.0,"key":"Incense Burner"},{"floor":27.0,"key":"Oddly Smooth Stone"},{"floor":28.0,"key":"Old Coin"}],"event_choices":[{"cards_removed":["Strike_B"],"damage_healed":0.0,"max_hp_gain":0.0,"max_hp_loss":0.0,"gold_gain":0.0,"event_name":"Purifier","player_choice":"Purged","floor":2.0,"gold_loss":0.0,"damage_taken":0.0},{"damage_healed":0.0,"max_hp_gain":0.0,"max_hp_loss":0.0,"gold_gain":50.0,"event_name":"Nest","player_choice":"Stole From Cult","floor":19.0,"gold_loss":0.0,"damage_taken":0.0}],"is_beta":false,"boss_relics":[{"not_picked":["Nuclear Battery","Snecko Eye"],"picked":"Inserter"},{"not_picked":["Calling Bell","Pandora\u0027s Box"],"picked":"Astrolabe"}],"items_purged_floors":[14],"is_endless":false,"potions_floor_spawned":[1,7,13,16,21,24,25,27],"ascension_level":20}