{"gold_per_floor":[112,122,26,26,41,41,55,55,81,92,121,12,12,30,30,132,132,149,169,200,219,68,68,100,100,100,130,230,230,230,12,12,108,108,120,120,120,23,68,68,18,38,62,162,189,205,205,223,223,223],"floor_reached":51,"playtime":2916,"items_purged":["Strike_B","Strike_B","Defend_B","Defend_B"],"score":861,"play_id":"24c2c056-9d4e-43cc-9643-f104fad868d7","local_time":"20190818213825","is_ascension_mode":false,"campfire_choices":[{"data":"Sunder","floor":6,"key":"SMITH"},{"data":"Zap","floor":8,"key":"SMITH"},{"data":"Defragment","floor":13,"key":"SMITH"},{"data":"Capacitor","floor":15,"key":"SMITH"},{"data":"Seek","floor":23,"key":"SMITH"},{"data":"Genetic Algorithm","floor":25,"key":"SMITH"},{"data":"Loop","floor":30,"key":"SMITH"},{"data":"Defragment","floor":32,"key":"SMITH"},{"floor":40,"key":"REST"},{"data":"Seek","floor":47,"key":"SMITH"},{"data":"Madness","floor":49,"key":"SMITH"}],"neow_cost":"NONE","seed_source_timestamp":2388859794511500,"circlet_count":0,"master_deck":["Defend_B","Defend_B","Zap+1","Dualcast","Chill","Hologram","Sunder+1","Cold Snap","Gash","Seek+1","Beam Cell","Capacitor+1","Defragment+1","Gash","Seek+1","Cold Snap","Steam","Genetic Algorithm+1","Coolheaded+1","Doom and Gloom","Loop+1","Sunder+1","Self Repair+1","Loop+1","Turbo","Chaos","Defragment+1","Force Field","Stack","Electrodynamics","Madness+1","Madness","Hologram","Go for the Eyes+1","Gash+1","Hologram+1"],"relics":["Cracked Core","Omamori","WarpedTongs","Blood Vial","Potion Belt","Orrery","Red Mask","Bronze Scales","Smiling Mask","Mummified Hand","Singing Bowl","Incense Burner","Molten Egg 2","Inserter","Thread and Needle","Bag of Marbles","Calipers","Vajra"],"potions_floor_usage":[20,28,39,48,50,50,50,50,50,50,50,50,50],"damage_taken":[{"damage":0,"enemies":"Cultist","floor":1,"turns":3},{"damage":1,"enemies":"Jaw Worm","floor":2,"turns":3},{"damage":0,"enemies":"Small Slimes","floor":5,"turns":2},{"damage":0,"enemies":"3 Louse","floor":7,"turns":3},{"damage":1,"enemies":"Large Slime","floor":10,"turns":3},{"damage":8,"enemies":"Lagavulin","floor":11,"turns":6},{"damage":0,"enemies":"Blue Slaver","floor":14,"turns":3},{"damage":22,"enemies":"Hexaghost","floor":16,"turns":7},{"damage":4,"enemies":"Shell Parasite","floor":18,"turns":8},{"damage":1,"enemies":"Chosen","floor":19,"turns":4},{"damage":22,"enemies":"Masked Bandits","floor":20,"turns":4},{"damage":10,"enemies":"Centurion and Healer","floor":21,"turns":8},{"damage":4,"enemies":"Gremlin Leader","floor":24,"turns":6},{"damage":4,"enemies":"Slavers","floor":27,"turns":4},{"damage":11,"enemies":"Colosseum Slavers","floor":28,"turns":5},{"damage":7,"enemies":"Colosseum Nobs","floor":28,"turns":4},{"damage":0,"enemies":"Automaton","floor":33,"turns":8},{"damage":0,"enemies":"3 Darklings","floor":35,"turns":4},{"damage":43,"enemies":"2 Orb Walkers","floor":39,"turns":4},{"damage":0,"enemies":"Orb Walker","floor":42,"turns":4},{"damage":10,"enemies":"Mind Bloom Boss Battle","floor":44,"turns":8},{"damage":0,"enemies":"Giant Head","floor":45,"turns":10},{"damage":0,"enemies":"4 Shapes","floor":46,"turns":2},{"damage":6,"enemies":"Jaw Worm Horde","floor":48,"turns":3},{"damage":0,"enemies":"Time Eater","floor":50,"turns":14}],"seed_played":"2729379828226240784","potions_obtained":[{"floor":1,"key":"Ancient Potion"},{"floor":7,"key":"EntropicBrew"},{"floor":11,"key":"FearPotion"},{"floor":19,"key":"Fire Potion"},{"floor":20,"key":"Swift Potion"},{"floor":24,"key":"FocusPotion"},{"floor":33,"key":"Weak Potion"},{"floor":46,"key":"Poison Potion"}],"is_trial":false,"path_per_floor":["M","M","$","?","M","R","M","R","T","M","E","$","R","M","R","B",null,"M","M","?","M","$","R","E","R","T","E","?","?","R","$","R","B",null,"M","?","?","$","?","R","$","M","T","?","E","M","R","M","R","B",null],"character_chosen":"DEFECT","items_purchased":["Sunder","Cold Snap","Defragment","Bronze Scales","Defragment","Force Field","Stack","Hologram"],"campfire_rested":1,"item_purchase_floors":[3,3,12,22,31,31,31,38],"current_hp_per_floor":[75,74,74,74,74,74,74,74,74,74,67,67,67,69,69,49,75,71,72,52,44,44,44,42,42,42,40,46,46,46,46,46,58,75,77,77,67,67,38,61,61,75,75,77,83,83,83,83,83,83],"gold":223,"neow_bonus":"RANDOM_COMMON_RELIC","is_prod":false,"is_daily":false,"chose_seed":false,"campfire_upgraded":10,"win_rate":0,"timestamp":1566131905,"path_taken":["M","?","$","?","M","R","M","R","T","?","E","?","R","M","R","BOSS","M","M","?","M","$","R","E","R","T","E","?","?","R","?","R","BOSS","M","?","?","?","?","R","$","M","T","?","E","M","R","M","R","BOSS"],"build_version":"2019-07-17","purchased_purges":4,"victory":true,"max_hp_per_floor":[75,75,75,75,75,75,75,75,75,75,75,75,75,75,75,75,75,75,75,75,75,75,75,75,75,75,75,75,75,75,75,75,75,75,77,77,77,77,79,79,79,81,81,81,83,83,83,83,83,83],"card_choices":[{"not_picked":["Barrage","Stack"],"picked":"Chill","floor":1},{"not_picked":["Double Energy","Redo"],"picked":"Hologram","floor":2},{"not_picked":["White Noise","Recycle"],"picked":"Gash","floor":5},{"not_picked":["Stack","Undo"],"picked":"Seek","floor":7},{"not_picked":["Cold Snap","Redo"],"picked":"Beam Cell","floor":10},{"not_picked":["Conserve Battery","Genetic Algorithm"],"picked":"Capacitor","floor":11},{"not_picked":["Streamline","Beam Cell"],"picked":"Gash","floor":14},{"not_picked":["Meteor Strike","Machine Learning"],"picked":"Seek","floor":16},{"not_picked":["Turbo","Steam"],"picked":"Cold Snap","floor":17},{"not_picked":["Sunder","Redo"],"picked":"Steam","floor":17},{"not_picked":["Barrage","Redo"],"picked":"Genetic Algorithm","floor":17},{"not_picked":["Hologram","Barrage"],"picked":"Core Surge","floor":18},{"not_picked":["Turbo","Compile Driver"],"picked":"Coolheaded+1","floor":19},{"not_picked":["Streamline","Go for the Eyes"],"picked":"Doom and Gloom","floor":20},{"not_picked":["Coolheaded+1","Beam Cell"],"picked":"Loop+1","floor":21},{"not_picked":["Streamline+1","Stack+1"],"picked":"Sunder+1","floor":24},{"not_picked":["Multi-Cast","Steam"],"picked":"Self Repair+1","floor":27},{"not_picked":["BootSequence","Beam Cell"],"picked":"Loop","floor":28},{"not_picked":["Hyperbeam+1","Machine Learning"],"picked":"Electrodynamics","floor":33},{"not_picked":["Sweeping Beam+1","Rip and Tear+1","Compile Driver+1"],"picked":"Singing Bowl","floor":35},{"not_picked":["Double Energy","Scrape+1","Compile Driver+1"],"picked":"Singing Bowl","floor":39},{"not_picked":["Hologram","Go for the Eyes+1","Rebound+1"],"picked":"Singing Bowl","floor":42},{"not_picked":["Steam Power+1","Double Energy"],"picked":"Go for the Eyes+1","floor":44},{"not_picked":["Compile Driver+1","Auto Shields","Stack"],"picked":"Singing Bowl","floor":45},{"not_picked":["Go for the Eyes+1","Static Discharge"],"picked":"Gash+1","floor":46},{"not_picked":["Rainbow","Beam Cell+1"],"picked":"Hologram+1","floor":48}],"player_experience":184538,"relics_obtained":[{"floor":9,"key":"Blood Vial"},{"floor":11,"key":"Potion Belt"},{"floor":20,"key":"Red Mask"},{"floor":24,"key":"Smiling Mask"},{"floor":26,"key":"Mummified Hand"},{"floor":27,"key":"Singing Bowl"},{"floor":28,"key":"Incense Burner"},{"floor":28,"key":"Molten Egg 2"},{"floor":39,"key":"Thread and Needle"},{"floor":43,"key":"Bag of Marbles"},{"floor":44,"key":"Calipers"},{"floor":45,"key":"Vajra"}],"event_choices":[{"damage_healed":0,"gold_gain":0,"player_choice":"Rummage","damage_taken":0,"relics_obtained":["WarpedTongs"],"max_hp_gain":0,"max_hp_loss":0,"event_name":"Accursed Blacksmith","floor":4,"gold_loss":0,"cards_obtained":["Pain"]},{"damage_healed":0,"gold_gain":0,"player_choice":"Fought Bandits","damage_taken":0,"max_hp_gain":0,"max_hp_loss":0,"event_name":"Masked Bandits","floor":20,"gold_loss":0},{"damage_healed":0,"gold_gain":0,"player_choice":"Fight","damage_taken":0,"max_hp_gain":0,"max_hp_loss":0,"event_name":"Colosseum","floor":28,"gold_loss":0},{"damage_healed":0,"gold_gain":0,"player_choice":"Fought Nobs","damage_taken":0,"max_hp_gain":0,"max_hp_loss":0,"event_name":"Colosseum","floor":28,"gold_loss":0},{"damage_healed":0,"gold_gain":0,"cards_transformed":["Strike_B","Strike_B"],"player_choice":"Became Test Subject","damage_taken":0,"max_hp_gain":0,"max_hp_loss":0,"event_name":"Drug Dealer","floor":29,"gold_loss":0,"cards_obtained":["Turbo","Chaos"]},{"cards_removed":["Core Surge"],"damage_healed":0,"gold_gain":0,"player_choice":"Removed Attack","damage_taken":0,"max_hp_gain":0,"max_hp_loss":0,"event_name":"Falling","floor":36,"gold_loss":0},{"damage_healed":0,"gold_gain":0,"player_choice":"Embrace Madness","damage_taken":10,"max_hp_gain":0,"max_hp_loss":0,"event_name":"Winding Halls","floor":37,"gold_loss":0,"cards_obtained":["Madness","Madness"]},{"damage_healed":0,"gold_gain":0,"player_choice":"Fight","damage_taken":0,"max_hp_gain":0,"max_hp_loss":0,"event_name":"Mysterious Sphere","floor":39,"gold_loss":0},{"damage_healed":0,"gold_gain":0,"player_choice":"Fight","damage_taken":0,"max_hp_gain":0,"max_hp_loss":0,"event_name":"MindBloom","floor":44,"gold_loss":0}],"is_beta":false,"boss_relics":[{"not_picked":["Snecko Eye","Calling Bell"],"picked":"Orrery"},{"not_picked":["Eternal Feather","Busted Crown"],"picked":"Inserter"}],"items_purged_floors":[12,31,38,41],"is_endless":false,"potions_floor_spawned":[1,7,11,19,20,24,33,35,46],"ascension_level":0}