{"gold_per_floor":[112,127,202,40,50,50,76,76,102,120,136,164,179,199,199,277,277,295,23,23,34,46,78,78,112,112,162,178,178,240,272,272,272],"floor_reached":33,"playtime":1598,"items_purged":[],"score":638,"play_id":"f208f1ac-7a8f-476f-b7eb-064e206d7b46","local_time":"20190603174618","is_ascension_mode":true,"campfire_choices":[{"data":"Bash","floor":6.0,"key":"SMITH"},{"data":"Inflame","floor":8.0,"key":"SMITH"},{"data":"Pommel Strike","floor":15.0,"key":"SMITH"},{"floor":24.0,"key":"REST"},{"data":"Heavy Blade","floor":32.0,"key":"SMITH"}],"neow_cost":"NONE","seed_source_timestamp":0,"circlet_count":0,"master_deck":["AscendersBane","Strike_R","Strike_R","Strike_R","Strike_R","Strike_R","Defend_R","Defend_R","Defend_R","Defend_R","Bash+1","Cleave","Inflame+1","Twin Strike","Pommel Strike+1","Inflame","Combust","Armaments","Shrug It Off","Fiend Fire","Flame Barrier","Heavy Blade+1","Infernal Blade+1","Feed","Burning Pact+1","Inflame","Battle Trance+1"],"special_seed":0,"relics":["Burning Blood","Lantern","Potion Belt","Bronze Scales","Bottled Flame","Philosopher\u0027s Stone","Sling","Toxic Egg 2","Molten Egg 2","The Courier","SsserpentHead","Strawberry"],"potions_floor_usage":[33],"damage_taken":[{"damage":7.0,"enemies":"Cultist","floor":1.0,"turns":4.0},{"damage":3.0,"enemies":"2 Louse","floor":2.0,"turns":3.0},{"damage":14.0,"enemies":"Jaw Worm","floor":5.0,"turns":4.0},{"damage":8.0,"enemies":"Gremlin Nob","floor":7.0,"turns":3.0},{"damage":0.0,"enemies":"Large Slime","floor":10.0,"turns":3.0},{"damage":11.0,"enemies":"Blue Slaver","floor":11.0,"turns":3.0},{"damage":18.0,"enemies":"3 Sentries","floor":12.0,"turns":4.0},{"damage":11.0,"enemies":"Looter","floor":13.0,"turns":2.0},{"damage":14.0,"enemies":"Exordium Wildlife","floor":14.0,"turns":3.0},{"damage":25.0,"enemies":"The Guardian","floor":16.0,"turns":11.0},{"damage":23.0,"enemies":"Shell Parasite","floor":18.0,"turns":5.0},{"damage":13.0,"enemies":"Chosen","floor":21.0,"turns":3.0},{"damage":3.0,"enemies":"Centurion and Healer","floor":22.0,"turns":5.0},{"damage":31.0,"enemies":"Book of Stabbing","floor":23.0,"turns":4.0},{"damage":34.0,"enemies":"Slavers","floor":25.0,"turns":4.0},{"damage":9.0,"enemies":"Snake Plant","floor":28.0,"turns":2.0},{"damage":0.0,"enemies":"Snecko","floor":30.0,"turns":2.0},{"damage":16.0,"enemies":"Gremlin Leader","floor":31.0,"turns":3.0},{"damage":40,"enemies":"Champ","floor":33,"turns":5}],"seed_played":"-1122330246184833614","potions_obtained":[{"floor":0.0,"key":"Fruit Juice"},{"floor":0.0,"key":"SpeedPotion"},{"floor":0.0,"key":"EntropicBrew"},{"floor":2.0,"key":"Fire Potion"},{"floor":11.0,"key":"Strength Potion"},{"floor":12.0,"key":"Strength Potion"},{"floor":21.0,"key":"SkillPotion"},{"floor":25.0,"key":"Energy Potion"},{"floor":28.0,"key":"Swift Potion"},{"floor":30.0,"key":"FearPotion"},{"floor":31.0,"key":"LiquidBronze"}],"is_trial":false,"path_per_floor":["M","M","?","$","M","R","E","R","T","M","M","E","M","M","R","B",null,"M","$","?","M","M","E","R","E","T","?","M","?","M","E","R","B"],"character_chosen":"IRONCLAD","items_purchased":["Lantern","Heavy Blade","Sling"],"campfire_rested":1,"item_purchase_floors":[4,19,19],"current_hp_per_floor":[72,75,64,64,56,56,54,54,54,60,55,43,38,30,30,11,63,46,46,62,55,58,33,57,32,32,32,29,29,35,32,32,0],"gold":272,"neow_bonus":"THREE_SMALL_POTIONS","is_prod":false,"is_daily":false,"chose_seed":false,"campfire_upgraded":4,"win_rate":0,"timestamp":1559598378,"path_taken":["M","M","?","$","M","R","E","R","T","M","M","E","M","M","R","BOSS","M","$","?","M","M","E","R","E","T","?","M","?","?","E","R","BOSS"],"build_version":"2019-01-23","purchased_purges":0,"victory":false,"max_hp_per_floor":[80,80,80,80,80,80,80,80,80,80,80,80,80,80,80,80,80,80,80,80,80,80,80,80,83,83,83,83,83,83,90,90,90],"card_choices":[{"not_picked":["Ghostly Armor","Sever Soul"],"picked":"Cleave","floor":1.0},{"not_picked":["Flex","Iron Wave"],"picked":"Inflame","floor":2.0},{"not_picked":["Bloodletting","Shockwave"],"picked":"Twin Strike","floor":5.0},{"not_picked":["Clash","Rage"],"picked":"Pommel Strike","floor":7.0},{"not_picked":["Ghostly Armor","Pommel Strike"],"picked":"Inflame","floor":10.0},{"not_picked":["Bloodletting","Corruption"],"picked":"Combust","floor":11.0},{"not_picked":["Reckless Charge","Anger","Searing Blow"],"picked":"SKIP","floor":12.0},{"not_picked":["Headbutt","Clothesline"],"picked":"Armaments","floor":13.0},{"not_picked":["Iron Wave","Body Slam"],"picked":"Shrug It Off","floor":14.0},{"not_picked":["Bludgeon","Exhume"],"picked":"Fiend Fire","floor":16.0},{"not_picked":["Evolve","Pommel Strike"],"picked":"Flame Barrier","floor":18.0},{"not_picked":["Thunderclap","Pommel Strike","Iron Wave"],"picked":"SKIP","floor":21.0},{"not_picked":["Dropkick","Blood for Blood"],"picked":"Infernal Blade+1","floor":22.0},{"not_picked":["Wild Strike","Pommel Strike"],"picked":"Feed","floor":23.0},{"not_picked":["Perfected Strike","Searing Blow","Twin Strike"],"picked":"SKIP","floor":25.0},{"not_picked":["Wild Strike+1","Barricade"],"picked":"Burning Pact+1","floor":28.0},{"not_picked":["Shockwave+1","Clash+1"],"picked":"Inflame","floor":30.0},{"not_picked":["Rampage+1","Perfected Strike+1"],"picked":"Battle Trance+1","floor":31.0}],"player_experience":1135224,"relics_obtained":[{"floor":7.0,"key":"Potion Belt"},{"floor":9.0,"key":"Bronze Scales"},{"floor":12.0,"key":"Bottled Flame"},{"floor":23.0,"key":"Toxic Egg 2"},{"floor":25.0,"key":"Molten Egg 2"},{"floor":26.0,"key":"The Courier"},{"floor":31.0,"key":"Strawberry"}],"event_choices":[{"damage_healed":0.0,"max_hp_gain":0.0,"max_hp_loss":0.0,"gold_gain":75.0,"event_name":"World of Goop","player_choice":"Gather Gold","floor":3.0,"gold_loss":0.0,"damage_taken":11.0},{"damage_healed":16.0,"max_hp_gain":0.0,"max_hp_loss":0.0,"gold_gain":0.0,"event_name":"The Library","player_choice":"Heal","floor":20.0,"gold_loss":0.0,"damage_taken":0.0},{"damage_healed":0.0,"max_hp_gain":0.0,"max_hp_loss":0.0,"gold_gain":50.0,"event_name":"Nest","player_choice":"Stole From Cult","floor":27.0,"gold_loss":0.0,"damage_taken":0.0},{"damage_healed":0.0,"max_hp_gain":0.0,"max_hp_loss":0.0,"gold_gain":0.0,"event_name":"FaceTrader","player_choice":"Trade","floor":29.0,"gold_loss":0.0,"damage_taken":0.0,"relics_obtained":["SsserpentHead"]}],"is_beta":false,"boss_relics":[{"not_picked":["Runic Cube","Black Blood"],"picked":"Philosopher\u0027s Stone"}],"items_purged_floors":[],"is_endless":false,"potions_floor_spawned":[2,11,12,13,14,21,25,28,30,31],"killed_by":"Champ","ascension_level":20}