{"gold_per_floor":[114,130,144,319,319,319,335,378,378,414,428,452,8,86,86,215,215,238,0,100,116,130,130,151,166,189,189,202,226,247,280,280,409,409,423,449,50,71,71,71,104,122,122,122,147,147,147,163,163,163],"floor_reached":51,"playtime":3130,"items_purged":["Doubt","Strike_B"],"score":788,"play_id":"4f6fe4ab-eb49-4969-8012-bb00866ab9df","local_time":"20190825193741","is_ascension_mode":false,"campfire_choices":[{"data":"Go for the Eyes","floor":6,"key":"SMITH"},{"data":"Defragment","floor":15,"key":"SMITH"},{"data":"Recycle","floor":23,"key":"SMITH"},{"data":"Consume","floor":27,"key":"SMITH"},{"data":"Recycle","floor":32,"key":"SMITH"},{"data":"Coolheaded","floor":40,"key":"SMITH"},{"data":"Coolheaded","floor":44,"key":"SMITH"},{"data":"Dualcast","floor":46,"key":"SMITH"},{"data":"Creative AI","floor":49,"key":"SMITH"}],"neow_cost":"NONE","seed_source_timestamp":433821648003000,"circlet_count":0,"master_deck":["Strike_B+1","Strike_B","Strike_B+1","Defend_B","Defend_B","Defend_B","Defend_B","Dualcast+1","Cold Snap","Coolheaded+1","Go for the Eyes+1","Ball Lightning","Chill","Recycle+1","Auto Shields","Compile Driver","Consume+1","Defragment+1","Gash","Core Surge","Doom and Gloom+1","Self Repair","Coolheaded+1","Stack","Gash+1","Sunder+1","All For One","Ball Lightning+1","Recycle+1","Creative AI+1","Core Surge"],"relics":["Cracked Core","Whetstone","Golden Idol","Potion Belt","Boot","Matryoshka","Kunai","Shuriken","Philosopher\u0027s Stone","Bronze Scales","Bag of Preparation","Orichalcum","Mummified Hand","Inserter","PreservedInsect","Strawberry","Ice Cream","Bird Faced Urn","Darkstone Periapt"],"potions_floor_usage":[10,21,29,50,50,50,50],"damage_taken":[{"damage":0,"enemies":"2 Louse","floor":1,"turns":2},{"damage":0,"enemies":"Jaw Worm","floor":2,"turns":3},{"damage":0,"enemies":"Cultist","floor":3,"turns":3},{"damage":0,"enemies":"Red Slaver","floor":7,"turns":3},{"damage":15,"enemies":"Lagavulin","floor":8,"turns":7},{"damage":12,"enemies":"Gremlin Nob","floor":10,"turns":5},{"damage":0,"enemies":"2 Fungi Beasts","floor":11,"turns":3},{"damage":0,"enemies":"Looter","floor":12,"turns":3},{"damage":2,"enemies":"3 Sentries","floor":14,"turns":7},{"damage":10,"enemies":"The Guardian","floor":16,"turns":11},{"damage":5,"enemies":"Shell Parasite","floor":18,"turns":7},{"damage":7,"enemies":"3 Byrds","floor":21,"turns":4},{"damage":7,"enemies":"Cultist and Chosen","floor":22,"turns":5},{"damage":9,"enemies":"Shelled Parasite and Fungi","floor":24,"turns":7},{"damage":6,"enemies":"Snecko","floor":25,"turns":5},{"damage":0,"enemies":"Centurion and Healer","floor":28,"turns":7},{"damage":20,"enemies":"Snake Plant","floor":29,"turns":5},{"damage":2,"enemies":"Cultist and Chosen","floor":30,"turns":5},{"damage":16,"enemies":"Slavers","floor":31,"turns":4},{"damage":32,"enemies":"Champ","floor":33,"turns":10},{"damage":0,"enemies":"3 Shapes","floor":35,"turns":5},{"damage":1,"enemies":"3 Darklings","floor":38,"turns":8},{"damage":0,"enemies":"Giant Head","floor":41,"turns":7},{"damage":0,"enemies":"Sphere and 2 Shapes","floor":42,"turns":4},{"damage":5,"enemies":"Writhing Mass","floor":45,"turns":6},{"damage":15,"enemies":"Maw","floor":48,"turns":7},{"damage":0,"enemies":"Time Eater","floor":50,"turns":14}],"seed_played":"1929623094320532818","potions_obtained":[{"floor":1,"key":"Regen Potion"},{"floor":3,"key":"GamblersBrew"},{"floor":10,"key":"Block Potion"},{"floor":12,"key":"FearPotion"},{"floor":14,"key":"Poison Potion"},{"floor":18,"key":"PowerPotion"},{"floor":22,"key":"SmokeBomb"},{"floor":31,"key":"GamblersBrew"},{"floor":42,"key":"Swift Potion"},{"floor":47,"key":"PowerPotion"},{"floor":48,"key":"SpeedPotion"}],"is_trial":false,"path_per_floor":["M","M","M","?","?","R","M","E","T","E","M","M","$","?","R","B",null,"M","$","?","M","M","R","M","M","T","R","M","M","M","E","R","B",null,"M","T","$","M","?","R","E","M","T","R","M","R","?","M","R","B",null],"character_chosen":"DEFECT","items_purchased":["Consume","Defragment","Kunai","Bronze Scales","Self Repair","Ice Cream"],"campfire_rested":0,"item_purchase_floors":[13,13,13,19,19,37],"current_hp_per_floor":[75,75,75,75,57,57,57,42,42,30,30,30,30,28,28,18,75,70,70,70,70,70,70,68,69,69,69,75,75,75,66,66,41,75,75,82,82,82,82,82,82,82,82,82,82,82,82,82,82,82],"gold":163,"neow_bonus":"RANDOM_COMMON_RELIC","is_prod":false,"is_daily":false,"chose_seed":false,"campfire_upgraded":9,"win_rate":0,"timestamp":1566729461,"path_taken":["M","M","M","?","?","R","M","E","T","E","?","M","$","?","R","BOSS","M","$","?","M","M","R","M","M","T","R","?","M","M","E","R","BOSS","M","?","$","M","?","R","E","M","T","R","M","R","?","?","R","BOSS"],"build_version":"2019-07-17","purchased_purges":2,"victory":true,"max_hp_per_floor":[75,75,75,75,75,75,75,75,75,75,75,75,75,75,75,75,75,75,75,75,75,75,75,75,75,75,75,75,75,75,75,75,75,75,75,82,82,82,82,82,82,82,82,82,82,82,82,82,82,82],"card_choices":[{"not_picked":["Melter","Barrage"],"picked":"Cold Snap","floor":1},{"not_picked":["Steam","Cold Snap"],"picked":"Coolheaded","floor":2},{"not_picked":["Leap","Heatsinks"],"picked":"Go for the Eyes","floor":3},{"not_picked":["Recycle","Fusion"],"picked":"Ball Lightning","floor":7},{"not_picked":["Fusion","Go for the Eyes"],"picked":"Chill","floor":8},{"not_picked":["Lockon","Rebound"],"picked":"Recycle","floor":10},{"not_picked":["Fusion","Cold Snap"],"picked":"Auto Shields","floor":11},{"not_picked":["Hologram","Rebound"],"picked":"Compile Driver","floor":12},{"not_picked":["Consume","Stack"],"picked":"Gash","floor":14},{"not_picked":["Amplify","Seek"],"picked":"Core Surge","floor":16},{"not_picked":["Redo","Sweeping Beam+1"],"picked":"Doom and Gloom+1","floor":18},{"not_picked":["Melter","Barrage"],"picked":"Coolheaded","floor":21},{"not_picked":["Barrage","Fusion"],"picked":"Stack","floor":22},{"not_picked":["Skim+1","Hologram"],"picked":"Gash+1","floor":24},{"not_picked":["Tempest","Steam Power"],"picked":"Sunder+1","floor":25},{"not_picked":["Barrage+1","Consume"],"picked":"All For One","floor":28},{"not_picked":["Beam Cell","Auto Shields"],"picked":"Ball Lightning+1","floor":29},{"not_picked":["Barrage","Steam"],"picked":"Recycle","floor":30},{"not_picked":["Rip and Tear","Chaos","Turbo"],"picked":"SKIP","floor":31},{"not_picked":["Machine Learning","Core Surge"],"picked":"Creative AI","floor":33},{"not_picked":["Compile Driver","Rip and Tear+1","Steam"],"picked":"SKIP","floor":35},{"not_picked":["Conserve Battery","Rebound","Cold Snap"],"picked":"SKIP","floor":38},{"not_picked":["Go for the Eyes","Beam Cell+1"],"picked":"Core Surge","floor":41},{"not_picked":["Steam","Turbo","Storm"],"picked":"SKIP","floor":42},{"not_picked":["Steam","Turbo","Storm"],"picked":"SKIP","floor":42},{"not_picked":["Rainbow","Self Repair+1","Redo"],"picked":"SKIP","floor":45},{"not_picked":["Self Repair+1","Hello World+1","Turbo"],"picked":"SKIP","floor":48}],"player_experience":216607,"relics_obtained":[{"floor":8,"key":"Potion Belt"},{"floor":9,"key":"Boot"},{"floor":10,"key":"Matryoshka"},{"floor":26,"key":"Bag of Preparation"},{"floor":26,"key":"Orichalcum"},{"floor":31,"key":"Mummified Hand"},{"floor":36,"key":"PreservedInsect"},{"floor":36,"key":"Strawberry"},{"floor":41,"key":"Bird Faced Urn"},{"floor":43,"key":"Darkstone Periapt"}],"event_choices":[{"damage_healed":0,"gold_gain":175,"player_choice":"AGREE","damage_taken":0,"max_hp_gain":0,"max_hp_loss":0,"event_name":"Liars Game","floor":4,"gold_loss":0,"cards_obtained":["Doubt"]},{"damage_healed":0,"gold_gain":0,"player_choice":"Take Damage","damage_taken":18,"relics_obtained":["Golden Idol"],"max_hp_gain":0,"max_hp_loss":0,"event_name":"Golden Idol","floor":5,"gold_loss":0},{"damage_healed":0,"gold_gain":0,"player_choice":"Searched \u00272\u0027 times","damage_taken":0,"relics_obtained":["Shuriken"],"max_hp_gain":0,"max_hp_loss":0,"event_name":"Dead Adventurer","floor":14,"gold_loss":0},{"damage_healed":0,"gold_gain":100,"player_choice":"Pray","damage_taken":0,"max_hp_gain":0,"max_hp_loss":0,"event_name":"Golden Shrine","floor":20,"gold_loss":0},{"cards_removed":["Zap"],"damage_healed":0,"gold_gain":0,"player_choice":"Removed Skill","damage_taken":0,"max_hp_gain":0,"max_hp_loss":0,"event_name":"Falling","floor":39,"gold_loss":0},{"damage_healed":0,"gold_gain":0,"player_choice":"Got Potions","damage_taken":0,"max_hp_gain":0,"max_hp_loss":0,"event_name":"Lab","floor":47,"gold_loss":0}],"is_beta":false,"boss_relics":[{"not_picked":["Velvet Choker","Orrery"],"picked":"Philosopher\u0027s Stone"},{"not_picked":["Runic Pyramid","Tiny House"],"picked":"Inserter"}],"items_purged_floors":[13,37],"is_endless":false,"potions_floor_spawned":[1,3,10,12,14,18,22,31,42,45,48],"ascension_level":0}