{"gold_per_floor":[119,138,138,154,168,168,168,168,195,195,214,227,261,26,26,101,101,119,119,119,136,36,68,87,87,140,140,155,188,188,188,188,266,266,276,38,57,57,77,77,91,91,91,110,10,0,0,12,12,12,12],"floor_reached":51,"playtime":2384,"items_purged":["Strike_B","Strike_B","Defend_B"],"score":1274,"play_id":"c0038f92-ba15-4273-b474-77676cc312d3","local_time":"20190611125959","is_ascension_mode":true,"campfire_choices":[{"data":"Genetic Algorithm","floor":6.0,"key":"SMITH"},{"data":"Defragment","floor":8.0,"key":"SMITH"},{"data":"Dualcast","floor":10.0,"key":"SMITH"},{"data":"Machine Learning","floor":15.0,"key":"SMITH"},{"data":"Capacitor","floor":25.0,"key":"SMITH"},{"floor":27.0,"key":"REST"},{"data":"FTL","floor":30.0,"key":"SMITH"},{"floor":32.0,"key":"REST"},{"data":"Apotheosis","floor":40.0,"key":"SMITH"},{"floor":42.0,"key":"RECALL"},{"data":"Echo Form","floor":47,"key":"SMITH"},{"floor":49,"key":"REST"}],"neow_cost":"NONE","seed_source_timestamp":1276424297446500,"circlet_count":0,"master_deck":["AscendersBane","Defend_B","Defend_B","Defend_B","Zap+1","Dualcast+1","Ball Lightning","Defragment+1","Sweeping Beam","Genetic Algorithm+1","Machine Learning+1","FTL+1","Reinforced Body","Flash of Steel","Cold Snap","All For One","Steam","Capacitor+1","Barrage","All For One","Echo Form+1","Leap+1","Apotheosis+1","Beam Cell","Conserve Battery","Hologram","Double Energy","Compile Driver+1"],"special_seed":0,"relics":["Cracked Core","Anchor","Vajra","Omamori","Nuclear Battery","Kunai","Cables","DataDisk","Tiny Chest","The Courier","Empty Cage","Red Mask"],"potions_floor_usage":[48,48,50],"damage_taken":[{"damage":2.0,"enemies":"Jaw Worm","floor":1.0,"turns":3.0},{"damage":0.0,"enemies":"2 Louse","floor":2.0,"turns":2.0},{"damage":2.0,"enemies":"Small Slimes","floor":4.0,"turns":2.0},{"damage":0.0,"enemies":"Exordium Wildlife","floor":5.0,"turns":2.0},{"damage":0.0,"enemies":"2 Fungi Beasts","floor":11.0,"turns":3.0},{"damage":7.0,"enemies":"3 Louse","floor":12.0,"turns":3.0},{"damage":25.0,"enemies":"Lagavulin","floor":13.0,"turns":5.0},{"damage":18.0,"enemies":"The Guardian","floor":16.0,"turns":9.0},{"damage":7.0,"enemies":"Shell Parasite","floor":18.0,"turns":4.0},{"damage":0.0,"enemies":"Spheric Guardian","floor":21.0,"turns":3.0},{"damage":18.0,"enemies":"Gremlin Leader","floor":23.0,"turns":5.0},{"damage":5.0,"enemies":"Snake Plant","floor":24.0,"turns":3.0},{"damage":12.0,"enemies":"Snecko","floor":28.0,"turns":3.0},{"damage":18.0,"enemies":"Book of Stabbing","floor":29.0,"turns":5.0},{"damage":29.0,"enemies":"Collector","floor":33.0,"turns":7.0},{"damage":16.0,"enemies":"Orb Walker","floor":35.0,"turns":3.0},{"damage":0.0,"enemies":"3 Shapes","floor":37.0,"turns":7.0},{"damage":0.0,"enemies":"Spire Growth","floor":39.0,"turns":6.0},{"damage":5.0,"enemies":"Maw","floor":41.0,"turns":6.0},{"damage":21.0,"enemies":"Jaw Worm Horde","floor":44.0,"turns":5.0},{"damage":15,"enemies":"3 Darklings","floor":48,"turns":4},{"damage":12,"enemies":"Awakened One","floor":50,"turns":10},{"damage":39,"enemies":"Time Eater","floor":51,"turns":9}],"seed_played":"1174486299653819129","potions_obtained":[{"floor":2.0,"key":"Fruit Juice"},{"floor":11.0,"key":"Strength Potion"},{"floor":12.0,"key":"Fire Potion"},{"floor":23.0,"key":"Block Potion"},{"floor":29.0,"key":"SkillPotion"},{"floor":39.0,"key":"Regen Potion"},{"floor":41.0,"key":"EntropicBrew"},{"floor":44,"key":"Block Potion"},{"floor":48,"key":"SkillPotion"}],"is_trial":false,"path_per_floor":["M","M","?","M","M","R","?","R","T","R","M","M","E","$","R","B",null,"M","?","?","M","$","E","M","R","T","R","M","E","R","?","R","B",null,"M","$","M","?","M","R","M","R","T","M","$","?","R","M","R","B","B"],"character_chosen":"DEFECT","items_purchased":["Flash of Steel","Cold Snap","Apotheosis","Beam Cell","Conserve Battery"],"campfire_rested":3,"item_purchase_floors":[14,14,36,36,36],"current_hp_per_floor":[62,62,62,60,60,60,65,65,65,65,65,63,38,38,38,20,66,59,59,59,59,59,41,36,36,36,60,48,30,30,46,70,41,71,55,55,55,55,55,55,64,64,64,43,43,43,43,28,51,39,0],"gold":12,"neow_bonus":"RANDOM_COMMON_RELIC","is_prod":false,"is_daily":false,"chose_seed":false,"campfire_upgraded":8,"win_rate":0,"timestamp":1560272399,"path_taken":["M","M","?","M","M","R","?","R","T","R","M","M","E","$","R","BOSS","M","?","?","M","?","E","M","R","T","R","M","E","R","?","R","BOSS","M","$","M","?","M","R","M","R","T","M","$","?","R","M","R","BOSS","BOSS"],"build_version":"2019-01-23","purchased_purges":3,"victory":false,"max_hp_per_floor":[71,71,71,71,71,71,76,76,76,76,76,81,81,81,81,81,81,81,81,81,81,81,81,81,81,81,81,81,81,81,81,81,81,81,81,81,81,77,77,77,77,77,77,77,77,77,77,77,77,77,77],"card_choices":[{"not_picked":["Go for the Eyes","Rip and Tear"],"picked":"Ball Lightning","floor":1.0},{"not_picked":["Conserve Battery","Darkness"],"picked":"Defragment","floor":2.0},{"not_picked":["Steam","Hologram"],"picked":"Sweeping Beam","floor":4.0},{"not_picked":["Stack","Go for the Eyes"],"picked":"Genetic Algorithm","floor":5.0},{"not_picked":["Beam Cell","Self Repair"],"picked":"Machine Learning","floor":11.0},{"not_picked":["Gash","Self Repair"],"picked":"FTL","floor":12.0},{"not_picked":["Steam Power","Redo"],"picked":"Reinforced Body","floor":13.0},{"not_picked":["Amplify","Hyperbeam"],"picked":"All For One","floor":16.0},{"not_picked":["Turbo+1","Barrage"],"picked":"Steam","floor":18.0},{"not_picked":["Cold Snap","Stack"],"picked":"Capacitor","floor":21.0},{"not_picked":["Reprogram","Rebound","Doom and Gloom"],"picked":"SKIP","floor":23.0},{"not_picked":["Static Discharge","Rebound"],"picked":"Barrage","floor":24.0},{"not_picked":["Storm","Tempest","Ball Lightning"],"picked":"SKIP","floor":28.0},{"not_picked":["Cold Snap","Gash"],"picked":"All For One","floor":29.0},{"not_picked":["Amplify","Machine Learning"],"picked":"Echo Form","floor":33.0},{"not_picked":["Redo","Ball Lightning+1"],"picked":"Leap+1","floor":35.0},{"not_picked":["Leap","Rip and Tear","Ball Lightning"],"picked":"SKIP","floor":37.0},{"not_picked":["Rebound","Streamline"],"picked":"Hologram","floor":39.0},{"not_picked":["Ball Lightning","Self Repair"],"picked":"Double Energy","floor":41.0},{"not_picked":["Consume","Sweeping Beam+1"],"picked":"Compile Driver+1","floor":44},{"not_picked":["Gash+1","Genetic Algorithm+1","Heatsinks"],"picked":"SKIP","floor":48}],"player_experience":1155902,"relics_obtained":[{"floor":9.0,"key":"Vajra"},{"floor":13.0,"key":"Omamori"},{"floor":23.0,"key":"DataDisk"},{"floor":26.0,"key":"Tiny Chest"},{"floor":29.0,"key":"The Courier"}],"event_choices":[{"damage_healed":0.0,"max_hp_gain":0.0,"max_hp_loss":0.0,"gold_gain":0.0,"event_name":"Living Wall","player_choice":"Grow","floor":3.0,"gold_loss":0.0,"damage_taken":0.0,"cards_upgraded":["Zap"]},{"damage_healed":0.0,"max_hp_gain":5.0,"max_hp_loss":0.0,"gold_gain":0.0,"event_name":"Big Fish","player_choice":"Donut","floor":7.0,"gold_loss":0.0,"damage_taken":0.0},{"damage_healed":0.0,"max_hp_gain":0.0,"max_hp_loss":0.0,"gold_gain":0.0,"event_name":"Addict","player_choice":"Stole Relic","floor":19.0,"gold_loss":0.0,"damage_taken":0.0,"relics_obtained":["Kunai"],"cards_obtained":["Shame"]},{"damage_healed":0.0,"max_hp_gain":0.0,"max_hp_loss":0.0,"gold_gain":0.0,"event_name":"The Mausoleum","player_choice":"Opened","floor":20.0,"gold_loss":0.0,"damage_taken":0.0,"relics_obtained":["Cables"],"cards_obtained":["Writhe"]},{"damage_healed":16.0,"max_hp_gain":0.0,"max_hp_loss":0.0,"gold_gain":0.0,"event_name":"The Library","player_choice":"Heal","floor":31.0,"gold_loss":0.0,"damage_taken":0.0},{"damage_healed":0.0,"max_hp_gain":0.0,"max_hp_loss":4.0,"gold_gain":0.0,"event_name":"Winding Halls","player_choice":"Max HP","floor":38.0,"gold_loss":0.0,"damage_taken":0.0},{"damage_healed":0,"gold_gain":0,"player_choice":"Paid","damage_taken":0,"relics_obtained":["Red Mask"],"max_hp_gain":0,"max_hp_loss":0,"event_name":"Tomb of Lord Red Mask","floor":46,"gold_loss":10}],"is_beta":false,"boss_relics":[{"not_picked":["Orrery","Astrolabe"],"picked":"Nuclear Battery"},{"not_picked":["Tiny House","Runic Pyramid"],"picked":"Empty Cage"}],"items_purged_floors":[14,22,45],"is_endless":false,"potions_floor_spawned":[2,11,12,13,23,29,39,41,44,48],"killed_by":"Time Eater","ascension_level":20}