{"gold_per_floor":[111,111,111,130,149,38,38,52,52,82,82,115,115,130,130,232,232,232,232,232,232,232,232,232,232,232,232,232,232,152,152,152,152,152,152,152,52,52,52,52,52,52,52,52,52,52,52,52,52,52,52,52,15,15,15],"floor_reached":56,"playtime":3135,"items_purged":["Strike_B","Strike_B","Strike_B"],"score":1477,"play_id":"607dad44-54bf-4cf7-8f5c-a6e05e2bed3a","local_time":"20190903040632","is_ascension_mode":true,"campfire_choices":[{"floor":7.0,"key":"REST"},{"data":"Darkness","floor":11.0,"key":"SMITH"},{"data":"White Noise","floor":15.0,"key":"SMITH"},{"data":"Biased Cognition","floor":27.0,"key":"SMITH"},{"data":"Coolheaded","floor":32.0,"key":"SMITH"},{"floor":40.0,"key":"RECALL"},{"data":"Seek","floor":46.0,"key":"SMITH"},{"data":"Capacitor","floor":49,"key":"SMITH"},{"data":"Hologram","floor":52,"key":"SMITH"}],"neow_cost":"NONE","seed_source_timestamp":0,"circlet_count":0,"master_deck":["Defend_B","Defend_B","Defend_B","Defend_B","Zap+1","Dualcast+1","Go for the Eyes+1","Darkness+1","Hologram+1","Doom and Gloom+1","Coolheaded+1","Capacitor+1","Core Surge","White Noise+1","Biased Cognition+1","Hologram+1","Cold Snap","Chill+1","Genetic Algorithm","Seek+1","Parasite","Steam Power+1","Redo+1","Skim+1","Redo"],"special_seed":0,"relics":["Cracked Core","Mummified Hand","Mercury Hourglass","Potion Belt","Ancient Tea Set","Ectoplasm","Tiny Chest","Anchor","Cables","Centennial Puzzle","The Courier","Whetstone","Coffee Dripper","PreservedInsect","Bottled Lightning","DataDisk","Turnip","Bag of Preparation"],"potions_floor_usage":[54,55,55,55,55,55],"damage_taken":[{"damage":8.0,"enemies":"2 Louse","floor":1.0,"turns":2.0},{"damage":3.0,"enemies":"Jaw Worm","floor":4.0,"turns":2.0},{"damage":0.0,"enemies":"Cultist","floor":5.0,"turns":4.0},{"damage":0.0,"enemies":"Blue Slaver","floor":8.0,"turns":4.0},{"damage":14.0,"enemies":"Lagavulin","floor":10.0,"turns":5.0},{"damage":16.0,"enemies":"Gremlin Nob","floor":12.0,"turns":3.0},{"damage":1.0,"enemies":"2 Fungi Beasts","floor":14.0,"turns":2.0},{"damage":4.0,"enemies":"The Guardian","floor":16.0,"turns":7.0},{"damage":8.0,"enemies":"Shell Parasite","floor":18.0,"turns":4.0},{"damage":2.0,"enemies":"Chosen","floor":19.0,"turns":4.0},{"damage":2.0,"enemies":"Snake Plant","floor":21.0,"turns":3.0},{"damage":4.0,"enemies":"Book of Stabbing","floor":23.0,"turns":7.0},{"damage":0.0,"enemies":"Sentry and Sphere","floor":24.0,"turns":3.0},{"damage":15.0,"enemies":"Slavers","floor":25.0,"turns":3.0},{"damage":0.0,"enemies":"Gremlin Leader","floor":28.0,"turns":5.0},{"damage":0.0,"enemies":"Book of Stabbing","floor":31.0,"turns":4.0},{"damage":16.0,"enemies":"Champ","floor":33.0,"turns":7.0},{"damage":3.0,"enemies":"3 Darklings","floor":35.0,"turns":4.0},{"damage":0.0,"enemies":"3 Shapes","floor":36.0,"turns":4.0},{"damage":0.0,"enemies":"Jaw Worm Horde","floor":38.0,"turns":4.0},{"damage":11.0,"enemies":"Writhing Mass","floor":39.0,"turns":4.0},{"damage":0.0,"enemies":"Sphere and 2 Shapes","floor":41.0,"turns":5.0},{"damage":0.0,"enemies":"Reptomancer","floor":42.0,"turns":6.0},{"damage":7.0,"enemies":"Nemesis","floor":45.0,"turns":5.0},{"damage":0.0,"enemies":"3 Darklings","floor":47.0,"turns":3.0},{"damage":0,"enemies":"Mind Bloom Boss Battle","floor":48,"turns":2},{"damage":0,"enemies":"Time Eater","floor":50,"turns":5},{"damage":0,"enemies":"Shield and Spear","floor":54,"turns":4},{"damage":52,"enemies":"The Heart","floor":55,"turns":7}],"seed_played":"-2013696134925630442","potions_obtained":[{"floor":1.0,"key":"FearPotion"},{"floor":8.0,"key":"SkillPotion"},{"floor":10.0,"key":"FocusPotion"},{"floor":16.0,"key":"SkillPotion"},{"floor":19.0,"key":"Explosive Potion"},{"floor":24.0,"key":"SkillPotion"},{"floor":25.0,"key":"Swift Potion"},{"floor":28.0,"key":"GamblersBrew"},{"floor":33.0,"key":"Poison Potion"},{"floor":35.0,"key":"Ancient Potion"},{"floor":39.0,"key":"Regen Potion"},{"floor":45.0,"key":"EssenceOfSteel"},{"floor":54,"key":"Explosive Potion"}],"is_trial":false,"path_per_floor":["M","?","?","M","M","$","R","M","T","E","R","E","?","M","R","B",null,"M","M","?","M","?","E","M","E","T","R","E","T","$","E","R","B",null,"M","M","$","M","M","R","M","E","T","T","E","R","M","?","R","B",null,"R","$","E","B",null],"character_chosen":"DEFECT","items_purchased":["Doom and Gloom","Redo"],"campfire_rested":1,"item_purchase_floors":[6,53],"current_hp_per_floor":[67,60,42,39,39,39,61,61,61,47,47,31,31,30,30,26,75,67,65,51,49,75,71,71,56,56,56,56,56,56,56,56,40,80,77,77,77,77,66,66,66,66,66,66,59,59,59,59,59,59,80,80,80,80,42],"gold":15,"neow_bonus":"UPGRADE_CARD","is_prod":false,"is_daily":false,"chose_seed":false,"campfire_upgraded":7,"win_rate":0,"timestamp":1567508792,"path_taken":["M","?","?","M","M","$","R","M","T","E","R","E","?","M","R","BOSS","M","?","?","M","?","E","M","E","T","R","E","?","?","E","R","BOSS","M","M","$","M","M","R","M","E","T","?","E","R","M","?","R","BOSS","R","$","E","BOSS"],"build_version":"2019-07-17","purchased_purges":3,"victory":true,"max_hp_per_floor":[75,75,75,75,75,75,75,75,75,75,75,75,75,75,75,75,75,75,75,80,80,80,80,80,80,80,80,80,80,80,80,80,80,80,80,80,80,80,80,80,80,80,80,80,80,80,80,80,80,80,80,80,80,80,80],"card_choices":[{"not_picked":["Chaos","Rebound"],"picked":"Go for the Eyes","floor":1.0},{"not_picked":["Consume","Double Energy"],"picked":"Darkness","floor":4.0},{"not_picked":["Stack","Rainbow"],"picked":"Hologram","floor":5.0},{"not_picked":["Streamline","Hello World"],"picked":"Coolheaded","floor":8.0},{"not_picked":["Beam Cell","Turbo"],"picked":"Capacitor","floor":10.0},{"not_picked":["Leap","Gash"],"picked":"Core Surge","floor":12.0},{"not_picked":["Hello World","Consume"],"picked":"White Noise","floor":14.0},{"not_picked":["Hyperbeam","Amplify"],"picked":"Biased Cognition","floor":16.0},{"not_picked":["Storm","Redo"],"picked":"Hologram+1","floor":18.0},{"not_picked":["Coolheaded","Hologram+1","Storm"],"picked":"SKIP","floor":19.0},{"not_picked":["Compile Driver","Barrage"],"picked":"Cold Snap","floor":21.0},{"not_picked":["Recycle","Hyperbeam","Skim+1"],"picked":"SKIP","floor":23.0},{"not_picked":["Streamline+1","Beam Cell","Storm"],"picked":"SKIP","floor":24.0},{"not_picked":["Force Field","Ball Lightning"],"picked":"Chill+1","floor":25.0},{"not_picked":["Ball Lightning","Rebound+1"],"picked":"Genetic Algorithm","floor":28.0},{"not_picked":["Skim","Reprogram","Fusion"],"picked":"SKIP","floor":31.0},{"not_picked":["Core Surge","Fission"],"picked":"Seek","floor":33.0},{"not_picked":["Auto Shields","Conserve Battery","Sunder"],"picked":"SKIP","floor":35.0},{"not_picked":["Cold Snap+1","Blizzard+1","Gash+1"],"picked":"SKIP","floor":36.0},{"not_picked":["Beam Cell","Fusion+1","Turbo"],"picked":"SKIP","floor":38.0},{"not_picked":["BootSequence+1","Streamline+1"],"picked":"Steam Power+1","floor":39.0},{"not_picked":["Gash","Beam Cell","Turbo"],"picked":"SKIP","floor":41.0},{"not_picked":["Conserve Battery","Double Energy+1","Ball Lightning"],"picked":"SKIP","floor":42.0},{"not_picked":["Beam Cell","Storm"],"picked":"Redo+1","floor":45.0},{"not_picked":["Blizzard+1","Beam Cell+1"],"picked":"Skim+1","floor":47.0},{"not_picked":["Double Energy+1","Stack+1","Turbo"],"picked":"SKIP","floor":54}],"player_experience":1065873,"relics_obtained":[{"floor":9.0,"key":"Mercury Hourglass"},{"floor":10.0,"key":"Potion Belt"},{"floor":12.0,"key":"Ancient Tea Set"},{"floor":23.0,"key":"Tiny Chest"},{"floor":25.0,"key":"Anchor"},{"floor":26.0,"key":"Cables"},{"floor":28.0,"key":"Centennial Puzzle"},{"floor":29.0,"key":"The Courier"},{"floor":31.0,"key":"Whetstone"},{"floor":42.0,"key":"PreservedInsect"},{"floor":44.0,"key":"Bottled Lightning"},{"floor":45.0,"key":"DataDisk"},{"floor":48,"key":"Turnip"},{"floor":54,"key":"Bag of Preparation"}],"event_choices":[{"cards_removed":["Strike_B"],"damage_healed":0.0,"max_hp_gain":0.0,"max_hp_loss":0.0,"gold_gain":0.0,"event_name":"Golden Wing","player_choice":"Card Removal","floor":2.0,"gold_loss":0.0,"damage_taken":7.0},{"damage_healed":0.0,"max_hp_gain":0.0,"max_hp_loss":0.0,"gold_gain":0.0,"event_name":"Scrap Ooze","player_choice":"Success","floor":3.0,"gold_loss":0.0,"damage_taken":18.0,"relics_obtained":["Mummified Hand"]},{"damage_healed":0.0,"max_hp_gain":0.0,"max_hp_loss":0.0,"gold_gain":0.0,"event_name":"Upgrade Shrine","player_choice":"Upgraded","floor":13.0,"gold_loss":0.0,"damage_taken":0.0,"cards_upgraded":["Dualcast"]},{"damage_healed":0.0,"max_hp_gain":5.0,"max_hp_loss":0.0,"gold_gain":0.0,"event_name":"Forgotten Altar","player_choice":"Shed Blood","floor":20.0,"gold_loss":0.0,"damage_taken":19.0},{"damage_healed":26.0,"max_hp_gain":0.0,"max_hp_loss":0.0,"gold_gain":0.0,"event_name":"The Library","player_choice":"Heal","floor":22.0,"gold_loss":0.0,"damage_taken":0.0},{"damage_healed":0,"gold_gain":0,"player_choice":"Fight","damage_taken":0,"max_hp_gain":0,"max_hp_loss":0,"event_name":"MindBloom","floor":48,"gold_loss":0}],"is_beta":false,"boss_relics":[{"not_picked":["Black Star","Empty Cage"],"picked":"Ectoplasm"},{"not_picked":["FrozenCore","Runic Dome"],"picked":"Coffee Dripper"}],"items_purged_floors":[6,30,37],"is_endless":false,"potions_floor_spawned":[1,8,10,16,19,24,25,28,33,35,39,45,54],"ascension_level":1}