{"gold_per_floor":[110,8,8,25,43,78,133,133,156,156,171,206,206,225,225,320,320,331,342,342,342,32,57,57,156,156,189,189,36,49,65,65,170,170,185,185,195,40,55,55,55,6,6,31,31,31,47,63,63,63],"floor_reached":51,"playtime":3035,"items_purged":["Strike_B","Strike_B"],"score":773,"play_id":"7bd5e030-85b9-4a3d-bef0-bff09a63e949","local_time":"20190830215552","is_ascension_mode":false,"campfire_choices":[{"data":"Sunder","floor":8,"key":"SMITH"},{"data":"Beam Cell","floor":10,"key":"SMITH"},{"data":"Creative AI","floor":13,"key":"SMITH"},{"data":"Undo","floor":15,"key":"SMITH"},{"data":"Zap","floor":24,"key":"SMITH"},{"floor":32,"key":"REST"},{"data":"Defragment","floor":40,"key":"SMITH"},{"data":"Loop","floor":46,"key":"SMITH"},{"data":"Echo Form","floor":49,"key":"SMITH"}],"neow_cost":"NONE","seed_source_timestamp":874283279352800,"circlet_count":0,"master_deck":["Defend_B","Defend_B","Defend_B","Zap+1","Ball Lightning+1","Streamline+1","Beam Cell+1","Undo+1","Sunder+1","Leap","Creative AI+1","Turbo","Echo Form","Heatsinks+1","Loop+1","Coolheaded","Echo Form+1","Streamline+1","Ball Lightning+1","Coolheaded+1","BootSequence","Defragment+1","Double Energy+1","Creative AI","Glacier+1","Cold Snap+1","Coolheaded+1"],"relics":["Cracked Core","Pen Nib","Singing Bowl","Regal Pillow","Happy Flower","Nuclear Battery","Pear","Bag of Preparation","Oddly Smooth Stone","Ginger","Turnip","PreservedInsect","Astrolabe","GremlinMask","Whetstone","Pocketwatch"],"potions_floor_usage":[12,18,23,33,37,50,50],"damage_taken":[{"damage":2,"enemies":"2 Louse","floor":1,"turns":3},{"damage":0,"enemies":"Small Slimes","floor":4,"turns":2},{"damage":6,"enemies":"Jaw Worm","floor":5,"turns":2},{"damage":0,"enemies":"Lagavulin","floor":6,"turns":5},{"damage":13,"enemies":"3 Sentries","floor":7,"turns":6},{"damage":0,"enemies":"Blue Slaver","floor":11,"turns":1},{"damage":1,"enemies":"3 Sentries","floor":12,"turns":4},{"damage":0,"enemies":"Large Slime","floor":14,"turns":2},{"damage":23,"enemies":"Hexaghost","floor":16,"turns":7},{"damage":14,"enemies":"Spheric Guardian","floor":18,"turns":4},{"damage":5,"enemies":"2 Thieves","floor":19,"turns":2},{"damage":16,"enemies":"Slavers","floor":23,"turns":5},{"damage":9,"enemies":"Gremlin Leader","floor":27,"turns":4},{"damage":8,"enemies":"Sentry and Sphere","floor":30,"turns":4},{"damage":0,"enemies":"Cultist and Chosen","floor":31,"turns":5},{"damage":18,"enemies":"Collector","floor":33,"turns":9},{"damage":0,"enemies":"3 Shapes","floor":35,"turns":5},{"damage":20,"enemies":"3 Darklings","floor":37,"turns":6},{"damage":0,"enemies":"Sphere and 2 Shapes","floor":39,"turns":7},{"damage":0,"enemies":"Reptomancer","floor":44,"turns":5},{"damage":0,"enemies":"4 Shapes","floor":47,"turns":5},{"damage":0,"enemies":"Jaw Worm Horde","floor":48,"turns":4},{"damage":12,"enemies":"Awakened One","floor":50,"turns":20}],"seed_played":"5294255512157732866","potions_obtained":[{"floor":0,"key":"Block Potion"},{"floor":0,"key":"SneckoOil"},{"floor":0,"key":"GamblersBrew"},{"floor":6,"key":"SkillPotion"},{"floor":12,"key":"SneckoOil"},{"floor":16,"key":"SteroidPotion"},{"floor":23,"key":"GamblersBrew"},{"floor":27,"key":"Weak Potion"},{"floor":33,"key":"Explosive Potion"},{"floor":35,"key":"SkillPotion"}],"is_trial":false,"path_per_floor":["M","$","?","M","M","E","?","R","T","R","M","E","R","M","R","B",null,"M","M","?","?","$","E","R","?","T","E","?","$","M","M","R","B",null,"M","?","M","$","M","R","?","$","T","E","$","R","M","M","R","B",null],"character_chosen":"DEFECT","items_purchased":["Streamline","Bag of Preparation","Oddly Smooth Stone","Coolheaded","Defragment","Ancient Potion","Dexterity Potion"],"campfire_rested":1,"item_purchase_floors":[2,22,22,29,38,38,42],"current_hp_per_floor":[73,73,58,58,52,52,41,41,41,41,41,40,40,40,40,17,77,63,60,70,53,53,39,39,39,39,30,30,30,24,26,71,53,100,100,100,82,82,82,82,82,82,82,82,82,82,82,82,82,70],"gold":63,"neow_bonus":"THREE_SMALL_POTIONS","is_prod":false,"is_daily":false,"chose_seed":false,"campfire_upgraded":8,"win_rate":0,"timestamp":1567169752,"path_taken":["M","$","?","M","M","E","?","R","T","R","M","E","R","M","R","BOSS","M","M","?","?","$","E","R","?","T","E","?","$","?","M","R","BOSS","M","?","M","?","M","R","?","$","T","E","$","R","?","M","R","BOSS"],"build_version":"2019-07-17","purchased_purges":2,"victory":true,"max_hp_per_floor":[75,75,75,75,75,75,77,77,77,77,77,77,77,77,77,77,77,77,79,89,94,94,96,96,96,96,96,96,96,98,100,100,100,100,100,100,102,102,102,102,102,102,102,102,102,102,102,102,102,102],"card_choices":[{"not_picked":["Barrage","Leap"],"picked":"Ball Lightning","floor":1},{"not_picked":["Streamline","Go for the Eyes"],"picked":"Beam Cell","floor":4},{"not_picked":["Sweeping Beam","Go for the Eyes"],"picked":"Undo","floor":5},{"not_picked":["Compile Driver","Meteor Strike"],"picked":"Sunder","floor":6},{"not_picked":["Barrage","Gash","Melter"],"picked":"Singing Bowl","floor":7},{"not_picked":["Static Discharge","Redo"],"picked":"Leap","floor":11},{"not_picked":["Hyperbeam","Beam Cell"],"picked":"Creative AI","floor":12},{"not_picked":["Barrage","Streamline"],"picked":"Turbo","floor":14},{"not_picked":["Meteor Strike","Seek"],"picked":"Echo Form","floor":16},{"not_picked":["Rebound","Barrage"],"picked":"Heatsinks+1","floor":18},{"not_picked":["Ball Lightning","Streamline","Turbo"],"picked":"Singing Bowl","floor":19},{"not_picked":["Beam Cell+1","Lockon","Turbo"],"picked":"Singing Bowl","floor":23},{"not_picked":["Reboot","Creative AI"],"picked":"Loop","floor":27},{"not_picked":["Reprogram","Compile Driver","Steam Power+1"],"picked":"Singing Bowl","floor":30},{"not_picked":["Turbo","Steam","Compile Driver"],"picked":"Singing Bowl","floor":31},{"not_picked":["Thunder Strike","Reboot"],"picked":"Echo Form","floor":33},{"not_picked":["Conserve Battery+1","Tempest"],"picked":"BootSequence","floor":35},{"not_picked":["Steam","FTL","Stack"],"picked":"Singing Bowl","floor":37},{"not_picked":["Chill","Streamline+1"],"picked":"Double Energy+1","floor":39},{"not_picked":["Buffer","Genetic Algorithm+1"],"picked":"Glacier+1","floor":44},{"not_picked":["Barrage","Hologram+1"],"picked":"Cold Snap+1","floor":47},{"not_picked":["Rip and Tear+1","Gash+1"],"picked":"Coolheaded+1","floor":48}],"player_experience":286911,"relics_obtained":[{"floor":6,"key":"Pen Nib"},{"floor":7,"key":"Singing Bowl"},{"floor":9,"key":"Regal Pillow"},{"floor":12,"key":"Happy Flower"},{"floor":23,"key":"Ginger"},{"floor":26,"key":"Turnip"},{"floor":27,"key":"PreservedInsect"},{"floor":43,"key":"Whetstone"},{"floor":44,"key":"Pocketwatch"}],"event_choices":[{"damage_healed":0,"gold_gain":0,"player_choice":"Entered Light","damage_taken":15,"max_hp_gain":0,"max_hp_loss":0,"event_name":"Shining Light","floor":3,"gold_loss":0,"cards_upgraded":["Streamline","Strike_B"]},{"damage_healed":0,"gold_gain":30,"player_choice":"Searched \u00272\u0027 times","damage_taken":0,"max_hp_gain":0,"max_hp_loss":0,"event_name":"Dead Adventurer","floor":7,"gold_loss":0},{"damage_healed":0,"gold_gain":0,"player_choice":"Opened","damage_taken":0,"relics_obtained":["Pear"],"max_hp_gain":0,"max_hp_loss":0,"event_name":"The Mausoleum","floor":20,"gold_loss":0,"cards_obtained":["Writhe"]},{"damage_healed":0,"gold_gain":0,"player_choice":"Shed Blood","damage_taken":22,"max_hp_gain":5,"max_hp_loss":0,"event_name":"Forgotten Altar","floor":21,"gold_loss":0},{"damage_healed":0,"gold_gain":99,"player_choice":"Stole From Cult","damage_taken":0,"max_hp_gain":0,"max_hp_loss":0,"event_name":"Nest","floor":25,"gold_loss":0},{"cards_removed":["Writhe"],"damage_healed":0,"gold_gain":0,"player_choice":"Removed Curses","damage_taken":0,"max_hp_gain":0,"max_hp_loss":0,"event_name":"Fountain of Cleansing","floor":28,"gold_loss":0},{"damage_healed":0,"gold_gain":0,"player_choice":"Trade","damage_taken":0,"relics_obtained":["GremlinMask"],"max_hp_gain":0,"max_hp_loss":0,"event_name":"FaceTrader","floor":36,"gold_loss":0},{"damage_healed":0,"gold_gain":0,"cards_transformed":["Dualcast"],"player_choice":"Transformed","damage_taken":0,"max_hp_gain":0,"max_hp_loss":0,"event_name":"Transmorgrifier","floor":41,"gold_loss":0,"cards_obtained":["Creative AI"]}],"is_beta":false,"boss_relics":[{"not_picked":["Empty Cage","Pandora\u0027s Box"],"picked":"Nuclear Battery"},{"not_picked":["Snecko Eye","Tiny House"],"picked":"Astrolabe"}],"items_purged_floors":[2,29],"is_endless":false,"potions_floor_spawned":[6,7,12,16,23,27,31,33,35,47],"ascension_level":0}