{"gold_per_floor":[117,136,150,16,16,16,29,29,29,41,41,72,88,120,120,120],"floor_reached":16,"playtime":646,"items_purged":["Strike_G"],"score":224,"play_id":"f7d5dc62-e50c-4df4-a33b-ff956da6b70f","local_time":"20190612120833","is_ascension_mode":true,"campfire_choices":[{"data":"Poisoned Stab","floor":6,"key":"SMITH"},{"data":"Predator","floor":8,"key":"SMITH"},{"data":"Crippling Poison","floor":15,"key":"SMITH"}],"neow_cost":"NONE","seed_source_timestamp":1361558108826300,"circlet_count":0,"master_deck":["AscendersBane","Defend_G","Defend_G","Defend_G","Defend_G","Defend_G","Strike_G","Strike_G+1","Strike_G+1","Strike_G","Survivor","Neutralize+1","Cloak And Dagger","Poisoned Stab+1","Sucker Punch","PiercingWail","Predator+1","Well Laid Plans","Crippling Poison+1","Deflect"],"relics":["Ring of the Snake","Singing Bowl","Whetstone","Happy Flower"],"potions_floor_usage":[14,14],"damage_taken":[{"damage":1,"enemies":"2 Louse","floor":1,"turns":3},{"damage":0,"enemies":"Cultist","floor":2,"turns":4},{"damage":0,"enemies":"Small Slimes","floor":3,"turns":4},{"damage":0,"enemies":"Blue Slaver","floor":7,"turns":5},{"damage":16,"enemies":"3 Louse","floor":10,"turns":4},{"damage":29,"enemies":"3 Sentries","floor":12,"turns":10},{"damage":6,"enemies":"Exordium Thugs","floor":13,"turns":4},{"damage":7,"enemies":"Gremlin Nob","floor":14,"turns":4},{"damage":37,"enemies":"Slime Boss","floor":16,"turns":9}],"seed_played":"1504366668227425003","potions_obtained":[{"floor":1,"key":"GamblersBrew"},{"floor":3,"key":"SpeedPotion"}],"is_trial":false,"path_per_floor":["M","M","M","$","?","R","M","R","T","M","?","E","M","E","R","B"],"character_chosen":"THE_SILENT","items_purchased":["PiercingWail"],"campfire_rested":0,"item_purchase_floors":[4],"current_hp_per_floor":[64,64,64,64,64,64,64,64,64,48,72,43,37,32,32,0],"gold":120,"neow_bonus":"TEN_PERCENT_HP_BONUS","is_prod":false,"is_daily":false,"chose_seed":false,"campfire_upgraded":3,"win_rate":0,"timestamp":1560355713,"path_taken":["M","M","M","$","?","R","M","R","T","?","?","E","M","E","R","BOSS"],"build_version":"2019-01-23","purchased_purges":1,"victory":false,"max_hp_per_floor":[72,72,72,72,72,72,72,72,72,72,72,72,72,74,74,74],"card_choices":[{"not_picked":["Reflex","Finisher"],"picked":"Cloak And Dagger","floor":1},{"not_picked":["Acrobatics","Accuracy"],"picked":"Poisoned Stab","floor":2},{"not_picked":["Masterful Stab","Acrobatics"],"picked":"Sucker Punch","floor":3},{"not_picked":["Riddle With Holes","Tactician"],"picked":"Predator","floor":7},{"not_picked":["Blade Dance","Accuracy"],"picked":"Well Laid Plans","floor":10},{"not_picked":["Bullet Time","Flying Knee"],"picked":"Crippling Poison","floor":12},{"not_picked":["Predator","Cloak And Dagger"],"picked":"Deflect","floor":13},{"not_picked":["Accuracy","Dagger Throw","Flying Knee"],"picked":"Singing Bowl","floor":14}],"player_experience":1165220,"relics_obtained":[{"floor":9,"key":"Singing Bowl"},{"floor":12,"key":"Whetstone"},{"floor":14,"key":"Happy Flower"}],"event_choices":[{"damage_healed":0,"gold_gain":0,"player_choice":"Upgraded","damage_taken":0,"max_hp_gain":0,"max_hp_loss":0,"event_name":"Upgrade Shrine","floor":5,"gold_loss":0,"cards_upgraded":["Neutralize"]},{"damage_healed":24,"gold_gain":0,"player_choice":"Banana","damage_taken":0,"max_hp_gain":0,"max_hp_loss":0,"event_name":"Big Fish","floor":11,"gold_loss":0}],"is_beta":false,"boss_relics":[],"items_purged_floors":[4],"is_endless":false,"potions_floor_spawned":[1,3,13],"killed_by":"Slime Boss","ascension_level":20}