{"gold_per_floor":[117,136,213,213,1,1,15,26,26,26,42,77,95,127,127,205,205,225,225,41,61,73,73,104,128,140,184,196,243,288,310,322,408,420,447,470,532,559,585,597,626,653,665,697,722,734,759,786,798,810,822,834,846,63,97,97],"floor_reached":57,"playtime":2448,"items_purged":["Strike_R","Strike_R"],"score":2789,"play_id":"934a823b-4955-49e1-b0cb-0fa6996fb1eb","local_time":"20190827191650","is_ascension_mode":true,"campfire_choices":[{"data":"1","floor":6.0,"key":"LIFT"},{"data":"2","floor":15.0,"key":"LIFT"},{"data":"3","floor":23.0,"key":"LIFT"},{"data":"Limit Break","floor":32.0,"key":"SMITH"},{"floor":40.0,"key":"RECALL"},{"data":"Armaments","floor":46.0,"key":"SMITH"},{"data":"Battle Trance","floor":49.0,"key":"SMITH"},{"data":"Battle Trance","floor":53.0,"key":"SMITH"}],"neow_cost":"NONE","seed_source_timestamp":204862087504800,"circlet_count":0,"master_deck":["AscendersBane","Strike_R","Strike_R","Strike_R","Defend_R","Defend_R","Defend_R","Defend_R","Bash","Flame Barrier","Clothesline","Pommel Strike","Heavy Blade+1","Heavy Blade","Battle Trance+1","Shockwave","Limit Break+1","Reaper","Heavy Blade+1","Battle Trance+1","Pummel","Whirlwind","True Grit","Armaments+1","Corruption","Offering","Feel No Pain","Fiend Fire","Shrug It Off","Offering"],"special_seed":0,"relics":["Burning Blood","Orichalcum","Girya","Pen Nib","Shuriken","Letter Opener","Vajra","Mark of Pain","MawBank","Paper Frog","Thread and Needle","Red Mask","Red Skull","Coffee Dripper","Centennial Puzzle","Charon\u0027s Ashes","Bottled Tornado"],"potions_floor_usage":[56,56],"damage_taken":[{"damage":5.0,"enemies":"Cultist","floor":1.0,"turns":4.0},{"damage":11.0,"enemies":"Jaw Worm","floor":2.0,"turns":5.0},{"damage":1.0,"enemies":"Small Slimes","floor":7.0,"turns":3.0},{"damage":5.0,"enemies":"Looter","floor":8.0,"turns":3.0},{"damage":4.0,"enemies":"Red Slaver","floor":11.0,"turns":3.0},{"damage":0.0,"enemies":"3 Sentries","floor":12.0,"turns":8.0},{"damage":9.0,"enemies":"Exordium Thugs","floor":13.0,"turns":4.0},{"damage":18.0,"enemies":"Lagavulin","floor":14.0,"turns":7.0},{"damage":11.0,"enemies":"The Guardian","floor":16.0,"turns":7.0},{"damage":0.0,"enemies":"3 Byrds","floor":18.0,"turns":2.0},{"damage":0.0,"enemies":"Spheric Guardian","floor":21.0,"turns":3.0},{"damage":2.0,"enemies":"3 Cultists","floor":22.0,"turns":4.0},{"damage":27.0,"enemies":"Gremlin Leader","floor":24.0,"turns":5.0},{"damage":0.0,"enemies":"Snecko","floor":25.0,"turns":2.0},{"damage":13.0,"enemies":"Slavers","floor":27.0,"turns":4.0},{"damage":0.0,"enemies":"Masked Bandits","floor":29.0,"turns":3.0},{"damage":0.0,"enemies":"Gremlin Leader","floor":30.0,"turns":3.0},{"damage":0.0,"enemies":"Cultist and Chosen","floor":31.0,"turns":5.0},{"damage":73.0,"enemies":"Automaton","floor":33.0,"turns":8.0},{"damage":6.0,"enemies":"Orb Walker","floor":35.0,"turns":1.0},{"damage":5.0,"enemies":"3 Darklings","floor":36.0,"turns":6.0},{"damage":6.0,"enemies":"Jaw Worm Horde","floor":38.0,"turns":2.0},{"damage":6.0,"enemies":"Sphere and 2 Shapes","floor":39.0,"turns":4.0},{"damage":26.0,"enemies":"Maw","floor":41.0,"turns":5.0},{"damage":28.0,"enemies":"Transient","floor":42.0,"turns":6.0},{"damage":31.0,"enemies":"Spire Growth","floor":44.0,"turns":4.0},{"damage":7.0,"enemies":"3 Darklings","floor":45.0,"turns":5.0},{"damage":15.0,"enemies":"Jaw Worm Horde","floor":47.0,"turns":3.0},{"damage":37.0,"enemies":"Writhing Mass","floor":48.0,"turns":6.0},{"damage":42.0,"enemies":"Donu and Deca","floor":50.0,"turns":7.0},{"damage":40.0,"enemies":"Time Eater","floor":51.0,"turns":4.0},{"damage":47,"enemies":"Shield and Spear","floor":55,"turns":5},{"damage":60,"enemies":"The Heart","floor":56,"turns":6}],"seed_played":"-7028644665566509561","potions_obtained":[{"floor":1.0,"key":"EssenceOfSteel"},{"floor":2.0,"key":"FearPotion"},{"floor":12.0,"key":"Weak Potion"},{"floor":21.0,"key":"LiquidBronze"},{"floor":27.0,"key":"GamblersBrew"},{"floor":30.0,"key":"Explosive Potion"},{"floor":35.0,"key":"BloodPotion"},{"floor":38.0,"key":"PowerPotion"}],"is_trial":false,"path_per_floor":["M","M","?","?","$","R","M","M","T","?","M","E","M","E","R","B",null,"M","?","$","M","M","R","E","M","T","E","?","?","E","M","R","B",null,"M","M","?","M","M","R","M","M","T","M","M","R","M","M","R","B","B",null,"R","$","E","B",null],"character_chosen":"IRONCLAD","items_purchased":["Pen Nib","Pommel Strike","Fruit Juice","Centennial Puzzle","Dexterity Potion","Charon\u0027s Ashes","Offering"],"campfire_rested":0,"item_purchase_floors":[5,5,20,54,54,54,54],"current_hp_per_floor":[69,64,64,53,53,53,58,59,59,59,61,67,64,52,52,47,68,74,74,74,80,80,80,59,77,77,80,80,80,80,80,80,41,70,70,80,80,80,80,80,78,56,56,31,41,41,70,54,54,77,43,71,71,71,54,30],"gold":97,"neow_bonus":"RANDOM_COMMON_RELIC","is_prod":false,"is_daily":false,"chose_seed":false,"campfire_upgraded":4,"win_rate":0,"timestamp":1566947810,"path_taken":["M","?","?","?","$","R","M","M","T","?","M","E","?","E","R","BOSS","M","?","$","M","M","R","E","?","T","E","?","?","E","?","R","BOSS","M","M","?","M","M","R","?","M","T","M","?","R","M","M","R","BOSS","BOSS","R","$","E","BOSS"],"build_version":"2019-07-17","purchased_purges":2,"victory":true,"max_hp_per_floor":[75,75,75,75,75,75,75,75,75,75,75,75,75,75,75,75,75,75,75,75,80,80,80,80,80,80,80,80,80,80,80,80,80,80,80,80,80,80,80,80,80,80,80,80,80,80,80,80,80,80,80,80,80,80,80,80],"card_choices":[{"not_picked":["Entrench","Corruption"],"picked":"Flame Barrier","floor":1.0},{"not_picked":["True Grit","Heavy Blade"],"picked":"Clothesline","floor":2.0},{"not_picked":["Shrug It Off","Metallicize"],"picked":"Heavy Blade","floor":7.0},{"not_picked":["Clash","Infernal Blade"],"picked":"Heavy Blade","floor":8.0},{"not_picked":["Intimidate","Rage","Warcry"],"picked":"SKIP","floor":11.0},{"not_picked":["Shrug It Off","Pommel Strike"],"picked":"Battle Trance","floor":12.0},{"not_picked":["Blood for Blood","Perfected Strike"],"picked":"Shockwave","floor":13.0},{"not_picked":["Pummel","Havoc"],"picked":"Limit Break","floor":14.0},{"not_picked":["Barricade","Impervious"],"picked":"Reaper","floor":16.0},{"not_picked":["Rupture","Headbutt","Iron Wave"],"picked":"SKIP","floor":18.0},{"not_picked":["Evolve","Clash+1"],"picked":"Battle Trance","floor":21.0},{"not_picked":["Havoc","Pommel Strike","True Grit"],"picked":"SKIP","floor":22.0},{"not_picked":["Clothesline","Flex"],"picked":"Pummel","floor":24.0},{"not_picked":["Perfected Strike","Clash"],"picked":"Whirlwind","floor":25.0},{"not_picked":["Demon Form","Clothesline"],"picked":"True Grit","floor":27.0},{"not_picked":["Fire Breathing","Thunderclap"],"picked":"Corruption","floor":30.0},{"not_picked":["Headbutt","Juggernaut","Intimidate"],"picked":"SKIP","floor":31.0},{"not_picked":["Exhume","Juggernaut"],"picked":"Offering","floor":33.0},{"not_picked":["True Grit","Carnage"],"picked":"Feel No Pain","floor":35.0},{"not_picked":["Battle Trance","Rage","True Grit"],"picked":"SKIP","floor":36.0},{"not_picked":["Cleave+1","Bloodletting+1","Twin Strike"],"picked":"SKIP","floor":38.0},{"not_picked":["Body Slam+1","Flex"],"picked":"Fiend Fire","floor":39.0},{"not_picked":["Infernal Blade","Body Slam","Rupture+1"],"picked":"SKIP","floor":41.0},{"not_picked":["Whirlwind","Twin Strike","Armaments"],"picked":"SKIP","floor":42.0},{"not_picked":["Perfected Strike+1","Clash","Flex"],"picked":"SKIP","floor":44.0},{"not_picked":["Clothesline+1","Dual Wield"],"picked":"Shrug It Off","floor":45.0},{"not_picked":["Reckless Charge+1","Iron Wave+1","Armaments"],"picked":"SKIP","floor":47.0},{"not_picked":["Battle Trance","Thunderclap","Wild Strike"],"picked":"SKIP","floor":48.0},{"not_picked":["Heavy Blade","Anger","Reckless Charge+1"],"picked":"SKIP","floor":55}],"player_experience":1517548,"relics_obtained":[{"floor":9.0,"key":"Shuriken"},{"floor":12.0,"key":"Letter Opener"},{"floor":14.0,"key":"Vajra"},{"floor":24.0,"key":"MawBank"},{"floor":26.0,"key":"Paper Frog"},{"floor":27.0,"key":"Thread and Needle"},{"floor":29.0,"key":"Red Mask"},{"floor":30.0,"key":"Red Skull"},{"floor":55,"key":"Bottled Tornado"}],"event_choices":[{"damage_healed":0.0,"max_hp_gain":0.0,"max_hp_loss":0.0,"gold_gain":77.0,"event_name":"Golden Wing","player_choice":"Gained Gold","floor":3.0,"gold_loss":0.0,"damage_taken":0.0},{"damage_healed":0.0,"max_hp_gain":0.0,"max_hp_loss":0.0,"gold_gain":0.0,"event_name":"Scrap Ooze","player_choice":"Success","floor":4.0,"gold_loss":0.0,"damage_taken":11.0,"relics_obtained":["Girya"]},{"damage_healed":0.0,"max_hp_gain":0.0,"max_hp_loss":0.0,"gold_gain":0.0,"event_name":"Accursed Blacksmith","player_choice":"Forge","floor":10.0,"gold_loss":0.0,"damage_taken":0.0,"cards_upgraded":["Heavy Blade"]},{"damage_healed":0.0,"max_hp_gain":0.0,"max_hp_loss":0.0,"gold_gain":0.0,"event_name":"Duplicator","player_choice":"Copied","floor":19.0,"gold_loss":0.0,"damage_taken":0.0,"cards_obtained":["Heavy Blade"]},{"damage_healed":0.0,"max_hp_gain":0.0,"max_hp_loss":0.0,"gold_gain":0.0,"event_name":"The Library","player_choice":"Read","floor":28.0,"gold_loss":0.0,"damage_taken":0.0,"cards_obtained":["Armaments"]},{"damage_healed":0.0,"max_hp_gain":0.0,"max_hp_loss":0.0,"gold_gain":0.0,"event_name":"Masked Bandits","player_choice":"Fought Bandits","floor":29.0,"gold_loss":0.0,"damage_taken":0.0},{"damage_healed":0.0,"max_hp_gain":0.0,"max_hp_loss":0.0,"gold_gain":50.0,"event_name":"Golden Shrine","player_choice":"Pray","floor":37.0,"gold_loss":0.0,"damage_taken":0.0}],"is_beta":false,"boss_relics":[{"not_picked":["Black Star","Astrolabe"],"picked":"Mark of Pain"},{"not_picked":["Black Blood","Runic Dome"],"picked":"Coffee Dripper"}],"items_purged_floors":[20,54],"is_endless":false,"potions_floor_spawned":[1,2,7,12,21,27,29,30,35,36,38,44,45,55],"ascension_level":20}