{"gold_per_floor":[112,187,187,205,220,220,252,252,252,252,264,264,292,311,311,311],"floor_reached":16,"playtime":559,"items_purged":[],"score":220,"play_id":"f71079eb-e876-4e56-9040-73a52ec36a96","local_time":"20190710173202","is_ascension_mode":true,"campfire_choices":[{"data":"Beam Cell","floor":6,"key":"SMITH"},{"floor":8,"key":"REST"},{"data":"Dualcast","floor":10,"key":"SMITH"},{"floor":15,"key":"REST"}],"neow_cost":"NONE","seed_source_timestamp":77539353672000,"circlet_count":0,"master_deck":["AscendersBane","Strike_B","Strike_B","Strike_B+1","Defend_B","Defend_B","Defend_B+1","Defend_B","Zap+1","Dualcast+1","Compile Driver","Beam Cell+1","Conserve Battery","Cold Snap","Coolheaded","Hologram"],"relics":["Cracked Core","Blue Candle","Cables","Gremlin Horn"],"potions_floor_usage":[7,13],"damage_taken":[{"damage":2,"enemies":"Jaw Worm","floor":1,"turns":3},{"damage":0,"enemies":"2 Louse","floor":4,"turns":2},{"damage":0,"enemies":"Small Slimes","floor":5,"turns":2},{"damage":28,"enemies":"3 Sentries","floor":7,"turns":6},{"damage":6,"enemies":"Blue Slaver","floor":11,"turns":2},{"damage":6,"enemies":"Lagavulin","floor":13,"turns":5},{"damage":0,"enemies":"2 Fungi Beasts","floor":14,"turns":2},{"damage":28,"enemies":"The Guardian","floor":16,"turns":12}],"seed_played":"-930020620492912165","potions_obtained":[{"floor":4,"key":"Energy Potion"},{"floor":5,"key":"FocusPotion"},{"floor":11,"key":"Poison Potion"}],"is_trial":false,"path_per_floor":["M","?","?","M","M","R","E","R","T","R","M","?","E","M","R","B"],"character_chosen":"DEFECT","items_purchased":[],"campfire_rested":2,"item_purchase_floors":[],"current_hp_per_floor":[62,51,44,44,44,44,16,37,37,37,31,10,4,4,25,0],"gold":311,"neow_bonus":"UPGRADE_CARD","is_prod":false,"is_daily":false,"chose_seed":false,"campfire_upgraded":2,"win_rate":0,"timestamp":1562794322,"path_taken":["M","?","?","M","M","R","E","R","T","R","M","?","E","M","R","BOSS"],"build_version":"2019-07-05","purchased_purges":0,"victory":false,"max_hp_per_floor":[71,71,71,71,71,71,71,71,71,71,71,71,71,71,71,71],"card_choices":[{"not_picked":["Hello World","Consume"],"picked":"Compile Driver","floor":1},{"not_picked":["Force Field","Hologram"],"picked":"Beam Cell","floor":4},{"not_picked":["White Noise","Leap"],"picked":"Conserve Battery","floor":5},{"not_picked":["FTL","Consume"],"picked":"Cold Snap","floor":7},{"not_picked":["Lockon","Meteor Strike"],"picked":"Coolheaded","floor":11},{"not_picked":["Leap","Stack"],"picked":"Hologram","floor":13},{"not_picked":["Beam Cell","Gash","Redo"],"picked":"SKIP","floor":14}],"player_experience":1330429,"relics_obtained":[{"floor":7,"key":"Blue Candle"},{"floor":9,"key":"Cables"},{"floor":13,"key":"Gremlin Horn"}],"event_choices":[{"damage_healed":0,"gold_gain":75,"player_choice":"Gather Gold","damage_taken":11,"max_hp_gain":0,"max_hp_loss":0,"event_name":"World of Goop","floor":2,"gold_loss":0},{"cards_removed":["Strike_B"],"damage_healed":0,"gold_gain":0,"player_choice":"Card Removal","damage_taken":7,"max_hp_gain":0,"max_hp_loss":0,"event_name":"Golden Wing","floor":3,"gold_loss":0},{"damage_healed":0,"gold_gain":0,"player_choice":"Entered Light","damage_taken":21,"max_hp_gain":0,"max_hp_loss":0,"event_name":"Shining Light","floor":12,"gold_loss":0,"cards_upgraded":["Defend_B","Strike_B"]}],"is_beta":false,"boss_relics":[],"items_purged_floors":[],"is_endless":false,"potions_floor_spawned":[4,5,11],"killed_by":"The Guardian","ascension_level":20}