{"gold_per_floor":[118,129,89,99,114,140,140,168,168,181,14,14,46,63,63,165,165,185,100,23,23,23,23,41,41,65,77,77,77,96,108,108,208,208,220,237,248,259,184,210,210,226,226,257,270,270,283,318,318,318],"floor_reached":51,"playtime":3954,"items_purged":["Meteor Strike"],"score":761,"play_id":"2948d0ad-6894-46f3-8343-48ba2111a4f8","local_time":"20190721210302","is_ascension_mode":false,"campfire_choices":[{"data":"Barrage","floor":7.0,"key":"SMITH"},{"data":"Apotheosis","floor":12.0,"key":"SMITH"},{"data":"Capacitor","floor":15.0,"key":"SMITH"},{"data":"Defragment","floor":23.0,"key":"SMITH"},{"data":"Creative AI","floor":29.0,"key":"SMITH"},{"data":"Machine Learning","floor":32.0,"key":"SMITH"},{"floor":41.0,"key":"REST"},{"floor":46.0,"key":"REST"},{"floor":49.0,"key":"REST"}],"neow_cost":"NONE","seed_source_timestamp":140154232821399,"circlet_count":0,"master_deck":["Zap+1","Dualcast","Barrage+1","Capacitor+1","Cold Snap","Coolheaded","Streamline","Apotheosis+1","Hello World","Creative AI+1","Conserve Battery+1","Defragment+1","Melter","Coolheaded","Darkness","Machine Learning+1","Coolheaded","Echo Form","Gash","Blizzard","Undo","Skim","Undo","Thunder Strike","Force Field+1","Turbo+1","Echo Form","Loop+1","Coolheaded","Loop","Reinforced Body+1","Leap+1"],"special_seed":0,"relics":["Cracked Core","Dream Catcher","Oddly Smooth Stone","Bag of Preparation","Bottled Lightning","Velvet Choker","Pear","DataDisk","Pandora\u0027s Box","Cables","Molten Egg 2","Frozen Egg 2"],"potions_floor_usage":[50],"damage_taken":[{"damage":0.0,"enemies":"2 Louse","floor":1.0,"turns":1.0},{"damage":0.0,"enemies":"Cultist","floor":2.0,"turns":3.0},{"damage":0.0,"enemies":"Jaw Worm","floor":4.0,"turns":1.0},{"damage":6.0,"enemies":"3 Louse","floor":5.0,"turns":2.0},{"damage":18.0,"enemies":"3 Sentries","floor":6.0,"turns":7.0},{"damage":10.0,"enemies":"Lagavulin","floor":8.0,"turns":7.0},{"damage":0.0,"enemies":"Large Slime","floor":10.0,"turns":6.0},{"damage":5.0,"enemies":"3 Sentries","floor":13.0,"turns":6.0},{"damage":9.0,"enemies":"Exordium Thugs","floor":14.0,"turns":3.0},{"damage":13.0,"enemies":"The Guardian","floor":16.0,"turns":9.0},{"damage":0.0,"enemies":"Spheric Guardian","floor":18.0,"turns":4.0},{"damage":9.0,"enemies":"2 Thieves","floor":24.0,"turns":4.0},{"damage":12.0,"enemies":"Snake Plant","floor":27.0,"turns":4.0},{"damage":1.0,"enemies":"Shelled Parasite and Fungi","floor":30.0,"turns":5.0},{"damage":6.0,"enemies":"3 Cultists","floor":31.0,"turns":6.0},{"damage":12.0,"enemies":"Automaton","floor":33.0,"turns":9.0},{"damage":0.0,"enemies":"3 Shapes","floor":35.0,"turns":6.0},{"damage":5.0,"enemies":"3 Darklings","floor":36.0,"turns":6.0},{"damage":12.0,"enemies":"Transient","floor":37.0,"turns":5.0},{"damage":0.0,"enemies":"Sphere and 2 Shapes","floor":38.0,"turns":5.0},{"damage":26.0,"enemies":"Reptomancer","floor":40.0,"turns":6.0},{"damage":7.0,"enemies":"3 Darklings","floor":42.0,"turns":6.0},{"damage":13.0,"enemies":"Giant Head","floor":44.0,"turns":10.0},{"damage":0.0,"enemies":"Maw","floor":45.0,"turns":7.0},{"damage":8.0,"enemies":"Jaw Worm Horde","floor":47.0,"turns":6.0},{"damage":45.0,"enemies":"Reptomancer","floor":48.0,"turns":8.0},{"damage":30,"enemies":"Awakened One","floor":50,"turns":40}],"seed_played":"6997504106391675559","potions_obtained":[{"floor":3.0,"key":"AttackPotion"},{"floor":3.0,"key":"SmokeBomb"},{"floor":3.0,"key":"FearPotion"},{"floor":4.0,"key":"Fire Potion"},{"floor":6.0,"key":"FocusPotion"},{"floor":8.0,"key":"Regen Potion"},{"floor":13.0,"key":"Weak Potion"},{"floor":16.0,"key":"Regen Potion"},{"floor":27.0,"key":"LiquidBronze"},{"floor":36.0,"key":"LiquidBronze"},{"floor":40.0,"key":"Fire Potion"},{"floor":45.0,"key":"GamblersBrew"},{"floor":47.0,"key":"SkillPotion"},{"floor":48.0,"key":"SpeedPotion"}],"is_trial":false,"path_per_floor":["M","M","?","M","M","E","R","E","T","M","$","R","E","M","R","B",null,"M","?","$","?","?","R","M","$","T","M","?","R","M","M","R","B",null,"M","M","M","M","$","E","R","M","T","E","M","R","M","E","R","B",null],"character_chosen":"DEFECT","items_purchased":["Apotheosis","Defragment"],"campfire_rested":3,"item_purchase_floors":[11,20],"current_hp_per_floor":[75,75,75,75,69,51,51,41,41,56,56,56,51,42,42,29,75,75,85,85,85,85,85,81,81,81,69,85,85,84,78,78,66,85,85,80,68,68,68,42,67,60,60,47,47,72,64,19,44,14],"gold":318,"neow_bonus":"UPGRADE_CARD","is_prod":false,"is_daily":false,"chose_seed":false,"campfire_upgraded":6,"win_rate":0,"timestamp":1563710582,"path_taken":["M","M","?","M","?","E","R","E","T","M","$","R","E","M","R","BOSS","M","?","$","?","?","R","?","?","T","M","?","R","M","M","R","BOSS","M","M","M","M","?","E","R","?","T","E","M","R","M","E","R","BOSS"],"build_version":"2019-07-17","purchased_purges":1,"victory":true,"max_hp_per_floor":[75,75,75,75,75,75,75,75,75,75,75,75,75,75,75,75,75,75,85,85,85,85,85,85,85,85,85,85,85,85,85,85,85,85,85,85,85,85,85,85,85,85,85,85,85,85,85,85,85,85],"card_choices":[{"not_picked":["Turbo","Storm","Redo"],"picked":"SKIP","floor":1.0},{"not_picked":["Steam","Gash"],"picked":"Barrage","floor":2.0},{"not_picked":["Coolheaded","Streamline"],"picked":"Capacitor","floor":4.0},{"not_picked":["Gash","Leap"],"picked":"Cold Snap","floor":5.0},{"not_picked":["Scrape","Hologram"],"picked":"Coolheaded","floor":6.0},{"not_picked":["Chaos","Heatsinks"],"picked":"Streamline","floor":8.0},{"not_picked":["Gash","Redo","Beam Cell"],"picked":"SKIP","floor":10.0},{"not_picked":["Cold Snap","Thunder Strike"],"picked":"Hello World","floor":13.0},{"not_picked":["Redo","Turbo","Rip and Tear"],"picked":"SKIP","floor":14.0},{"not_picked":["Rainbow","Fission"],"picked":"Creative AI","floor":16.0},{"not_picked":["Rebound","Static Discharge"],"picked":"Conserve Battery+1","floor":18.0},{"not_picked":["Go for the Eyes","Stack"],"picked":"Coolheaded","floor":24.0},{"not_picked":["Ball Lightning","Sweeping Beam+1"],"picked":"Darkness","floor":27.0},{"not_picked":["Chaos","Stack"],"picked":"Machine Learning","floor":30.0},{"not_picked":["Compile Driver","Steam+1"],"picked":"Coolheaded","floor":31.0},{"not_picked":["All For One","Biased Cognition"],"picked":"Echo Form","floor":33.0},{"not_picked":["Storm","Doom and Gloom+1","Steam"],"picked":"SKIP","floor":35.0},{"not_picked":["Stack","Lockon"],"picked":"Force Field+1","floor":36.0},{"not_picked":["Sweeping Beam+1","Skim+1"],"picked":"Turbo+1","floor":37.0},{"not_picked":["Turbo","Steam+1"],"picked":"Echo Form","floor":38.0},{"not_picked":["Conserve Battery","Cold Snap"],"picked":"Loop+1","floor":40.0},{"not_picked":["Redo","Genetic Algorithm+1","Blizzard+1"],"picked":"SKIP","floor":42.0},{"not_picked":["Turbo+1","Sunder"],"picked":"Coolheaded","floor":44.0},{"not_picked":["Self Repair","Biased Cognition","Blizzard+1"],"picked":"SKIP","floor":45.0},{"not_picked":["Self Repair+1","Steam+1"],"picked":"Loop","floor":46.0},{"not_picked":["Cold Snap+1","FTL+1"],"picked":"Reinforced Body+1","floor":47.0},{"not_picked":["Fusion","Turbo"],"picked":"Leap+1","floor":48.0}],"player_experience":100350,"relics_obtained":[{"floor":6.0,"key":"Dream Catcher"},{"floor":8.0,"key":"Oddly Smooth Stone"},{"floor":9.0,"key":"Bag of Preparation"},{"floor":13.0,"key":"Bottled Lightning"},{"floor":26.0,"key":"DataDisk"},{"floor":40.0,"key":"Cables"},{"floor":44.0,"key":"Molten Egg 2"},{"floor":48.0,"key":"Frozen Egg 2"}],"event_choices":[{"damage_healed":0.0,"max_hp_gain":0.0,"max_hp_loss":0.0,"gold_gain":0.0,"event_name":"The Woman in Blue","player_choice":"Bought 3 Potions","floor":3.0,"gold_loss":0.0,"damage_taken":0.0},{"damage_healed":0.0,"max_hp_gain":0.0,"max_hp_loss":0.0,"gold_gain":0.0,"event_name":"Addict","player_choice":"Obtained Relic","floor":19.0,"gold_loss":85.0,"damage_taken":0.0,"relics_obtained":["Pear"]},{"damage_healed":0.0,"max_hp_gain":0.0,"max_hp_loss":0.0,"gold_gain":0.0,"event_name":"Cursed Tome","player_choice":"Ignored","floor":21.0,"gold_loss":0.0,"damage_taken":0.0},{"damage_healed":0.0,"max_hp_gain":0.0,"max_hp_loss":0.0,"gold_gain":0.0,"cards_transformed":["Strike_B"],"event_name":"Transmorgrifier","player_choice":"Transformed","floor":22.0,"gold_loss":0.0,"damage_taken":0.0,"cards_obtained":["Melter"]},{"damage_healed":16.0,"max_hp_gain":0.0,"max_hp_loss":0.0,"gold_gain":0.0,"event_name":"Wheel of Change","player_choice":"Full Heal","floor":28.0,"gold_loss":0.0,"damage_taken":0.0}],"is_beta":false,"boss_relics":[{"not_picked":["White Beast Statue","Cursed Key"],"picked":"Velvet Choker"},{"not_picked":["Lizard Tail","Nuclear Battery"],"picked":"Pandora\u0027s Box"}],"items_purged_floors":[39],"is_endless":false,"potions_floor_spawned":[4,6,8,13,16,18,27,31,35,36,40,45,47,48],"ascension_level":0}