{"gold_per_floor":[118,118,134,144,160,160,85,115,115,138,138,151,16,32,32,106,106,121,24,44,62,36,36,71,88,88,88,103,103,103,18,18,18],"floor_reached":33,"playtime":2142,"items_purged":["Pain"],"score":492,"play_id":"edb228a2-76a5-423d-b69a-256ec08428a8","local_time":"20190831190718","is_ascension_mode":true,"campfire_choices":[{"floor":6,"key":"REST"},{"data":"Armaments","floor":11,"key":"SMITH"},{"data":"Bash","floor":15,"key":"SMITH"},{"floor":23,"key":"REST"},{"data":"Entrench","floor":27,"key":"SMITH"},{"data":"Double Tap","floor":32,"key":"SMITH"}],"neow_cost":"NONE","seed_source_timestamp":187172670394400,"circlet_count":0,"master_deck":["AscendersBane","Defend_R","Defend_R","Defend_R","Defend_R","Bash+1","Armaments+1","Flex","Iron Wave","Entrench+1","Rampage","Immolate","Fiend Fire","Impervious","Searing Blow","Headbutt","Ghostly Armor+1","Shrug It Off","Dropkick","Warcry+1","Double Tap+1","Bite","Bite","Bite","Bite","Bite"],"relics":["Burning Blood","WarpedTongs","Mango","Bottled Lightning","Bag of Preparation","Sozu","Shuriken","Paper Frog","Red Skull"],"potions_floor_usage":[8,16,16,24],"damage_taken":[{"damage":13,"enemies":"Jaw Worm","floor":1,"turns":4},{"damage":9,"enemies":"Cultist","floor":3,"turns":4},{"damage":10,"enemies":"Small Slimes","floor":4,"turns":4},{"damage":27,"enemies":"Exordium Wildlife","floor":5,"turns":6},{"damage":21,"enemies":"3 Sentries","floor":8,"turns":9},{"damage":14,"enemies":"Red Slaver","floor":12,"turns":4},{"damage":4,"enemies":"Looter","floor":14,"turns":3},{"damage":37,"enemies":"The Guardian","floor":16,"turns":14},{"damage":29,"enemies":"2 Thieves","floor":18,"turns":4},{"damage":14,"enemies":"Shell Parasite","floor":20,"turns":5},{"damage":10,"enemies":"Snecko","floor":21,"turns":4},{"damage":7,"enemies":"Gremlin Leader","floor":24,"turns":6},{"damage":9,"enemies":"Centurion and Healer","floor":25,"turns":8},{"damage":23,"enemies":"3 Cultists","floor":28,"turns":5},{"damage":92,"enemies":"Champ","floor":33,"turns":12}],"seed_played":"247338213567783651","potions_obtained":[{"floor":3,"key":"Explosive Potion"},{"floor":8,"key":"Fire Potion"},{"floor":14,"key":"Block Potion"},{"floor":16,"key":"Strength Potion"}],"is_trial":false,"path_per_floor":["M","?","M","M","M","R","?","E","T","T","R","M","$","M","R","B",null,"M","$","M","M","$","R","E","M","T","R","M","?","?","?","R","B"],"character_chosen":"IRONCLAD","items_purchased":["Immolate","Headbutt","Shrug It Off"],"campfire_rested":2,"item_purchase_floors":[13,19,22],"current_hp_per_floor":[61,61,58,54,33,55,55,54,54,54,54,46,46,48,48,17,71,48,48,40,36,36,62,61,58,58,58,41,41,41,41,41,0],"gold":18,"neow_bonus":"THREE_CARDS","is_prod":false,"is_daily":false,"chose_seed":false,"campfire_upgraded":4,"win_rate":0,"timestamp":1567246038,"path_taken":["M","?","M","M","?","R","?","E","T","?","R","M","$","?","R","BOSS","M","$","M","M","$","R","E","M","T","R","M","?","?","?","R","BOSS"],"build_version":"2019-07-17","purchased_purges":1,"victory":false,"max_hp_per_floor":[75,75,75,75,75,75,75,89,89,89,89,89,89,89,89,89,89,89,89,89,89,89,89,89,89,89,89,89,89,62,62,62,62],"card_choices":[{"not_picked":["Twin Strike","Metallicize"],"picked":"Armaments","floor":0},{"not_picked":["True Grit","Wild Strike"],"picked":"Flex","floor":1},{"not_picked":["Flex","Blood for Blood"],"picked":"Iron Wave","floor":3},{"not_picked":["Iron Wave","Rampage"],"picked":"Entrench","floor":4},{"not_picked":["Searing Blow","Bloodletting","Iron Wave"],"picked":"SKIP","floor":5},{"not_picked":["Flex","Warcry"],"picked":"Rampage","floor":8},{"not_picked":["Flex","Clash","Anger"],"picked":"SKIP","floor":12},{"not_picked":["Dual Wield","Headbutt"],"picked":"Fiend Fire","floor":14},{"not_picked":["Immolate","Berserk"],"picked":"Impervious","floor":16},{"not_picked":["Sword Boomerang","Power Through"],"picked":"Searing Blow","floor":18},{"not_picked":["Uppercut","Heavy Blade","Cleave"],"picked":"SKIP","floor":20},{"not_picked":["Heavy Blade","Clothesline"],"picked":"Ghostly Armor+1","floor":21},{"not_picked":["Anger","Combust","Pommel Strike"],"picked":"SKIP","floor":24},{"not_picked":["Pommel Strike","Headbutt"],"picked":"Dropkick","floor":25},{"not_picked":["Heavy Blade","Thunderclap"],"picked":"Warcry+1","floor":28}],"player_experience":522732,"relics_obtained":[{"floor":8,"key":"Mango"},{"floor":9,"key":"Bottled Lightning"},{"floor":10,"key":"Bag of Preparation"},{"floor":24,"key":"Shuriken"},{"floor":26,"key":"Paper Frog"}],"event_choices":[{"damage_healed":0,"gold_gain":0,"player_choice":"Rummage","damage_taken":0,"relics_obtained":["WarpedTongs"],"max_hp_gain":0,"max_hp_loss":0,"event_name":"Accursed Blacksmith","floor":2,"gold_loss":0,"cards_obtained":["Pain"]},{"damage_healed":0,"gold_gain":0,"player_choice":"Left Gold","damage_taken":0,"max_hp_gain":0,"max_hp_loss":0,"event_name":"World of Goop","floor":7,"gold_loss":75},{"damage_healed":0,"gold_gain":0,"player_choice":"Read","damage_taken":0,"max_hp_gain":0,"max_hp_loss":0,"event_name":"The Library","floor":29,"gold_loss":0,"cards_obtained":["Double Tap"]},{"damage_healed":0,"gold_gain":0,"player_choice":"Became a vampire","damage_taken":0,"max_hp_gain":0,"max_hp_loss":27,"event_name":"Vampires","floor":30,"gold_loss":0,"cards_obtained":["Bite","Bite","Bite","Bite","Bite"]},{"damage_healed":0,"gold_gain":0,"player_choice":"Obtained Relic","damage_taken":0,"relics_obtained":["Red Skull"],"max_hp_gain":0,"max_hp_loss":0,"event_name":"Addict","floor":31,"gold_loss":85}],"is_beta":false,"boss_relics":[{"not_picked":["Lizard Tail","Runic Dome"],"picked":"Sozu"}],"items_purged_floors":[19],"is_endless":false,"potions_floor_spawned":[3,8,14,16,18,28],"killed_by":"Champ","ascension_level":15}