{"gold_per_floor":[109,122,134,134,8,8,42,117,117,92,124,136,136,155,155,251,251,264,189,189,205,205,205,231,247,247,247,4,4,14,14,14,109,109,121,121,71,86,86,86,112,112,112,146,21,48,48,68,68,68],"floor_reached":51,"playtime":3080,"items_purged":["Strike_R","Strike_R","Carnage"],"score":833,"play_id":"834d80a8-1b4d-4bc2-b0e7-517176bd1c7c","local_time":"20190602222050","is_ascension_mode":false,"campfire_choices":[{"data":"Bash","floor":6.0,"key":"SMITH"},{"data":"Inflame","floor":13.0,"key":"SMITH"},{"data":"Armaments","floor":15.0,"key":"SMITH"},{"data":"True Grit","floor":23,"key":"SMITH"},{"data":"Feel No Pain","floor":27,"key":"SMITH"},{"data":"Inflame","floor":32,"key":"SMITH"},{"data":"Juggernaut","floor":40,"key":"SMITH"},{"data":"True Grit","floor":42,"key":"SMITH"},{"data":"Flame Barrier","floor":49,"key":"SMITH"}],"neow_cost":"","seed_source_timestamp":1386780696578010,"circlet_count":0,"master_deck":["Defend_R+1","Defend_R+1","Defend_R+1","Bash+1","Inflame+1","Power Through","Shrug It Off","Sword Boomerang","True Grit+1","True Grit+1","Inflame+1","Armaments+1","Reaper","Armaments+1","Bloodletting+1","Battle Trance+1","Flame Barrier+1","Feel No Pain+1","Juggernaut+1","Disarm+1","Master of Strategy","Magnetism","Finesse","Inflame+1","Battle Trance+1","Shrug It Off+1","Shrug It Off+1"],"special_seed":0,"relics":["Burning Blood","Mummified Hand","Blood Vial","Mango","Astrolabe","Dodecahedron","Thread and Needle","Bottled Lightning","Sundial","Bronze Scales","Spirit Poop","Runic Dome","Anchor","Shuriken","Torii","Self Forming Clay","Bag of Preparation","NlothsMask"],"potions_floor_usage":[24,33,50,50,50],"damage_taken":[{"damage":9.0,"enemies":"Jaw Worm","floor":1.0,"turns":5.0},{"damage":1.0,"enemies":"2 Louse","floor":2.0,"turns":3.0},{"damage":7.0,"enemies":"Small Slimes","floor":3.0,"turns":3.0},{"damage":23.0,"enemies":"Lagavulin","floor":7.0,"turns":7.0},{"damage":16.0,"enemies":"3 Sentries","floor":11.0,"turns":10.0},{"damage":5.0,"enemies":"Gremlin Gang","floor":12.0,"turns":5.0},{"damage":0.0,"enemies":"3 Louse","floor":14.0,"turns":3.0},{"damage":10.0,"enemies":"The Guardian","floor":16.0,"turns":13.0},{"damage":29,"enemies":"3 Byrds","floor":18,"turns":10},{"damage":22,"enemies":"2 Thieves","floor":21,"turns":4},{"damage":38,"enemies":"Slavers","floor":24,"turns":10},{"damage":6,"enemies":"Snake Plant","floor":25,"turns":7},{"damage":3,"enemies":"Shelled Parasite and Fungi","floor":30,"turns":5},{"damage":11,"enemies":"Champ","floor":33,"turns":23},{"damage":0,"enemies":"3 Shapes","floor":35,"turns":4},{"damage":3,"enemies":"Orb Walker","floor":38,"turns":3},{"damage":14,"enemies":"Nemesis","floor":41,"turns":6},{"damage":9,"enemies":"Giant Head","floor":44,"turns":6},{"damage":6,"enemies":"Nemesis","floor":46,"turns":5},{"damage":0,"enemies":"Transient","floor":48,"turns":5},{"damage":1,"enemies":"Awakened One","floor":50,"turns":13}],"seed_played":"-155817661557514610","potions_obtained":[{"floor":1.0,"key":"Ancient Potion"},{"floor":3.0,"key":"PowerPotion"},{"floor":7.0,"key":"AttackPotion"},{"floor":12.0,"key":"SpeedPotion"},{"floor":24,"key":"AttackPotion"},{"floor":38,"key":"Poison Potion"},{"floor":46,"key":"LiquidBronze"}],"is_trial":false,"path_per_floor":["M","M","M","?","$","R","E","?","T","$","E","M","R","M","R","B",null,"M","?","T","M","?","R","E","M","T","R","$","?","M","?","R","B",null,"M","?","?","M","?","R","E","R","T","E","$","E","?","M","R","B",null],"character_chosen":"IRONCLAD","items_purchased":["Shrug It Off","True Grit","Bronze Scales"],"campfire_rested":0,"item_purchase_floors":[5,10,28],"current_hp_per_floor":[77,80,79,84,84,84,67,56,56,56,62,65,65,73,73,71,99,83,83,83,84,84,84,66,75,75,75,75,75,89,89,89,86,99,99,89,89,99,99,99,91,91,91,99,99,99,99,99,99,99],"gold":68,"neow_bonus":"","is_prod":false,"is_daily":false,"chose_seed":false,"campfire_upgraded":9,"win_rate":0.0,"timestamp":1559481650,"path_taken":["M","M","M","?","?","R","E","?","T","$","E","M","R","M","R","BOSS","M","?","?","M","?","R","E","M","T","R","$","?","?","?","R","BOSS","M","?","?","?","?","R","E","R","T","E","$","E","?","?","R","BOSS"],"build_version":"2019-01-23","purchased_purges":3,"victory":true,"max_hp_per_floor":[80,80,80,85,85,85,85,85,85,85,99,99,99,99,99,99,99,99,99,99,99,99,99,99,99,99,99,99,99,99,99,99,99,99,99,99,99,99,99,99,99,99,99,99,99,99,99,99,99,99],"card_choices":[{"not_picked":["Sever Soul","Pummel"],"picked":"Inflame","floor":1.0},{"not_picked":["Clash","Perfected Strike"],"picked":"Carnage","floor":2.0},{"not_picked":["Hemokinesis","Perfected Strike"],"picked":"Power Through","floor":3.0},{"not_picked":["Thunderclap","Rampage"],"picked":"Sword Boomerang","floor":7.0},{"not_picked":["Brutality","Armaments"],"picked":"True Grit","floor":11.0},{"not_picked":["Hemokinesis","Warcry"],"picked":"Inflame","floor":12.0},{"not_picked":["Burning Pact","Iron Wave"],"picked":"Armaments","floor":14.0},{"not_picked":["Barricade","Dark Embrace"],"picked":"Reaper","floor":16.0},{"not_picked":["Twin Strike","Iron Wave"],"picked":"Battle Trance+1","floor":18},{"not_picked":["Second Wind+1","Rampage+1","Anger+1"],"picked":"SKIP","floor":21},{"not_picked":["Flame Barrier","Sword Boomerang","Twin Strike"],"picked":"SKIP","floor":24},{"not_picked":["Sword Boomerang","Twin Strike"],"picked":"Flame Barrier","floor":24},{"not_picked":["Twin Strike+1","Pommel Strike"],"picked":"Feel No Pain","floor":25},{"not_picked":["Sword Boomerang+1","True Grit","Ghostly Armor"],"picked":"SKIP","floor":30},{"not_picked":["Bludgeon","Fiend Fire"],"picked":"Juggernaut","floor":33},{"not_picked":["Sever Soul","Anger"],"picked":"Disarm+1","floor":35},{"not_picked":["Sadistic Nature","Mind Blast"],"picked":"Master of Strategy","floor":36},{"not_picked":["Swift Strike","Transmutation"],"picked":"Magnetism","floor":36},{"not_picked":["Forethought","PanicButton"],"picked":"Finesse","floor":36},{"not_picked":["Reckless Charge","Perfected Strike"],"picked":"Inflame+1","floor":38},{"not_picked":["Rupture","Cleave","Twin Strike"],"picked":"SKIP","floor":41},{"not_picked":["Clash","Combust"],"picked":"Battle Trance+1","floor":44},{"not_picked":["Armaments+1","Hemokinesis"],"picked":"Shrug It Off+1","floor":46},{"not_picked":["Flex","Clash"],"picked":"Shrug It Off+1","floor":48}],"player_experience":0,"relics_obtained":[{"floor":7.0,"key":"Mummified Hand"},{"floor":9.0,"key":"Blood Vial"},{"floor":11.0,"key":"Mango"},{"floor":20,"key":"Dodecahedron"},{"floor":24,"key":"Bottled Lightning"},{"floor":26,"key":"Sundial"},{"floor":41,"key":"Shuriken"},{"floor":43,"key":"Torii"},{"floor":44,"key":"Self Forming Clay"},{"floor":46,"key":"Bag of Preparation"}],"event_choices":[{"damage_healed":0.0,"max_hp_gain":5.0,"max_hp_loss":0.0,"gold_gain":0.0,"event_name":"Big Fish","player_choice":"Donut","floor":4.0,"gold_loss":0.0,"damage_taken":0.0},{"damage_healed":0.0,"max_hp_gain":0.0,"max_hp_loss":0.0,"gold_gain":75.0,"event_name":"World of Goop","player_choice":"Gather Gold","floor":8.0,"gold_loss":0.0,"damage_taken":11.0},{"cards_removed":["Defend_R"],"damage_healed":0,"gold_gain":0,"player_choice":"Gave Gold","damage_taken":0,"max_hp_gain":0,"max_hp_loss":0,"event_name":"Beggar","floor":19,"gold_loss":75},{"damage_healed":0,"gold_gain":0,"player_choice":"Opened","damage_taken":0,"relics_obtained":["Thread and Needle"],"max_hp_gain":0,"max_hp_loss":0,"event_name":"The Mausoleum","floor":22,"gold_loss":0,"cards_obtained":["Writhe"]},{"cards_removed":["Writhe"],"damage_healed":0,"gold_gain":0,"player_choice":"Offered Curse","damage_taken":0,"relics_obtained":["Spirit Poop"],"max_hp_gain":0,"max_hp_loss":0,"event_name":"Bonfire Elementals","floor":29,"gold_loss":0},{"damage_healed":0,"gold_gain":0,"player_choice":"Simplicity","damage_taken":0,"max_hp_gain":0,"max_hp_loss":0,"event_name":"Back to Basics","floor":31,"gold_loss":0,"cards_upgraded":["Defend_R","Defend_R","Defend_R"]},{"damage_healed":0,"gold_gain":0,"player_choice":"Memory 3","damage_taken":10,"max_hp_gain":0,"max_hp_loss":0,"event_name":"SensoryStone","floor":36,"gold_loss":0},{"damage_healed":0,"gold_gain":0,"player_choice":"Paid Gold","damage_taken":0,"relics_obtained":["Anchor"],"max_hp_gain":0,"max_hp_loss":0,"event_name":"WeMeetAgain","floor":37,"gold_loss":50},{"cards_removed":["Fire Breathing"],"damage_healed":0,"gold_gain":0,"player_choice":"Removed Power","damage_taken":0,"max_hp_gain":0,"max_hp_loss":0,"event_name":"Falling","floor":39,"gold_loss":0},{"damage_healed":0,"gold_gain":0,"player_choice":"Trade","damage_taken":0,"relics_obtained":["NlothsMask"],"max_hp_gain":0,"max_hp_loss":0,"event_name":"FaceTrader","floor":47,"gold_loss":0}],"is_beta":false,"boss_relics":[{"not_picked":["Orrery","Tiny House"],"picked":"Astrolabe"},{"not_picked":["Lizard Tail","Runic Cube"],"picked":"Runic Dome"}],"items_purged_floors":[5,28,45],"is_endless":false,"potions_floor_spawned":[1,3,7,12,24,25,38,44,46],"ascension_level":0}