{"gold_per_floor":[109,109,109,120,132,159,159,189,263,213,18,36,36,48,48,151,151,161,161,79,79,79,79,98,129,129,129,152,163,198,216,216,315,315,325,325,338,338,22,22,50,5,5,5,105,105,5,5,5,5],"floor_reached":51,"playtime":2667,"items_purged":["Strike_R","Strike_R"],"score":767,"play_id":"a4548447-f5b4-4043-8880-cb3f46fde7ac","local_time":"20190820205436","is_ascension_mode":false,"campfire_choices":[{"data":"Bash","floor":7,"key":"SMITH"},{"data":"Metallicize","floor":13,"key":"SMITH"},{"data":"Anger","floor":15,"key":"SMITH"},{"data":"Inflame","floor":23,"key":"SMITH"},{"data":"Feel No Pain","floor":27,"key":"SMITH"},{"data":"Flame Barrier","floor":32,"key":"SMITH"},{"data":"Dual Wield","floor":40,"key":"SMITH"},{"data":"Metallicize","floor":46,"key":"SMITH"},{"data":"Impervious","floor":49,"key":"SMITH"}],"neow_cost":"NONE","seed_source_timestamp":6842517012700,"circlet_count":0,"master_deck":["Strike_R","Defend_R","Defend_R","Defend_R","Defend_R","Bash+1","Clothesline+1","Sword Boomerang","Burning Pact","Anger+1","Reaper","Headbutt","Feel No Pain+1","Flame Barrier","Metallicize+1","Flame Barrier+1","Reaper","Body Slam+1","Writhe","Inflame+1","Impervious+1","Bludgeon","Dual Wield+1","Exhume","Madness","Madness","Jack Of All Trades","Metallicize+1","Warcry","Glacier","Decay"],"relics":["Burning Blood","StoneCalendar","Pen Nib","Sundial","Velvet Choker","Pear","Blood Vial","Mummified Hand","Dream Catcher","Juzu Bracelet","Busted Crown","PrismaticShard","Question Card","Bird Faced Urn"],"potions_floor_usage":[18,30,33,41,41,50,50],"damage_taken":[{"damage":6,"enemies":"2 Louse","floor":1,"turns":2},{"damage":3,"enemies":"Jaw Worm","floor":4,"turns":3},{"damage":0,"enemies":"Small Slimes","floor":5,"turns":5},{"damage":22,"enemies":"Lagavulin","floor":6,"turns":7},{"damage":30,"enemies":"3 Sentries","floor":8,"turns":7},{"damage":9,"enemies":"2 Fungi Beasts","floor":12,"turns":5},{"damage":0,"enemies":"Large Slime","floor":14,"turns":4},{"damage":0,"enemies":"Slime Boss","floor":16,"turns":7},{"damage":17,"enemies":"Spheric Guardian","floor":18,"turns":6},{"damage":1,"enemies":"Shell Parasite","floor":24,"turns":6},{"damage":29,"enemies":"Book of Stabbing","floor":25,"turns":5},{"damage":1,"enemies":"3 Cultists","floor":29,"turns":6},{"damage":7,"enemies":"Slavers","floor":30,"turns":5},{"damage":6,"enemies":"Cultist and Chosen","floor":31,"turns":6},{"damage":60,"enemies":"Champ","floor":33,"turns":17},{"damage":16,"enemies":"Orb Walker","floor":35,"turns":3},{"damage":17,"enemies":"3 Darklings","floor":37,"turns":7},{"damage":52,"enemies":"Reptomancer","floor":41,"turns":7},{"damage":0,"enemies":"Mind Bloom Boss Battle","floor":45,"turns":7},{"damage":78,"enemies":"Donu and Deca","floor":50,"turns":15}],"seed_played":"-6257978500001960458","potions_obtained":[{"floor":6,"key":"GamblersBrew"},{"floor":8,"key":"SkillPotion"},{"floor":16,"key":"Swift Potion"},{"floor":29,"key":"Fire Potion"},{"floor":30,"key":"SkillPotion"},{"floor":33,"key":"SteroidPotion"},{"floor":41,"key":"Weak Potion"}],"is_trial":false,"path_per_floor":["M","?","?","M","M","E","R","E","T","?","$","M","R","M","R","B",null,"M","?","$","?","?","R","M","E","T","R","T","M","E","M","R","B",null,"M","?","M","?","$","R","E","$","T","$","?","R","$","?","R","B",null],"character_chosen":"IRONCLAD","items_purchased":["Feel No Pain","Flame Barrier","Inflame","Metallicize","PrismaticShard","Swift Potion","Warcry"],"campfire_rested":0,"item_purchase_floors":[11,11,20,39,39,39,42],"current_hp_per_floor":[80,80,73,76,80,64,64,48,48,48,48,49,49,63,63,78,80,77,87,87,87,87,87,90,77,77,77,77,90,90,90,90,59,90,90,79,70,60,60,60,28,28,28,28,65,65,65,65,65,45],"gold":5,"neow_bonus":"THREE_CARDS","is_prod":false,"is_daily":false,"chose_seed":false,"campfire_upgraded":9,"win_rate":0,"timestamp":1566302076,"path_taken":["M","?","?","M","M","E","R","E","T","?","$","M","R","M","R","BOSS","M","?","$","?","?","R","M","E","T","R","?","M","E","M","R","BOSS","M","?","M","?","?","R","E","$","T","$","?","R","$","?","R","BOSS"],"build_version":"2019-07-17","purchased_purges":2,"victory":true,"max_hp_per_floor":[80,80,80,80,80,80,80,80,80,80,80,80,80,80,80,80,80,80,90,90,90,90,90,90,90,90,90,90,90,90,90,90,90,90,90,90,90,90,90,90,90,90,90,90,90,90,90,90,90,90],"card_choices":[{"not_picked":["Armaments","Cleave"],"picked":"Clothesline","floor":0},{"not_picked":["Pommel Strike","Clothesline"],"picked":"Sword Boomerang","floor":1},{"not_picked":["Cleave","Warcry"],"picked":"Burning Pact","floor":4},{"not_picked":["True Grit","Sword Boomerang"],"picked":"Anger","floor":5},{"not_picked":["Headbutt","Clash"],"picked":"Reaper","floor":6},{"not_picked":["Pommel Strike","Corruption"],"picked":"Headbutt","floor":8},{"not_picked":["Perfected Strike","Carnage"],"picked":"Metallicize","floor":12},{"not_picked":["Combust","Body Slam"],"picked":"Flame Barrier","floor":14},{"not_picked":["Exhume","Berserk"],"picked":"Reaper","floor":16},{"not_picked":["Armaments","Iron Wave"],"picked":"Body Slam+1","floor":18},{"not_picked":["Ghostly Armor","Flex"],"picked":"Bludgeon","floor":24},{"not_picked":["Bloodletting","Perfected Strike","Intimidate"],"picked":"SKIP","floor":25},{"not_picked":["Combust+1","Wild Strike"],"picked":"Dual Wield","floor":29},{"not_picked":["Twin Strike+1","Sword Boomerang+1","Wild Strike"],"picked":"SKIP","floor":30},{"not_picked":["Seeing Red","Fire Breathing","Iron Wave"],"picked":"SKIP","floor":31},{"not_picked":["Offering","Bludgeon"],"picked":"Exhume","floor":33},{"not_picked":["Anger"],"picked":"SKIP","floor":35},{"not_picked":["Rupture+1"],"picked":"SKIP","floor":37},{"not_picked":[],"picked":"Jack Of All Trades","floor":38},{"not_picked":["Flex+1"],"picked":"SKIP","floor":41},{"not_picked":["Sword Boomerang+1"],"picked":"Glacier","floor":45}],"player_experience":187454,"relics_obtained":[{"floor":6,"key":"StoneCalendar"},{"floor":8,"key":"Pen Nib"},{"floor":9,"key":"Sundial"},{"floor":25,"key":"Blood Vial"},{"floor":26,"key":"Mummified Hand"},{"floor":28,"key":"Dream Catcher"},{"floor":30,"key":"Juzu Bracelet"},{"floor":41,"key":"Question Card"},{"floor":45,"key":"Bird Faced Urn"}],"event_choices":[{"damage_healed":0,"gold_gain":0,"player_choice":"Grow","damage_taken":0,"max_hp_gain":0,"max_hp_loss":0,"event_name":"Living Wall","floor":2,"gold_loss":0,"cards_upgraded":["Clothesline"]},{"cards_removed":["Strike_R"],"damage_healed":0,"gold_gain":0,"player_choice":"Card Removal","damage_taken":7,"max_hp_gain":0,"max_hp_loss":0,"event_name":"Golden Wing","floor":3,"gold_loss":0},{"cards_removed":["Strike_R"],"damage_healed":0,"gold_gain":0,"player_choice":"Card Removal","damage_taken":0,"max_hp_gain":0,"max_hp_loss":0,"event_name":"The Cleric","floor":10,"gold_loss":50},{"damage_healed":0,"gold_gain":0,"player_choice":"Opened","damage_taken":0,"relics_obtained":["Pear"],"max_hp_gain":0,"max_hp_loss":0,"event_name":"The Mausoleum","floor":19,"gold_loss":0,"cards_obtained":["Writhe"]},{"damage_healed":0,"gold_gain":0,"player_choice":"Ignored","damage_taken":0,"max_hp_gain":0,"max_hp_loss":0,"event_name":"Vampires","floor":21,"gold_loss":0},{"damage_healed":0,"gold_gain":0,"player_choice":"Read","damage_taken":0,"max_hp_gain":0,"max_hp_loss":0,"event_name":"The Library","floor":22,"gold_loss":0,"cards_obtained":["Impervious"]},{"damage_healed":0,"gold_gain":0,"player_choice":"Embrace Madness","damage_taken":11,"max_hp_gain":0,"max_hp_loss":0,"event_name":"Winding Halls","floor":36,"gold_loss":0,"cards_obtained":["Madness","Madness"]},{"damage_healed":0,"gold_gain":0,"player_choice":"Memory 3","damage_taken":10,"max_hp_gain":0,"max_hp_loss":0,"event_name":"SensoryStone","floor":38,"gold_loss":0},{"damage_healed":0,"gold_gain":0,"player_choice":"Fight","damage_taken":0,"max_hp_gain":0,"max_hp_loss":0,"event_name":"MindBloom","floor":45,"gold_loss":0},{"damage_healed":0,"gold_gain":0,"player_choice":"Cursed","damage_taken":0,"max_hp_gain":0,"max_hp_loss":0,"event_name":"Wheel of Change","floor":48,"gold_loss":0,"cards_obtained":["Decay"]}],"is_beta":false,"boss_relics":[{"not_picked":["Black Blood","Astrolabe"],"picked":"Velvet Choker"},{"not_picked":["Tiny House","Black Star"],"picked":"Busted Crown"}],"items_purged_floors":[11,47],"is_endless":false,"potions_floor_spawned":[6,8,16,29,30,33,37,41],"ascension_level":0}