{"gold_per_floor":[113,123,138,118,60,60,88,88,114,124,137,137,164,180,180,257,257,273,283,13,13,27,27,77,77],"floor_reached":25,"playtime":1278,"items_purged":[],"score":426,"play_id":"ccc88247-57eb-4fd4-ba88-8b381337b98a","local_time":"20190612201527","is_ascension_mode":true,"campfire_choices":[{"data":"Streamline","floor":6.0,"key":"SMITH"},{"data":"Sunder","floor":8.0,"key":"SMITH"},{"floor":12.0,"key":"REST"},{"data":"Zap","floor":15,"key":"SMITH"},{"data":"Hologram","floor":23,"key":"SMITH"}],"neow_cost":"PERCENT_DAMAGE","seed_source_timestamp":1390120593766700,"circlet_count":0,"master_deck":["AscendersBane","Strike_B+1","Strike_B+1","Strike_B+1","Strike_B+1","Defend_B+1","Defend_B+1","Defend_B+1","Defend_B+1","Zap+1","Dualcast","Streamline+1","Conserve Battery","Sunder+1","Coolheaded","Coolheaded","Auto Shields","Conserve Battery","Meteor Strike","Hologram+1","Sweeping Beam"],"special_seed":0,"relics":["Cracked Core","Art of War","Ancient Tea Set","Oddly Smooth Stone","Busted Crown","Pantograph"],"potions_floor_usage":[13,16,22],"damage_taken":[{"damage":1.0,"enemies":"Cultist","floor":1.0,"turns":3.0},{"damage":0.0,"enemies":"Jaw Worm","floor":2.0,"turns":3.0},{"damage":3.0,"enemies":"Small Slimes","floor":3.0,"turns":3.0},{"damage":19.0,"enemies":"Lagavulin","floor":7.0,"turns":6.0},{"damage":12.0,"enemies":"Looter","floor":10.0,"turns":3.0},{"damage":4.0,"enemies":"Blue Slaver","floor":11.0,"turns":3.0},{"damage":9,"enemies":"Gremlin Nob","floor":13,"turns":3},{"damage":0,"enemies":"Large Slime","floor":14,"turns":3},{"damage":27,"enemies":"The Guardian","floor":16,"turns":12},{"damage":12,"enemies":"2 Thieves","floor":18,"turns":4},{"damage":8,"enemies":"Spheric Guardian","floor":19,"turns":5},{"damage":22,"enemies":"Snake Plant","floor":22,"turns":5},{"damage":42,"enemies":"Gremlin Leader","floor":25,"turns":8}],"seed_played":"-8912456134231034136","potions_obtained":[{"floor":2.0,"key":"LiquidBronze"},{"floor":3.0,"key":"SteroidPotion"},{"floor":4.0,"key":"Swift Potion"},{"floor":11.0,"key":"Weak Potion"},{"floor":19,"key":"Regen Potion"}],"is_trial":false,"path_per_floor":["M","M","M","?","$","R","E","R","T","M","M","R","E","M","R","B",null,"M","M","$","?","M","R","?","E"],"character_chosen":"DEFECT","items_purchased":["Coolheaded","Pantograph"],"campfire_rested":1,"item_purchase_floors":[5,20],"current_hp_per_floor":[59,59,56,56,56,56,37,37,37,25,21,46,37,37,37,10,66,54,46,46,46,38,38,38,0],"gold":77,"neow_bonus":"TWENTY_PERCENT_HP_BONUS","is_prod":false,"is_daily":false,"chose_seed":false,"campfire_upgraded":4,"win_rate":0,"timestamp":1560384927,"path_taken":["M","M","M","?","$","R","E","R","T","M","?","R","E","M","R","BOSS","M","M","$","?","M","R","?","E"],"build_version":"2019-01-23","purchased_purges":0,"victory":false,"max_hp_per_floor":[85,85,85,85,85,85,85,85,85,85,85,85,85,85,85,85,85,85,85,85,85,85,85,85,85],"card_choices":[{"not_picked":["Leap","Aggregate"],"picked":"Streamline","floor":1.0},{"not_picked":["Double Energy","Barrage"],"picked":"Conserve Battery","floor":2.0},{"not_picked":["Compile Driver","Beam Cell"],"picked":"Sunder","floor":3.0},{"not_picked":["Scrape","Barrage","Turbo"],"picked":"SKIP","floor":7.0},{"not_picked":["Sweeping Beam","Skim"],"picked":"Coolheaded","floor":10.0},{"not_picked":["Streamline","Sweeping Beam","Rebound"],"picked":"SKIP","floor":11.0},{"not_picked":["Turbo","Leap"],"picked":"Auto Shields","floor":13},{"not_picked":["Storm","Self Repair"],"picked":"Conserve Battery","floor":14},{"not_picked":["Reboot","Buffer"],"picked":"Meteor Strike","floor":16},{"not_picked":["Force Field"],"picked":"SKIP","floor":18},{"not_picked":[],"picked":"Hologram","floor":19},{"not_picked":[],"picked":"Sweeping Beam","floor":22}],"player_experience":1167108,"relics_obtained":[{"floor":7.0,"key":"Art of War"},{"floor":9.0,"key":"Ancient Tea Set"},{"floor":13,"key":"Oddly Smooth Stone"}],"event_choices":[{"damage_healed":0.0,"max_hp_gain":0.0,"max_hp_loss":0.0,"gold_gain":0.0,"event_name":"The Woman in Blue","player_choice":"Bought 1 Potion","floor":4.0,"gold_loss":0.0,"damage_taken":0.0},{"damage_healed":0,"gold_gain":0,"player_choice":"Simplicity","damage_taken":0,"max_hp_gain":0,"max_hp_loss":0,"event_name":"Back to Basics","floor":21,"gold_loss":0,"cards_upgraded":["Strike_B","Strike_B","Strike_B","Strike_B","Defend_B","Defend_B","Defend_B","Defend_B"]},{"damage_healed":0,"gold_gain":50,"player_choice":"Stole From Cult","damage_taken":0,"max_hp_gain":0,"max_hp_loss":0,"event_name":"Nest","floor":24,"gold_loss":0}],"is_beta":false,"boss_relics":[{"not_picked":["Orrery","Pandora\u0027s Box"],"picked":"Busted Crown"}],"items_purged_floors":[],"is_endless":false,"potions_floor_spawned":[2,3,11,19],"killed_by":"Gremlin Leader","ascension_level":20}