{"gold_per_floor":[111,130,146,198,210,210,242,297,297,331,331,10,10,28,28,105,105,119,119,137,52,69,69,94,94,117,31,31,31,48,63,63,141,141,154,165,165,215,315,315,327,327,327,327,345,357,35,50,50,50,50],"floor_reached":52,"playtime":4155,"items_purged":[],"score":1839,"play_id":"41470368-2de4-470f-bb26-c73cb07e1bcf","local_time":"20190902203821","is_ascension_mode":true,"campfire_choices":[{"data":"Bash","floor":6,"key":"SMITH"},{"data":"Inflame","floor":11,"key":"SMITH"},{"data":"Spot Weakness","floor":13,"key":"SMITH"},{"data":"Burning Pact","floor":15,"key":"SMITH"},{"data":"Limit Break","floor":23,"key":"SMITH"},{"floor":29,"key":"REST"},{"data":"Metallicize","floor":32,"key":"SMITH"},{"data":"Bite","floor":40,"key":"SMITH"},{"data":"Double Tap","floor":44,"key":"SMITH"},{"data":"Bite","floor":49,"key":"SMITH"}],"neow_cost":"NONE","seed_source_timestamp":363415779272500,"circlet_count":0,"master_deck":["AscendersBane","Defend_R","Defend_R","Defend_R","Defend_R","Bash+1","Inflame+1","Clothesline+1","Infernal Blade","Reckless Charge","Headbutt","Spot Weakness+1","Burning Pact+1","Limit Break+1","Ghostly Armor","Sword Boomerang+1","Corruption+1","Bite+1","Bite+1","Bite","Bite","Bite","Feel No Pain","Metallicize+1","Double Tap+1","Ghostly Armor+1","Madness","Madness","Shrug It Off","Impervious","Fiend Fire+1","Shrug It Off"],"relics":["Burning Blood","Orichalcum","Mercury Hourglass","Whetstone","Bottled Flame","Centennial Puzzle","Magic Flower","Runic Pyramid","Vajra","Nunchaku","Juzu Bracelet","Coffee Dripper","Dead Branch","Molten Egg 2"],"potions_floor_usage":[7,10,24,28,50,50],"damage_taken":[{"damage":2,"enemies":"Cultist","floor":1,"turns":4},{"damage":9,"enemies":"2 Louse","floor":2,"turns":4},{"damage":11,"enemies":"Small Slimes","floor":3,"turns":4},{"damage":27,"enemies":"Exordium Wildlife","floor":5,"turns":6},{"damage":12,"enemies":"Gremlin Nob","floor":7,"turns":4},{"damage":23,"enemies":"Lagavulin Event","floor":8,"turns":5},{"damage":18,"enemies":"Lagavulin","floor":10,"turns":4},{"damage":0,"enemies":"Large Slime","floor":14,"turns":4},{"damage":14,"enemies":"Hexaghost","floor":16,"turns":7},{"damage":29,"enemies":"Shell Parasite","floor":18,"turns":4},{"damage":17,"enemies":"Spheric Guardian","floor":20,"turns":4},{"damage":3,"enemies":"Snecko","floor":22,"turns":3},{"damage":41,"enemies":"Book of Stabbing","floor":24,"turns":4},{"damage":0,"enemies":"Colosseum Slavers","floor":28,"turns":1},{"damage":3,"enemies":"Centurion and Healer","floor":30,"turns":6},{"damage":27,"enemies":"Snake Plant","floor":31,"turns":5},{"damage":35,"enemies":"Champ","floor":33,"turns":8},{"damage":6,"enemies":"3 Shapes","floor":35,"turns":4},{"damage":34,"enemies":"3 Darklings","floor":36,"turns":5},{"damage":3,"enemies":"Mind Bloom Boss Battle","floor":39,"turns":7},{"damage":21,"enemies":"4 Shapes","floor":41,"turns":4},{"damage":23,"enemies":"Maw","floor":45,"turns":6},{"damage":11,"enemies":"Writhing Mass","floor":46,"turns":4},{"damage":43,"enemies":"Jaw Worm Horde","floor":48,"turns":5},{"damage":36,"enemies":"Awakened One","floor":50,"turns":10},{"damage":3,"enemies":"Donu and Deca","floor":51,"turns":5}],"seed_played":"469878155754651518","potions_obtained":[{"floor":1,"key":"SpeedPotion"},{"floor":2,"key":"FearPotion"},{"floor":8,"key":"Energy Potion"},{"floor":10,"key":"FearPotion"},{"floor":24,"key":"SmokeBomb"},{"floor":30,"key":"GamblersBrew"},{"floor":39,"key":"Strength Potion"}],"is_trial":false,"path_per_floor":["M","M","M","T","M","R","E","?","T","E","R","$","R","M","R","B",null,"M","?","M","?","M","R","E","?","T","$","?","R","M","M","R","B",null,"M","M","?","?","?","R","M","?","T","R","M","M","$","M","R","B","B",null],"character_chosen":"IRONCLAD","items_purchased":["Magic Flower","Feel No Pain","Impervious","Fiend Fire+1"],"campfire_rested":1,"item_purchase_floors":[12,27,47,47],"current_hp_per_floor":[79,76,71,71,50,50,44,27,27,15,15,15,15,24,24,19,66,46,46,38,38,44,44,12,12,12,12,21,38,57,51,51,43,54,57,56,46,46,57,57,57,57,57,57,46,50,50,31,31,53,57],"gold":50,"neow_bonus":"TEN_PERCENT_HP_BONUS","is_prod":false,"is_daily":false,"chose_seed":false,"campfire_upgraded":9,"win_rate":0,"timestamp":1567424301,"path_taken":["M","M","M","?","M","R","E","?","T","E","R","$","R","M","R","BOSS","M","?","M","?","?","R","E","?","T","$","?","R","M","M","R","BOSS","M","M","?","?","?","R","M","?","T","R","M","M","?","M","R","BOSS","BOSS"],"build_version":"2019-07-17","purchased_purges":0,"victory":true,"max_hp_per_floor":[82,82,82,82,82,82,82,82,82,82,82,82,82,82,82,82,82,82,82,82,82,82,82,82,57,57,57,57,57,57,57,57,57,57,57,57,57,57,57,57,57,57,57,57,57,57,57,57,57,57,57],"card_choices":[{"not_picked":["Twin Strike","Uppercut"],"picked":"Inflame","floor":1},{"not_picked":["Flex","Intimidate"],"picked":"Clothesline","floor":2},{"not_picked":["True Grit","Demon Form"],"picked":"Infernal Blade","floor":3},{"not_picked":["Havoc","Warcry","Dropkick"],"picked":"SKIP","floor":5},{"not_picked":["Wild Strike","Fire Breathing"],"picked":"Reckless Charge","floor":7},{"not_picked":["Dropkick","Flex"],"picked":"Headbutt","floor":8},{"not_picked":["Headbutt","Thunderclap"],"picked":"Spot Weakness","floor":10},{"not_picked":["Anger","True Grit"],"picked":"Burning Pact","floor":14},{"not_picked":["Dark Embrace","Exhume"],"picked":"Limit Break","floor":16},{"not_picked":["Infernal Blade","Inflame"],"picked":"Ghostly Armor","floor":18},{"not_picked":["Warcry","Body Slam"],"picked":"Twin Strike+1","floor":20},{"not_picked":["Perfected Strike","Pommel Strike"],"picked":"Sword Boomerang+1","floor":22},{"not_picked":["Sentinel","Carnage"],"picked":"Corruption+1","floor":24},{"not_picked":["Blood for Blood","Flex","Wild Strike"],"picked":"SKIP","floor":30},{"not_picked":["Iron Wave","Shrug It Off"],"picked":"Metallicize","floor":31},{"not_picked":["Brutality","Demon Form"],"picked":"Double Tap","floor":33},{"not_picked":["True Grit","Searing Blow","Rampage+1"],"picked":"SKIP","floor":35},{"not_picked":["Rupture+1","Entrench+1"],"picked":"Ghostly Armor+1","floor":36},{"not_picked":["Reckless Charge","Uppercut","Rage"],"picked":"SKIP","floor":41},{"not_picked":["Clash+1","Clothesline+1"],"picked":"Shrug It Off","floor":45},{"not_picked":["Bloodletting","Anger+1","Rage"],"picked":"SKIP","floor":46},{"not_picked":["Double Tap","Wild Strike+1"],"picked":"Shrug It Off","floor":48}],"player_experience":578250,"relics_obtained":[{"floor":4,"key":"Orichalcum"},{"floor":7,"key":"Mercury Hourglass"},{"floor":8,"key":"Whetstone"},{"floor":9,"key":"Bottled Flame"},{"floor":10,"key":"Centennial Puzzle"},{"floor":24,"key":"Nunchaku"},{"floor":26,"key":"Juzu Bracelet"},{"floor":39,"key":"Dead Branch"},{"floor":43,"key":"Molten Egg 2"}],"event_choices":[{"damage_healed":0,"gold_gain":0,"player_choice":"Searched \u00271\u0027 times","damage_taken":0,"max_hp_gain":0,"max_hp_loss":0,"event_name":"Dead Adventurer","floor":8,"gold_loss":0},{"damage_healed":0,"gold_gain":0,"player_choice":"Ignored","damage_taken":0,"max_hp_gain":0,"max_hp_loss":0,"event_name":"The Mausoleum","floor":19,"gold_loss":0},{"damage_healed":0,"gold_gain":0,"player_choice":"Obtained Relic","damage_taken":0,"relics_obtained":["Vajra"],"max_hp_gain":0,"max_hp_loss":0,"event_name":"Addict","floor":21,"gold_loss":85},{"damage_healed":0,"gold_gain":0,"player_choice":"Became a vampire","damage_taken":0,"max_hp_gain":0,"max_hp_loss":25,"event_name":"Vampires","floor":25,"gold_loss":0,"cards_obtained":["Bite","Bite","Bite","Bite","Bite"]},{"damage_healed":0,"gold_gain":0,"player_choice":"Fight","damage_taken":0,"max_hp_gain":0,"max_hp_loss":0,"event_name":"Colosseum","floor":28,"gold_loss":0},{"damage_healed":0,"gold_gain":0,"player_choice":"Fled From Nobs","damage_taken":0,"max_hp_gain":0,"max_hp_loss":0,"event_name":"Colosseum","floor":28,"gold_loss":0},{"damage_healed":0,"gold_gain":0,"player_choice":"Embrace Madness","damage_taken":10,"max_hp_gain":0,"max_hp_loss":0,"event_name":"Winding Halls","floor":37,"gold_loss":0,"cards_obtained":["Madness","Madness"]},{"damage_healed":0,"gold_gain":50,"player_choice":"Pray","damage_taken":0,"max_hp_gain":0,"max_hp_loss":0,"event_name":"Golden Shrine","floor":38,"gold_loss":0},{"damage_healed":0,"gold_gain":0,"player_choice":"Fight","damage_taken":0,"max_hp_gain":0,"max_hp_loss":0,"event_name":"MindBloom","floor":39,"gold_loss":0},{"cards_removed":["Twin Strike"],"damage_healed":0,"gold_gain":0,"player_choice":"Purged","damage_taken":0,"max_hp_gain":0,"max_hp_loss":0,"event_name":"Purifier","floor":42,"gold_loss":0}],"is_beta":false,"boss_relics":[{"not_picked":["Runic Dome","Black Star"],"picked":"Runic Pyramid"},{"not_picked":["Mark of Pain","Astrolabe"],"picked":"Coffee Dripper"}],"items_purged_floors":[],"is_endless":false,"potions_floor_spawned":[1,2,8,10,24,28,30,39,48],"ascension_level":20}