{"gold_per_floor":[111,122,19,29,29,29,72,72,72,72,72,88,129,279,279,368,368,393,408,26,26,26,26,53,53,80,80,80,93,121,21,21,95,95,115,32,32,42,92,92,105,105,105,105,136,136,136,149,149,149,149,149,149,37,64,64],"floor_reached":57,"playtime":2646,"items_purged":["Strike_G","Doubt"],"score":2644,"play_id":"fb6bcee3-abf3-4c79-967d-b6cf3160270c","local_time":"20190703181249","is_ascension_mode":true,"campfire_choices":[{"data":"Neutralize","floor":6.0,"key":"SMITH"},{"data":"Noxious Fumes","floor":10.0,"key":"SMITH"},{"data":"Leg Sweep","floor":15.0,"key":"SMITH"},{"data":"Catalyst","floor":23.0,"key":"SMITH"},{"data":"Footwork","floor":25.0,"key":"SMITH"},{"data":"Noxious Fumes","floor":32.0,"key":"SMITH"},{"data":"Wraith Form v2","floor":40.0,"key":"SMITH"},{"floor":42.0,"key":"RECALL"},{"data":"PiercingWail","floor":44.0,"key":"SMITH"},{"data":"Night Terror","floor":46.0,"key":"SMITH"},{"data":"Deflect","floor":49.0,"key":"SMITH"},{"data":"Deflect","floor":53.0,"key":"SMITH"}],"neow_cost":"NONE","seed_source_timestamp":1113446192658300,"circlet_count":0,"master_deck":["AscendersBane","Strike_G","Strike_G","Defend_G","Defend_G","Defend_G","Defend_G","Defend_G","Survivor","Neutralize+1","Poisoned Stab","Deadly Poison","Deadly Poison","Leg Sweep+1","Noxious Fumes+1","Die Die Die","Deflect+1","Tools of the Trade","Noxious Fumes+1","Eviscerate","Catalyst+1","Footwork+1","Crippling Poison","Noxious Fumes","Wraith Form v2+1","PiercingWail+1","Deflect+1","Night Terror+1","Escape Plan+1","Backflip+1"],"special_seed":0,"relics":["Ring of the Snake","Bloody Idol","Regal Pillow","Meat on the Bone","Dream Catcher","Philosopher\u0027s Stone","Tiny Chest","Lee\u0027s Waffle","Snake Skull","Oddly Smooth Stone","Pantograph","Omamori","Coffee Dripper","Mummified Hand","Incense Burner","Orichalcum","Toxic Egg 2","Unceasing Top"],"potions_floor_usage":[56,56],"damage_taken":[{"damage":1.0,"enemies":"Small Slimes","floor":1.0,"turns":5.0},{"damage":15.0,"enemies":"Jaw Worm","floor":2.0,"turns":8.0},{"damage":0.0,"enemies":"2 Louse","floor":4.0,"turns":3.0},{"damage":23.0,"enemies":"Lagavulin","floor":7.0,"turns":8.0},{"damage":0.0,"enemies":"Large Slime","floor":12.0,"turns":6.0},{"damage":21.0,"enemies":"Gremlin Nob","floor":13.0,"turns":4.0},{"damage":19.0,"enemies":"The Guardian","floor":16.0,"turns":10.0},{"damage":7.0,"enemies":"Spheric Guardian","floor":18.0,"turns":5.0},{"damage":27.0,"enemies":"Chosen","floor":19.0,"turns":6.0},{"damage":22.0,"enemies":"Gremlin Leader","floor":24.0,"turns":6.0},{"damage":1.0,"enemies":"Centurion and Healer","floor":29.0,"turns":6.0},{"damage":32.0,"enemies":"Slavers","floor":30.0,"turns":5.0},{"damage":44.0,"enemies":"Automaton","floor":33.0,"turns":7.0},{"damage":7.0,"enemies":"3 Shapes","floor":35.0,"turns":5.0},{"damage":8.0,"enemies":"Orb Walker","floor":38.0,"turns":4.0},{"damage":18.0,"enemies":"2 Orb Walkers","floor":39.0,"turns":5.0},{"damage":7.0,"enemies":"Transient","floor":41.0,"turns":6.0},{"damage":14.0,"enemies":"Giant Head","floor":45.0,"turns":8.0},{"damage":0.0,"enemies":"Spire Growth","floor":48.0,"turns":4.0},{"damage":29.0,"enemies":"Donu and Deca","floor":50.0,"turns":10.0},{"damage":52.0,"enemies":"Time Eater","floor":51.0,"turns":6.0},{"damage":28.0,"enemies":"Shield and Spear","floor":55.0,"turns":9.0},{"damage":63,"enemies":"The Heart","floor":56,"turns":10}],"seed_played":"5182789315198129021","potions_obtained":[{"floor":0.0,"key":"EntropicBrew"},{"floor":0.0,"key":"SteroidPotion"},{"floor":16.0,"key":"Explosive Potion"},{"floor":19.0,"key":"Poison Potion"},{"floor":30.0,"key":"GamblersBrew"},{"floor":39.0,"key":"GhostInAJar"},{"floor":45.0,"key":"Fire Potion"},{"floor":48.0,"key":"SkillPotion"},{"floor":55.0,"key":"Swift Potion"}],"is_trial":false,"path_per_floor":["M","M","$","M","?","R","E","?","T","R","$","M","E","?","R","B",null,"M","M","$","?","?","R","E","R","T","?","T","M","E","$","R","B",null,"M","$","T","M","?","R","M","R","T","R","E","R","T","M","R","B","B",null,"R","$","E","B",null],"character_chosen":"THE_SILENT","items_purchased":["Deadly Poison","Tiny Chest","Noxious Fumes","Lee\u0027s Waffle","GhostInAJar","SpeedPotion","AttackPotion"],"campfire_rested":0,"item_purchase_floors":[3,20,20,20,36,54,54],"current_hp_per_floor":[58,43,43,43,43,43,20,40,40,40,40,40,31,31,31,24,51,44,29,67,67,67,67,50,50,55,55,55,59,44,44,44,40,60,58,58,58,55,42,42,40,40,40,40,43,43,43,48,48,38,23,56,56,56,45,16],"gold":64,"neow_bonus":"THREE_SMALL_POTIONS","is_prod":false,"is_daily":false,"chose_seed":false,"campfire_upgraded":11,"win_rate":0,"timestamp":1562191969,"path_taken":["M","M","$","M","?","R","E","?","T","R","?","M","E","?","R","BOSS","M","M","$","?","?","R","E","R","T","?","?","M","E","$","R","BOSS","M","$","?","M","?","R","M","R","T","R","E","R","?","?","R","BOSS","BOSS","R","$","E","BOSS"],"build_version":"2019-07-01","purchased_purges":2,"victory":true,"max_hp_per_floor":[66,66,66,66,60,60,60,60,60,60,60,60,60,60,60,60,60,60,60,67,67,67,67,67,67,67,67,67,67,67,67,67,67,67,67,67,67,67,67,67,67,67,67,67,67,67,67,67,67,67,67,67,67,67,67,67],"card_choices":[{"not_picked":["Escape Plan","Dagger Spray"],"picked":"Poisoned Stab","floor":1.0},{"not_picked":["Slice","Choke"],"picked":"Deadly Poison","floor":2.0},{"not_picked":["Flechettes","Cloak And Dagger"],"picked":"Leg Sweep","floor":4.0},{"not_picked":["Flying Knee","Dagger Throw"],"picked":"Noxious Fumes","floor":7.0},{"not_picked":["All Out Attack","Acrobatics"],"picked":"Die Die Die","floor":12.0},{"not_picked":["Riddle With Holes","Underhanded Strike"],"picked":"Deflect","floor":13.0},{"not_picked":["Storm of Steel","Unload"],"picked":"Tools of the Trade","floor":16.0},{"not_picked":["Dodge and Roll","Masterful Stab","Outmaneuver"],"picked":"SKIP","floor":18.0},{"not_picked":["Blade Dance","Bane","All Out Attack"],"picked":"SKIP","floor":19.0},{"not_picked":["Dagger Throw","PiercingWail"],"picked":"Footwork","floor":24.0},{"not_picked":["Underhanded Strike","Poisoned Stab"],"picked":"Crippling Poison","floor":29.0},{"not_picked":["Outmaneuver","Caltrops"],"picked":"Noxious Fumes","floor":30.0},{"not_picked":["Night Terror","Die Die Die"],"picked":"Wraith Form v2","floor":33.0},{"not_picked":["Bane+1","Slice+1","Flying Knee+1"],"picked":"SKIP","floor":35.0},{"not_picked":["Terror","Skewer+1","Bane+1"],"picked":"SKIP","floor":38.0},{"not_picked":["Blur","Quick Slash"],"picked":"PiercingWail","floor":39.0},{"not_picked":["Flechettes","Calculated Gamble"],"picked":"Deflect","floor":41.0},{"not_picked":["Riddle With Holes","Deadly Poison+1"],"picked":"Night Terror","floor":45.0},{"not_picked":["Noxious Fumes","Blade Dance+1"],"picked":"Escape Plan+1","floor":48.0},{"not_picked":["Poisoned Stab+1","Predator"],"picked":"Backflip+1","floor":55.0}],"player_experience":1267448,"relics_obtained":[{"floor":7.0,"key":"Regal Pillow"},{"floor":9.0,"key":"Meat on the Bone"},{"floor":13.0,"key":"Dream Catcher"},{"floor":24.0,"key":"Snake Skull"},{"floor":26.0,"key":"Oddly Smooth Stone"},{"floor":28.0,"key":"Pantograph"},{"floor":30.0,"key":"Omamori"},{"floor":37.0,"key":"Mummified Hand"},{"floor":39.0,"key":"Incense Burner"},{"floor":45.0,"key":"Orichalcum"},{"floor":47.0,"key":"Toxic Egg 2"},{"floor":55.0,"key":"Unceasing Top"}],"event_choices":[{"damage_healed":0.0,"max_hp_gain":0.0,"max_hp_loss":6.0,"gold_gain":0.0,"event_name":"Golden Idol","player_choice":"Lose Max HP","floor":5.0,"gold_loss":0.0,"damage_taken":0.0,"relics_obtained":["Golden Idol"]},{"damage_healed":20.0,"max_hp_gain":0.0,"max_hp_loss":0.0,"gold_gain":0.0,"event_name":"Big Fish","player_choice":"Banana","floor":8.0,"gold_loss":0.0,"damage_taken":0.0},{"damage_healed":0.0,"max_hp_gain":0.0,"max_hp_loss":0.0,"gold_gain":150.0,"event_name":"Liars Game","player_choice":"AGREE","floor":14.0,"gold_loss":0.0,"damage_taken":0.0,"cards_obtained":["Doubt"]},{"damage_healed":0.0,"max_hp_gain":0.0,"max_hp_loss":0.0,"gold_gain":0.0,"cards_transformed":["Strike_G","Strike_G"],"event_name":"Drug Dealer","player_choice":"Became Test Subject","floor":21.0,"gold_loss":0.0,"damage_taken":0.0,"cards_obtained":["Eviscerate","Catalyst"]},{"damage_healed":0.0,"max_hp_gain":0.0,"max_hp_loss":0.0,"gold_gain":0.0,"event_name":"Forgotten Altar","player_choice":"Gave Idol","floor":22.0,"relics_lost":["Golden Idol"],"gold_loss":0.0,"damage_taken":0.0,"relics_obtained":["Bloody Idol"]},{"damage_healed":0.0,"max_hp_gain":0.0,"max_hp_loss":0.0,"gold_gain":0.0,"event_name":"Vampires","player_choice":"Ignored","floor":27.0,"gold_loss":0.0,"damage_taken":0.0},{"damage_healed":0.0,"max_hp_gain":0.0,"max_hp_loss":0.0,"gold_gain":0.0,"event_name":"Mysterious Sphere","player_choice":"Fight","floor":39.0,"gold_loss":0.0,"damage_taken":0.0}],"is_beta":false,"boss_relics":[{"not_picked":["Ectoplasm","Pandora\u0027s Box"],"picked":"Philosopher\u0027s Stone"},{"not_picked":["Tiny House","Lizard Tail"],"picked":"Coffee Dripper"}],"items_purged_floors":[3,31],"is_endless":false,"potions_floor_spawned":[7,12,16,19,30,39,41,45,48,55],"ascension_level":20}