{"gold_per_floor":[116,116,116,128,19,19,19,19,19,39,50,50,106,186,186,186],"floor_reached":16,"playtime":612,"items_purged":["Defend_B"],"score":98,"play_id":"6e4af4d8-4d03-4c48-80a6-b707eb82ebcc","local_time":"20190826234956","is_ascension_mode":false,"campfire_choices":[{"data":"Sweeping Beam","floor":6,"key":"SMITH"},{"floor":8,"key":"REST"},{"data":"Redo","floor":12,"key":"SMITH"},{"data":"Zap","floor":15,"key":"SMITH"}],"neow_cost":"NONE","seed_source_timestamp":143035308857400,"circlet_count":0,"master_deck":["Strike_B","Strike_B+1","Defend_B","Defend_B","Defend_B","Zap+1","Dualcast+1","White Noise","Glacier","Sweeping Beam+1","Heatsinks","FTL","Redo+1","Redo"],"relics":["Cracked Core","Bottled Lightning","Tiny Chest","Bottled Tornado"],"potions_floor_usage":[],"damage_taken":[{"damage":6,"enemies":"Jaw Worm","floor":1,"turns":4},{"damage":4,"enemies":"Small Slimes","floor":4,"turns":3},{"damage":3,"enemies":"2 Louse","floor":10,"turns":3},{"damage":2,"enemies":"Red Slaver","floor":11,"turns":4},{"damage":1,"enemies":"Lagavulin","floor":13,"turns":5},{"damage":59,"enemies":"The Guardian","floor":16,"turns":13}],"seed_played":"-7390498875004777689","potions_obtained":[{"floor":1,"key":"SteroidPotion"},{"floor":11,"key":"LiquidBronze"}],"is_trial":false,"path_per_floor":["M","?","?","M","$","R","?","R","T","M","M","R","E","T","R","B"],"character_chosen":"DEFECT","items_purchased":["Heatsinks"],"campfire_rested":1,"item_purchase_floors":[5],"current_hp_per_floor":[69,54,54,50,50,50,43,65,65,62,60,60,59,59,59,0],"gold":186,"neow_bonus":"TRANSFORM_CARD","is_prod":false,"is_daily":false,"chose_seed":false,"campfire_upgraded":3,"win_rate":0,"timestamp":1566856196,"path_taken":["M","?","?","M","$","R","?","R","T","M","M","R","E","?","R","BOSS"],"build_version":"2019-07-17","purchased_purges":1,"victory":false,"max_hp_per_floor":[75,75,75,75,75,75,75,75,75,75,75,75,75,75,75,75],"card_choices":[{"not_picked":["Gash","Cold Snap"],"picked":"Glacier","floor":1},{"not_picked":["Buffer","Force Field"],"picked":"Sweeping Beam","floor":4},{"not_picked":["Rebound","Sweeping Beam"],"picked":"FTL","floor":10},{"not_picked":["Coolheaded","Hello World"],"picked":"Redo","floor":11},{"not_picked":["Turbo","Sunder"],"picked":"Redo","floor":13}],"player_experience":369750,"relics_obtained":[{"floor":9,"key":"Bottled Lightning"},{"floor":13,"key":"Tiny Chest"},{"floor":14,"key":"Bottled Tornado"}],"event_choices":[{"damage_healed":0,"gold_gain":0,"player_choice":"Entered Light","damage_taken":15,"max_hp_gain":0,"max_hp_loss":0,"event_name":"Shining Light","floor":2,"gold_loss":0,"cards_upgraded":["Strike_B","Dualcast"]},{"damage_healed":0,"gold_gain":0,"player_choice":"Ignored","damage_taken":0,"max_hp_gain":0,"max_hp_loss":0,"event_name":"Golden Idol","floor":3,"gold_loss":0},{"cards_removed":["Strike_B"],"damage_healed":0,"gold_gain":0,"player_choice":"Card Removal","damage_taken":7,"max_hp_gain":0,"max_hp_loss":0,"event_name":"Golden Wing","floor":7,"gold_loss":0}],"is_beta":false,"boss_relics":[],"items_purged_floors":[5],"is_endless":false,"potions_floor_spawned":[1,11],"killed_by":"The Guardian","ascension_level":0}