{"gold_per_floor":[111,111,64,83,98,98,117,117,141,141,174,190,205,205,205,305,305,318,337,437,437,451,451,451,451,503,542,329,360,371,401,401,499,499,514,514,87,104,155,155,181,27,27,41,68,68,84,84,84,84],"floor_reached":51,"playtime":2505,"items_purged":["Strike_B","Strike_B"],"score":938,"play_id":"eea5bb5d-a8b9-44ec-85fa-950d722870cd","local_time":"20190824201058","is_ascension_mode":false,"campfire_choices":[{"data":"Genetic Algorithm","floor":6.0,"key":"SMITH"},{"data":"Streamline","floor":8.0,"key":"SMITH"},{"data":"Sweeping Beam","floor":10.0,"key":"SMITH"},{"data":"Zap","floor":15.0,"key":"SMITH"},{"data":"Consume","floor":23,"key":"SMITH"},{"data":"Capacitor","floor":25,"key":"SMITH"},{"data":"Beam Cell","floor":32,"key":"SMITH"},{"data":"Loop","floor":40,"key":"SMITH"},{"data":"Defragment","floor":46,"key":"SMITH"},{"data":"Echo Form","floor":49,"key":"SMITH"}],"neow_cost":"NONE","seed_source_timestamp":350014863946900,"circlet_count":0,"master_deck":["Defend_B","Defend_B","Defend_B","Defend_B","Zap+1","Dualcast","Auto Shields","Cold Snap","Sweeping Beam+1","Rebound","Genetic Algorithm+1","Streamline+1","Chill","Coolheaded","Capacitor+1","Echo Form+1","Beam Cell+1","Consume+1","Rip and Tear+1","Darkness","Barrage+1","Loop+1","Compile Driver+1","Electrodynamics","Coolheaded+1","Loop+1","Capacitor+1","Lockon+1","Turbo","Defragment+1","Discovery"],"special_seed":0,"relics":["Cracked Core","Lantern","Juzu Bracelet","Sozu","MawBank","FossilizedHelix","DataDisk","Vajra","Blood Vial","Runic Pyramid","Letter Opener","Torii","Pantograph","Bag of Preparation","The Courier","Bottled Lightning"],"potions_floor_usage":[35,50],"damage_taken":[{"damage":0.0,"enemies":"Small Slimes","floor":1.0,"turns":3.0},{"damage":0.0,"enemies":"Cultist","floor":4.0,"turns":3.0},{"damage":0.0,"enemies":"Jaw Worm","floor":5.0,"turns":3.0},{"damage":3.0,"enemies":"Gremlin Gang","floor":7.0,"turns":5.0},{"damage":15.0,"enemies":"Lagavulin","floor":11.0,"turns":5.0},{"damage":1.0,"enemies":"Large Slime","floor":12.0,"turns":5.0},{"damage":6.0,"enemies":"3 Louse","floor":13.0,"turns":3.0},{"damage":5.0,"enemies":"Slime Boss","floor":16.0,"turns":12.0},{"damage":4.0,"enemies":"Spheric Guardian","floor":18.0,"turns":4.0},{"damage":3.0,"enemies":"Chosen","floor":19.0,"turns":8.0},{"damage":1,"enemies":"Centurion and Healer","floor":22,"turns":8},{"damage":0,"enemies":"Gremlin Leader","floor":27,"turns":7},{"damage":0,"enemies":"Book of Stabbing","floor":29,"turns":6},{"damage":6,"enemies":"Shelled Parasite and Fungi","floor":30,"turns":8},{"damage":0,"enemies":"Gremlin Leader","floor":31,"turns":7},{"damage":0,"enemies":"Automaton","floor":33,"turns":11},{"damage":0,"enemies":"3 Darklings","floor":35,"turns":5},{"damage":0,"enemies":"3 Shapes","floor":38,"turns":3},{"damage":28,"enemies":"2 Orb Walkers","floor":39,"turns":4},{"damage":6,"enemies":"Nemesis","floor":41,"turns":5},{"damage":0,"enemies":"Writhing Mass","floor":44,"turns":7},{"damage":0,"enemies":"Reptomancer","floor":45,"turns":7},{"damage":0,"enemies":"3 Darklings","floor":47,"turns":3},{"damage":11,"enemies":"Donu and Deca","floor":50,"turns":7}],"seed_played":"-814417627678828532","potions_obtained":[{"floor":2.0,"key":"SteroidPotion"},{"floor":2.0,"key":"Weak Potion"},{"floor":2.0,"key":"LiquidBronze"},{"floor":7.0,"key":"Block Potion"}],"is_trial":false,"path_per_floor":["M","?","$","M","M","R","M","R","T","R","E","M","M","?","R","B",null,"M","M","?","?","M","R","?","R","T","E","$","E","M","E","R","B",null,"M","?","$","M","?","R","E","$","T","M","E","R","M","?","R","B",null],"character_chosen":"DEFECT","items_purchased":["Sweeping Beam","DataDisk","Loop","Letter Opener","Bag of Preparation"],"campfire_rested":0,"item_purchase_floors":[3,28,37,37,42],"current_hp_per_floor":[75,75,75,75,75,75,72,72,72,72,57,56,50,50,50,45,75,71,68,68,68,67,67,67,67,67,67,67,67,61,61,61,63,75,75,71,71,71,43,43,39,39,39,41,43,43,45,45,45,60],"gold":84,"neow_bonus":"THREE_CARDS","is_prod":false,"is_daily":false,"chose_seed":false,"campfire_upgraded":10,"win_rate":0,"timestamp":1566645058,"path_taken":["M","?","?","?","M","R","M","R","T","R","E","M","M","?","R","BOSS","M","M","?","?","M","R","?","R","T","E","$","E","M","E","R","BOSS","M","?","$","M","?","R","E","$","T","M","E","R","M","?","R","BOSS"],"build_version":"2019-07-17","purchased_purges":2,"victory":true,"max_hp_per_floor":[75,75,75,75,75,75,75,75,75,75,75,75,75,75,75,75,75,75,75,75,75,75,75,75,75,75,75,75,75,75,75,75,75,75,75,71,71,71,71,71,71,71,71,71,71,71,71,71,71,71],"card_choices":[{"not_picked":["Storm","Turbo"],"picked":"Auto Shields","floor":0.0},{"not_picked":["Beam Cell","Redo"],"picked":"Cold Snap","floor":1.0},{"not_picked":["Rip and Tear","Stack"],"picked":"Rebound","floor":4.0},{"not_picked":["Beam Cell","Streamline"],"picked":"Genetic Algorithm","floor":5.0},{"not_picked":["Go for the Eyes","FTL"],"picked":"Streamline","floor":7.0},{"not_picked":["Undo","Cold Snap"],"picked":"Chill","floor":11.0},{"not_picked":["Reprogram","Hello World"],"picked":"Coolheaded","floor":12.0},{"not_picked":["Meteor Strike","Streamline"],"picked":"Capacitor","floor":13.0},{"not_picked":["Rainbow","Reboot"],"picked":"Echo Form","floor":16.0},{"not_picked":["Steam+1","Go for the Eyes","Sweeping Beam"],"picked":"SKIP","floor":18.0},{"not_picked":["Blizzard+1","Rebound"],"picked":"Beam Cell","floor":19.0},{"not_picked":["Steam+1","Double Energy"],"picked":"Rip and Tear+1","floor":22},{"not_picked":["Gash","Chill+1"],"picked":"Darkness","floor":27},{"not_picked":["Cold Snap","Turbo+1"],"picked":"Barrage+1","floor":29},{"not_picked":["Force Field","Hologram+1"],"picked":"Loop+1","floor":30},{"not_picked":["Rebound","Doom and Gloom"],"picked":"Compile Driver+1","floor":31},{"not_picked":["Seek","Rainbow"],"picked":"Electrodynamics","floor":33},{"not_picked":["Stack","Genetic Algorithm"],"picked":"Coolheaded+1","floor":35},{"not_picked":["Stack+1","Go for the Eyes+1"],"picked":"Capacitor+1","floor":38},{"not_picked":["Auto Shields","Electrodynamics"],"picked":"Lockon+1","floor":41},{"not_picked":["Gash+1","Stack"],"picked":"Turbo","floor":44},{"not_picked":["Electrodynamics","Steam Power"],"picked":"Defragment","floor":45},{"not_picked":["Gash+1","Streamline+1","Go for the Eyes"],"picked":"SKIP","floor":47},{"not_picked":["Bandage Up","Jack Of All Trades"],"picked":"Discovery","floor":48}],"player_experience":200972,"relics_obtained":[{"floor":9.0,"key":"Lantern"},{"floor":11.0,"key":"Juzu Bracelet"},{"floor":26,"key":"MawBank"},{"floor":27,"key":"FossilizedHelix"},{"floor":29,"key":"Vajra"},{"floor":31,"key":"Blood Vial"},{"floor":39,"key":"Torii"},{"floor":41,"key":"Pantograph"},{"floor":43,"key":"The Courier"},{"floor":45,"key":"Bottled Lightning"}],"event_choices":[{"damage_healed":0.0,"max_hp_gain":0.0,"max_hp_loss":0.0,"gold_gain":0.0,"event_name":"Lab","player_choice":"Got Potions","floor":2.0,"gold_loss":0.0,"damage_taken":0.0},{"cards_removed":["Strike_B"],"damage_healed":0.0,"max_hp_gain":0.0,"max_hp_loss":0.0,"gold_gain":0.0,"event_name":"Purifier","player_choice":"Purged","floor":14.0,"gold_loss":0.0,"damage_taken":0.0},{"damage_healed":0.0,"max_hp_gain":0.0,"max_hp_loss":0.0,"gold_gain":100.0,"event_name":"Golden Shrine","player_choice":"Pray","floor":20.0,"gold_loss":0.0,"damage_taken":0.0},{"damage_healed":0,"gold_gain":0,"player_choice":"Read","damage_taken":0,"max_hp_gain":0,"max_hp_loss":0,"event_name":"The Library","floor":21,"gold_loss":0,"cards_obtained":["Consume"]},{"cards_removed":["Strike_B"],"damage_healed":0,"gold_gain":0,"player_choice":"Offered Basic","damage_taken":0,"max_hp_gain":0,"max_hp_loss":0,"event_name":"Bonfire Elementals","floor":24,"gold_loss":0},{"damage_healed":0,"gold_gain":0,"player_choice":"Max HP","damage_taken":0,"max_hp_gain":0,"max_hp_loss":4,"event_name":"Winding Halls","floor":36,"gold_loss":0},{"damage_healed":0,"gold_gain":0,"player_choice":"Fight","damage_taken":0,"max_hp_gain":0,"max_hp_loss":0,"event_name":"Mysterious Sphere","floor":39,"gold_loss":0},{"damage_healed":0,"gold_gain":0,"player_choice":"Memory 1","damage_taken":0,"max_hp_gain":0,"max_hp_loss":0,"event_name":"SensoryStone","floor":48,"gold_loss":0}],"is_beta":false,"boss_relics":[{"not_picked":["Lizard Tail","Inserter"],"picked":"Sozu"},{"not_picked":["Fusion Hammer","Coffee Dripper"],"picked":"Runic Pyramid"}],"items_purged_floors":[28,37],"is_endless":false,"potions_floor_spawned":[5,7,11,19,27,29,33,41,44,45],"ascension_level":0}