{"gold_per_floor":[117,17,92,108,108,141,141,91,143,143,168,187,218,236,236,357,357,375,395,494,510,510,510],"floor_reached":23,"playtime":1086,"items_purged":["Strike_B"],"score":201,"play_id":"6fd17a9c-8589-4263-89ae-b3d2a84c7222","local_time":"20190902164242","is_ascension_mode":false,"campfire_choices":[{"data":"Glacier","floor":7.0,"key":"SMITH"},{"floor":10.0,"key":"REST"},{"floor":15.0,"key":"REST"}],"neow_cost":"TEN_PERCENT_HP_LOSS","seed_source_timestamp":721689380250700,"circlet_count":0,"master_deck":["Strike_B","Strike_B","Strike_B","Defend_B","Defend_B","Defend_B","Zap","Dualcast","Glacier+1","Compile Driver","Reinforced Body","Gash","Ball Lightning","Auto Shields","Streamline","Seek","Hologram+1","Conserve Battery+1","Consume+1"],"special_seed":0,"relics":["Cracked Core","Mango","Bloody Idol","Dodecahedron","Bag of Marbles","Gambling Chip","Inserter"],"potions_floor_usage":[23],"damage_taken":[{"damage":0.0,"enemies":"2 Louse","floor":1.0,"turns":3.0},{"damage":0.0,"enemies":"Cultist","floor":4.0,"turns":4.0},{"damage":22.0,"enemies":"Gremlin Nob","floor":6.0,"turns":6.0},{"damage":0.0,"enemies":"Small Slimes","floor":11.0,"turns":2.0},{"damage":7.0,"enemies":"Blue Slaver","floor":12.0,"turns":3.0},{"damage":12.0,"enemies":"Lagavulin","floor":13.0,"turns":7.0},{"damage":0.0,"enemies":"3 Louse","floor":14.0,"turns":2.0},{"damage":18.0,"enemies":"The Guardian","floor":16.0,"turns":12.0},{"damage":0.0,"enemies":"Shell Parasite","floor":18.0,"turns":5.0},{"damage":12.0,"enemies":"2 Thieves","floor":19.0,"turns":5.0},{"damage":0.0,"enemies":"Snecko","floor":21.0,"turns":6.0},{"damage":76,"enemies":"Gremlin Leader","floor":23,"turns":7}],"seed_played":"-2969869889385723001","potions_obtained":[{"floor":13.0,"key":"SpeedPotion"},{"floor":14.0,"key":"AttackPotion"},{"floor":16.0,"key":"GamblersBrew"}],"is_trial":false,"path_per_floor":["M","$","?","M","?","E","R","?","T","R","M","M","E","M","R","B",null,"M","M","?","M","?","E"],"character_chosen":"DEFECT","items_purchased":["Compile Driver"],"campfire_rested":2,"item_purchase_floors":[2],"current_hp_per_floor":[82,82,74,74,54,32,32,32,32,56,56,49,37,37,61,43,82,82,70,70,70,70,0],"gold":510,"neow_bonus":"ONE_RARE_RELIC","is_prod":false,"is_daily":false,"chose_seed":false,"campfire_upgraded":1,"win_rate":0,"timestamp":1567435362,"path_taken":["M","$","?","?","?","E","R","?","T","R","M","M","E","M","R","BOSS","M","M","?","M","?","E"],"build_version":"2019-07-17","purchased_purges":1,"victory":false,"max_hp_per_floor":[82,82,82,82,82,82,82,82,82,82,82,82,82,82,82,82,82,82,82,82,82,82,82],"card_choices":[{"not_picked":["Hologram","Ball Lightning"],"picked":"Glacier","floor":1.0},{"not_picked":["Tempest","Sunder"],"picked":"Reinforced Body","floor":4.0},{"not_picked":["Redo","Storm"],"picked":"Gash","floor":6.0},{"not_picked":["Sweeping Beam","Compile Driver"],"picked":"Ball Lightning","floor":11.0},{"not_picked":["Buffer","Leap"],"picked":"Auto Shields","floor":12.0},{"not_picked":["Storm","Stack"],"picked":"Streamline","floor":13.0},{"not_picked":["Stack","Hyperbeam","Barrage"],"picked":"SKIP","floor":14.0},{"not_picked":["Creative AI","Multi-Cast"],"picked":"Seek","floor":16.0},{"not_picked":["Tempest","Leap"],"picked":"Hologram+1","floor":18.0},{"not_picked":["White Noise","Barrage"],"picked":"Conserve Battery+1","floor":19.0},{"not_picked":["Chill","Beam Cell"],"picked":"Consume+1","floor":21.0}],"player_experience":381850,"relics_obtained":[{"floor":6.0,"key":"Dodecahedron"},{"floor":9.0,"key":"Bag of Marbles"},{"floor":13.0,"key":"Gambling Chip"}],"event_choices":[{"damage_healed":0.0,"max_hp_gain":0.0,"max_hp_loss":0.0,"gold_gain":75.0,"event_name":"FaceTrader","player_choice":"Touch","floor":3.0,"gold_loss":0.0,"damage_taken":8.0},{"damage_healed":0.0,"max_hp_gain":0.0,"max_hp_loss":0.0,"gold_gain":0.0,"event_name":"Golden Idol","player_choice":"Take Damage","floor":5.0,"gold_loss":0.0,"damage_taken":20.0,"relics_obtained":["Golden Idol"]},{"cards_removed":["Defend_B"],"damage_healed":0.0,"max_hp_gain":0.0,"max_hp_loss":0.0,"gold_gain":0.0,"event_name":"The Cleric","player_choice":"Card Removal","floor":8.0,"gold_loss":50.0,"damage_taken":0.0},{"damage_healed":0.0,"max_hp_gain":0.0,"max_hp_loss":0.0,"gold_gain":99.0,"event_name":"Nest","player_choice":"Stole From Cult","floor":20.0,"gold_loss":0.0,"damage_taken":0.0},{"damage_healed":0.0,"max_hp_gain":0.0,"max_hp_loss":0.0,"gold_gain":0.0,"event_name":"Forgotten Altar","player_choice":"Gave Idol","floor":22.0,"relics_lost":["Golden Idol"],"gold_loss":0.0,"damage_taken":0.0,"relics_obtained":["Bloody Idol"]}],"is_beta":false,"boss_relics":[{"not_picked":["Runic Pyramid","Eternal Feather"],"picked":"Inserter"}],"items_purged_floors":[2],"is_endless":false,"potions_floor_spawned":[13,14,16,19],"killed_by":"Gremlin Leader","ascension_level":0}