{"gold_per_floor":[118,136,80,155,174,174,235,235,262,337,337,337,31,66,66,137,137,155,155,155],"floor_reached":20,"playtime":1107,"items_purged":[],"score":356,"play_id":"e308b7c7-d40c-4286-9116-4598040db0f7","local_time":"20190701175449","is_ascension_mode":true,"campfire_choices":[{"data":"Barrage","floor":6,"key":"SMITH"},{"data":"Defragment","floor":8,"key":"SMITH"},{"floor":11,"key":"REST"},{"floor":15,"key":"REST"}],"neow_cost":"NONE","seed_source_timestamp":941335870388300,"circlet_count":0,"master_deck":["AscendersBane","Strike_B+1","Strike_B","Strike_B","Defend_B","Defend_B","Defend_B","Defend_B","Zap+1","Dualcast","Barrage+1","Hologram+1","Steam","Defragment+1","Echo Form"],"relics":["Cracked Core","Tiny Chest","PreservedInsect","Blue Candle","Membership Card","Happy Flower","Orichalcum","Philosopher\u0027s Stone"],"potions_floor_usage":[7,16,16],"damage_taken":[{"damage":8,"enemies":"2 Louse","floor":1,"turns":2},{"damage":7,"enemies":"Jaw Worm","floor":2,"turns":4},{"damage":0,"enemies":"Small Slimes","floor":5,"turns":2},{"damage":8,"enemies":"Gremlin Nob","floor":7,"turns":3},{"damage":25,"enemies":"3 Sentries","floor":14,"turns":6},{"damage":23,"enemies":"Slime Boss","floor":16,"turns":8},{"damage":24,"enemies":"Spheric Guardian","floor":18,"turns":4},{"damage":30,"enemies":"Shell Parasite","floor":20,"turns":5}],"seed_played":"-6977164607042658234","potions_obtained":[{"floor":2,"key":"Ancient Potion"},{"floor":7,"key":"Fire Potion"}],"is_trial":false,"path_per_floor":["M","M","$","?","M","R","E","R","T","T","R","?","$","E","R","B",null,"M","?","M"],"character_chosen":"DEFECT","items_purchased":["SteroidPotion","Membership Card","Happy Flower"],"campfire_rested":2,"item_purchase_floors":[3,13,13],"current_hp_per_floor":[56,49,49,38,38,38,30,30,30,30,51,30,30,5,26,3,54,30,30,0],"gold":155,"neow_bonus":"UPGRADE_CARD","is_prod":false,"is_daily":false,"chose_seed":false,"campfire_upgraded":2,"win_rate":0,"timestamp":1562018089,"path_taken":["M","M","$","?","M","R","E","R","T","?","R","?","$","E","R","BOSS","M","?","M"],"build_version":"2019-07-01","purchased_purges":0,"victory":false,"max_hp_per_floor":[71,71,71,71,71,71,71,71,71,71,71,71,71,71,71,71,71,71,71,71],"card_choices":[{"not_picked":["Leap","Hologram"],"picked":"Barrage","floor":1},{"not_picked":["Beam Cell","Leap"],"picked":"Hologram","floor":2},{"not_picked":["Recycle","Fusion"],"picked":"Steam","floor":5},{"not_picked":["Ball Lightning","Melter"],"picked":"Defragment","floor":7},{"not_picked":["Rip and Tear","Heatsinks","Scrape"],"picked":"SKIP","floor":14},{"not_picked":["Reboot","Fission"],"picked":"Echo Form","floor":16},{"not_picked":["Redo+1","Beam Cell","Static Discharge"],"picked":"SKIP","floor":18}],"player_experience":1257128,"relics_obtained":[{"floor":7,"key":"Tiny Chest"},{"floor":9,"key":"PreservedInsect"},{"floor":10,"key":"Blue Candle"},{"floor":14,"key":"Orichalcum"}],"event_choices":[{"damage_healed":0,"gold_gain":75,"player_choice":"Gather Gold","damage_taken":11,"max_hp_gain":0,"max_hp_loss":0,"event_name":"World of Goop","floor":4,"gold_loss":0},{"damage_healed":0,"gold_gain":0,"player_choice":"Entered Light","damage_taken":21,"max_hp_gain":0,"max_hp_loss":0,"event_name":"Shining Light","floor":12,"gold_loss":0,"cards_upgraded":["Strike_B","Hologram"]},{"cards_removed":["Strike_B"],"damage_healed":0,"gold_gain":0,"player_choice":"Card Removal","damage_taken":0,"max_hp_gain":0,"max_hp_loss":0,"event_name":"Wheel of Change","floor":19,"gold_loss":0}],"is_beta":false,"boss_relics":[{"not_picked":["Coffee Dripper","Velvet Choker"],"picked":"Philosopher\u0027s Stone"}],"items_purged_floors":[],"is_endless":false,"potions_floor_spawned":[2,7,14],"killed_by":"Shell Parasite","ascension_level":20}