{"gold_per_floor":[112,22,99,99,109,142,142,142,142,64,94,108,136,136,136,209,209,221,240,155,155,168,168,182,70,70,96,96,109,136,151,151,230,230,240,289,289,304,38,63,78,106,174,174,174,174,188,201,201,201,201,201,201,9,35,35],"floor_reached":57,"playtime":5659,"items_purged":["Strike_G","Strike_G","Strike_G"],"score":2911,"play_id":"bda90472-dfc9-4f6c-82a1-90a4def300d9","local_time":"20190714090330","is_ascension_mode":true,"campfire_choices":[{"data":"Well Laid Plans","floor":8.0,"key":"SMITH"},{"data":"Malaise","floor":15.0,"key":"SMITH"},{"floor":23.0,"key":"REST"},{"data":"Tactician","floor":28.0,"key":"SMITH"},{"floor":32.0,"key":"REST"},{"floor":46,"key":"RECALL"},{"data":"Crippling Poison","floor":49,"key":"SMITH"},{"data":"Footwork","floor":53,"key":"SMITH"}],"neow_cost":"NONE","seed_source_timestamp":0,"circlet_count":0,"master_deck":["AscendersBane","Strike_G","Defend_G","Defend_G","Defend_G","Defend_G","Defend_G","Survivor","Neutralize+1","Dash+1","Well Laid Plans+1","Quick Slash","Deadly Poison","Malaise+1","Footwork+1","Deflect","Dagger Throw","Well Laid Plans+1","Envenom+1","Dash+1","Dash","Acrobatics","Necronomicurse","Tools of the Trade+1","PiercingWail","Tactician+1","Footwork+1","Corpse Explosion","PiercingWail+1","Backflip+1","Bullet Time","Tactician+1","PiercingWail+1","Crippling Poison+1","Predator","Leg Sweep+1"],"special_seed":0,"relics":["Ring of the Snake","Vajra","Prayer Wheel","Tough Bandages","Frozen Egg 2","Snecko Eye","Bag of Preparation","Necronomicon","Singing Bowl","Bottled Flame","Anchor","Coffee Dripper","The Specimen","Membership Card","Strawberry","Meat on the Bone","Whetstone","Letter Opener"],"potions_floor_usage":[40,50,55,56,56],"damage_taken":[{"damage":3.0,"enemies":"Jaw Worm","floor":1.0,"turns":7.0},{"damage":0.0,"enemies":"Small Slimes","floor":5.0,"turns":4.0},{"damage":0.0,"enemies":"Gremlin Nob","floor":6.0,"turns":3.0},{"damage":2.0,"enemies":"Lagavulin","floor":11.0,"turns":8.0},{"damage":0.0,"enemies":"2 Louse","floor":12.0,"turns":3.0},{"damage":8.0,"enemies":"3 Sentries","floor":13.0,"turns":8.0},{"damage":9.0,"enemies":"The Guardian","floor":16.0,"turns":12.0},{"damage":9.0,"enemies":"Spheric Guardian","floor":18.0,"turns":6.0},{"damage":21.0,"enemies":"2 Thieves","floor":19.0,"turns":5.0},{"damage":3.0,"enemies":"Snake Plant","floor":22.0,"turns":6.0},{"damage":0.0,"enemies":"Centurion and Healer","floor":24.0,"turns":8.0},{"damage":0.0,"enemies":"Book of Stabbing","floor":27.0,"turns":7.0},{"damage":5.0,"enemies":"Chosen and Byrds","floor":29.0,"turns":6.0},{"damage":17.0,"enemies":"Gremlin Leader","floor":30.0,"turns":10.0},{"damage":0.0,"enemies":"Snake Plant","floor":31.0,"turns":4.0},{"damage":33.0,"enemies":"Collector","floor":33.0,"turns":17.0},{"damage":0.0,"enemies":"Orb Walker","floor":35.0,"turns":3.0},{"damage":28.0,"enemies":"2 Orb Walkers","floor":36.0,"turns":4.0},{"damage":1.0,"enemies":"3 Shapes","floor":38.0,"turns":5.0},{"damage":16,"enemies":"Reptomancer","floor":40,"turns":8},{"damage":1,"enemies":"Spire Growth","floor":41,"turns":7},{"damage":0,"enemies":"Nemesis","floor":42,"turns":9},{"damage":0,"enemies":"4 Shapes","floor":47,"turns":4},{"damage":0,"enemies":"3 Darklings","floor":48,"turns":4},{"damage":17,"enemies":"Awakened One","floor":50,"turns":18},{"damage":47,"enemies":"Time Eater","floor":51,"turns":19},{"damage":16,"enemies":"Shield and Spear","floor":55,"turns":7},{"damage":67,"enemies":"The Heart","floor":56,"turns":16}],"seed_played":"1860964432807403737","potions_obtained":[{"floor":0.0,"key":"AttackPotion"},{"floor":0.0,"key":"Poison Potion"},{"floor":11.0,"key":"Ancient Potion"},{"floor":12.0,"key":"Poison Potion"},{"floor":16.0,"key":"Explosive Potion"},{"floor":38.0,"key":"AttackPotion"},{"floor":40,"key":"SkillPotion"},{"floor":42,"key":"GamblersBrew"},{"floor":47,"key":"GhostInAJar"},{"floor":55,"key":"Regen Potion"}],"is_trial":false,"path_per_floor":["M","$","?","?","M","E","?","R","T","$","E","M","E","?","R","B",null,"M","M","?","?","M","R","M","$","T","E","R","M","E","M","R","B",null,"M","?","?","M","$","E","M","E","T","?","?","R","M","M","R","B","B",null,"R","$","E","B",null],"character_chosen":"THE_SILENT","items_purchased":["Well Laid Plans","Quick Slash","Footwork","Tactician","Membership Card","GhostInAJar","Whetstone"],"campfire_rested":2,"item_purchase_floors":[2,2,10,25,39,54,54],"current_hp_per_floor":[56,56,56,56,56,56,61,61,61,61,59,59,51,51,51,42,64,55,34,34,13,10,31,31,31,31,31,31,30,15,19,43,10,63,65,37,37,40,40,31,32,34,34,98,98,98,100,100,100,83,48,87,87,87,71,31],"gold":35,"neow_bonus":"THREE_SMALL_POTIONS","is_prod":false,"is_daily":false,"chose_seed":false,"campfire_upgraded":5,"win_rate":0,"timestamp":1563109410,"path_taken":["M","$","?","?","M","E","?","R","T","$","E","M","E","?","R","BOSS","M","?","?","?","M","R","M","$","T","E","R","M","E","M","R","BOSS","M","?","?","M","$","E","M","E","T","?","?","R","M","M","R","BOSS","BOSS","R","$","E","BOSS"],"build_version":"2019-07-05","purchased_purges":3,"victory":true,"max_hp_per_floor":[66,66,66,66,66,66,71,71,71,71,71,71,71,71,71,71,71,71,71,71,71,71,71,71,71,71,71,71,75,77,81,81,81,81,83,83,83,87,87,94,96,98,98,98,98,98,100,100,100,100,100,100,100,100,100,100],"card_choices":[{"not_picked":["PiercingWail","Sucker Punch"],"picked":"Dash","floor":1.0},{"not_picked":["Reflex","Poisoned Stab"],"picked":"Deadly Poison","floor":5.0},{"not_picked":["Prepared","Deflect"],"picked":"Malaise","floor":6.0},{"not_picked":["Choke","Bane"],"picked":"Deflect","floor":11.0},{"not_picked":["Underhanded Strike","Reflex"],"picked":"Dagger Throw","floor":12.0},{"not_picked":["Slice","Distraction","Endless Agony"],"picked":"SKIP","floor":12.0},{"not_picked":["Prepared","Flechettes"],"picked":"Well Laid Plans","floor":13.0},{"not_picked":["Venomology","Glass Knife"],"picked":"Envenom+1","floor":16.0},{"not_picked":["Prepared","Backflip"],"picked":"Dash","floor":18.0},{"not_picked":["Prepared","Poisoned Stab"],"picked":"Dash","floor":18.0},{"not_picked":["Slice","Deflect"],"picked":"Acrobatics","floor":19.0},{"not_picked":["Dodge and Roll","Finisher","Cloak And Dagger"],"picked":"SKIP","floor":19.0},{"not_picked":["PiercingWail","Poisoned Stab"],"picked":"Tools of the Trade+1","floor":22.0},{"not_picked":["Infinite Blades+1","Backflip"],"picked":"PiercingWail","floor":22.0},{"not_picked":["Infinite Blades+1","Outmaneuver","Poisoned Stab"],"picked":"SKIP","floor":24.0},{"not_picked":["Backflip","Terror+1","Poisoned Stab"],"picked":"SKIP","floor":24.0},{"not_picked":["Slice","PiercingWail"],"picked":"Footwork+1","floor":27.0},{"not_picked":["Dodge and Roll","Terror","Dagger Spray"],"picked":"Singing Bowl","floor":29.0},{"not_picked":["Accuracy+1","Poisoned Stab","Caltrops+1"],"picked":"Singing Bowl","floor":29.0},{"not_picked":["Noxious Fumes+1","Infinite Blades+1","Glass Knife"],"picked":"Singing Bowl","floor":30.0},{"not_picked":["Accuracy+1","Poisoned Stab+1","Quick Slash"],"picked":"Singing Bowl","floor":31.0},{"not_picked":["Cloak And Dagger","PiercingWail","Acrobatics"],"picked":"Singing Bowl","floor":31.0},{"not_picked":["Die Die Die","Envenom+1"],"picked":"Corpse Explosion","floor":33.0},{"not_picked":["Sucker Punch","Noxious Fumes+1","Reflex"],"picked":"Singing Bowl","floor":35.0},{"not_picked":["Cloak And Dagger+1","Quick Slash"],"picked":"PiercingWail+1","floor":35.0},{"not_picked":["Cloak And Dagger+1","Masterful Stab"],"picked":"Backflip+1","floor":36.0},{"not_picked":["Dagger Throw","Eviscerate","Dodge and Roll"],"picked":"Singing Bowl","floor":38.0},{"not_picked":["Accuracy+1","Dagger Spray","Skewer"],"picked":"Singing Bowl","floor":38.0},{"not_picked":["Quick Slash+1","Slice"],"picked":"Bullet Time","floor":40},{"not_picked":["Cloak And Dagger+1","Reflex"],"picked":"Tactician+1","floor":41},{"not_picked":["Quick Slash","Outmaneuver","PiercingWail+1"],"picked":"Singing Bowl","floor":41},{"not_picked":["Well Laid Plans+1","Flying Knee","Acrobatics"],"picked":"Singing Bowl","floor":42},{"not_picked":["Deflect","Well Laid Plans+1"],"picked":"PiercingWail+1","floor":47},{"not_picked":["Well Laid Plans+1","A Thousand Cuts+1","Deadly Poison"],"picked":"Singing Bowl","floor":47},{"not_picked":["Accuracy+1","Quick Slash+1"],"picked":"Crippling Poison","floor":48},{"not_picked":["Flechettes","Concentrate+1"],"picked":"Predator","floor":48},{"not_picked":["Adrenaline","Bane+1"],"picked":"Leg Sweep+1","floor":55}],"player_experience":1345919,"relics_obtained":[{"floor":6.0,"key":"Vajra"},{"floor":9.0,"key":"Prayer Wheel"},{"floor":11.0,"key":"Tough Bandages"},{"floor":13.0,"key":"Frozen Egg 2"},{"floor":21.0,"key":"Necronomicon"},{"floor":26.0,"key":"Singing Bowl"},{"floor":27.0,"key":"Bottled Flame"},{"floor":30.0,"key":"Anchor"},{"floor":36.0,"key":"The Specimen"},{"floor":40,"key":"Strawberry"},{"floor":42,"key":"Meat on the Bone"},{"floor":55,"key":"Letter Opener"}],"event_choices":[{"damage_healed":0.0,"max_hp_gain":0.0,"max_hp_loss":0.0,"gold_gain":77.0,"event_name":"Golden Wing","player_choice":"Gained Gold","floor":3.0,"gold_loss":0.0,"damage_taken":0.0},{"damage_healed":0.0,"max_hp_gain":0.0,"max_hp_loss":0.0,"gold_gain":0.0,"event_name":"Living Wall","player_choice":"Grow","floor":4.0,"gold_loss":0.0,"damage_taken":0.0,"cards_upgraded":["Neutralize"]},{"damage_healed":0.0,"max_hp_gain":5.0,"max_hp_loss":0.0,"gold_gain":0.0,"event_name":"Big Fish","player_choice":"Donut","floor":7.0,"gold_loss":0.0,"damage_taken":0.0},{"cards_removed":["Strike_G"],"damage_healed":0.0,"max_hp_gain":0.0,"max_hp_loss":0.0,"gold_gain":0.0,"event_name":"Bonfire Elementals","player_choice":"Offered Basic","floor":14.0,"gold_loss":0.0,"damage_taken":0.0},{"damage_healed":0.0,"max_hp_gain":0.0,"max_hp_loss":0.0,"gold_gain":0.0,"event_name":"Addict","player_choice":"Obtained Relic","floor":20.0,"gold_loss":85.0,"damage_taken":0.0,"relics_obtained":["Bag of Preparation"]},{"damage_healed":0.0,"max_hp_gain":0.0,"max_hp_loss":0.0,"gold_gain":0.0,"event_name":"Cursed Tome","player_choice":"Obtained Book","floor":21.0,"gold_loss":0.0,"damage_taken":21.0},{"damage_healed":0.0,"max_hp_gain":0.0,"max_hp_loss":0.0,"gold_gain":0.0,"event_name":"Mysterious Sphere","player_choice":"Fight","floor":36.0,"gold_loss":0.0,"damage_taken":0.0},{"damage_healed":0.0,"max_hp_gain":0.0,"max_hp_loss":0.0,"gold_gain":0.0,"event_name":"Tomb of Lord Red Mask","player_choice":"Ignored","floor":37.0,"gold_loss":0.0,"damage_taken":0.0},{"damage_healed":64,"gold_gain":0,"player_choice":"Heal","damage_taken":0,"max_hp_gain":0,"max_hp_loss":0,"event_name":"MindBloom","floor":44,"gold_loss":0,"cards_obtained":["Doubt"]},{"cards_removed":["Doubt"],"damage_healed":0,"gold_gain":0,"player_choice":"Removed Curses","damage_taken":0,"max_hp_gain":0,"max_hp_loss":0,"event_name":"Fountain of Cleansing","floor":45,"gold_loss":0}],"is_beta":false,"boss_relics":[{"not_picked":["Eternal Feather","Velvet Choker"],"picked":"Snecko Eye"},{"not_picked":["Pandora\u0027s Box","WristBlade"],"picked":"Coffee Dripper"}],"items_purged_floors":[25,39,54],"is_endless":false,"potions_floor_spawned":[11,12,16,19,22,24,31,38,40,42,47,48,55],"ascension_level":20}