{"gold_per_floor":[113,78,91,91,102,102,130,142,207,245,43,193,193,207,207,281,281,300,84,97,112,112],"floor_reached":22,"playtime":802,"items_purged":["Strike_G"],"score":388,"play_id":"62c65513-b2c2-4a39-86f9-1fdc5446bc94","local_time":"20190830114529","is_ascension_mode":true,"campfire_choices":[{"data":"Skewer","floor":6,"key":"SMITH"},{"floor":8,"key":"REST"},{"floor":15,"key":"REST"}],"neow_cost":"NONE","seed_source_timestamp":100660645084400,"circlet_count":0,"master_deck":["AscendersBane","Strike_G","Defend_G","Defend_G+1","Defend_G","Defend_G","Defend_G+1","Survivor","Neutralize+1","Dagger Spray+1","Skewer+1","Deflect","Footwork","Dodge and Roll","Deadly Poison+1","Deadly Poison","Malaise","Footwork+1","Dash+1","Storm of Steel+1","Blade Dance+1"],"relics":["Ring of the Snake","MawBank","Bag of Marbles","Matryoshka","War Paint","Astrolabe","Tiny Chest"],"potions_floor_usage":[7,10,20,22,22],"damage_taken":[{"damage":1,"enemies":"2 Louse","floor":1,"turns":4},{"damage":0,"enemies":"Jaw Worm","floor":3,"turns":4},{"damage":2,"enemies":"Small Slimes","floor":5,"turns":3},{"damage":31,"enemies":"3 Sentries","floor":7,"turns":7},{"damage":33,"enemies":"Lagavulin","floor":10,"turns":7},{"damage":0,"enemies":"2 Fungi Beasts","floor":14,"turns":1},{"damage":4,"enemies":"The Guardian","floor":16,"turns":10},{"damage":9,"enemies":"Spheric Guardian","floor":18,"turns":6},{"damage":0,"enemies":"3 Byrds","floor":20,"turns":6},{"damage":22,"enemies":"Snake Plant","floor":21,"turns":6},{"damage":25,"enemies":"Shelled Parasite and Fungi","floor":22,"turns":5}],"seed_played":"-8523940651527630987","potions_obtained":[{"floor":3,"key":"Weak Potion"},{"floor":5,"key":"Regen Potion"},{"floor":14,"key":"Energy Potion"},{"floor":18,"key":"Block Potion"},{"floor":21,"key":"GamblersBrew"}],"is_trial":false,"path_per_floor":["M","?","M","?","M","R","E","R","T","E","$","?","?","M","R","B",null,"M","$","M","M","M"],"character_chosen":"THE_SILENT","items_purchased":["Deadly Poison","War Paint","Tiny Chest"],"campfire_rested":2,"item_purchase_floors":[11,11,19],"current_hp_per_floor":[58,66,66,46,44,44,28,47,47,14,14,14,7,7,26,22,55,46,46,46,24,0],"gold":112,"neow_bonus":"UPGRADE_CARD","is_prod":false,"is_daily":false,"chose_seed":false,"campfire_upgraded":1,"win_rate":0,"timestamp":1567179929,"path_taken":["M","?","M","?","M","R","E","R","T","E","$","?","?","?","R","BOSS","M","$","M","M","?"],"build_version":"2019-08-26","purchased_purges":1,"victory":false,"max_hp_per_floor":[66,66,66,66,66,66,66,66,66,66,66,66,66,66,66,66,66,66,66,66,66,66],"card_choices":[{"not_picked":["Outmaneuver","Finisher"],"picked":"Dagger Spray","floor":1},{"not_picked":["Finisher","Outmaneuver"],"picked":"Skewer","floor":3},{"not_picked":["PiercingWail","Slice"],"picked":"Deflect","floor":5},{"not_picked":["Dagger Spray","Blur"],"picked":"Footwork","floor":7},{"not_picked":["Acrobatics","Wraith Form v2"],"picked":"Dodge and Roll","floor":10},{"not_picked":["Slice","Accuracy"],"picked":"Deadly Poison","floor":14},{"not_picked":["Envenom","Phantasmal Killer"],"picked":"Malaise","floor":16},{"not_picked":["Underhanded Strike","Poisoned Stab"],"picked":"Blade Dance+1","floor":18},{"not_picked":["Unload","Eviscerate+1","Quick Slash+1"],"picked":"SKIP","floor":20},{"not_picked":["Terror","Quick Slash","Bane"],"picked":"SKIP","floor":21},{"not_picked":["Terror","Quick Slash","Bane"],"picked":"SKIP","floor":21}],"player_experience":814672,"relics_obtained":[{"floor":7,"key":"MawBank"},{"floor":9,"key":"Bag of Marbles"},{"floor":10,"key":"Matryoshka"}],"event_choices":[{"damage_healed":16,"gold_gain":0,"player_choice":"Healed","damage_taken":0,"max_hp_gain":0,"max_hp_loss":0,"event_name":"The Cleric","floor":2,"gold_loss":35},{"damage_healed":0,"gold_gain":0,"player_choice":"Entered Light","damage_taken":20,"max_hp_gain":0,"max_hp_loss":0,"event_name":"Shining Light","floor":4,"gold_loss":0,"cards_upgraded":["Defend_G","Dagger Spray"]},{"damage_healed":0,"gold_gain":150,"player_choice":"AGREE","damage_taken":0,"max_hp_gain":0,"max_hp_loss":0,"event_name":"Liars Game","floor":12,"gold_loss":0,"cards_obtained":["Doubt"]},{"cards_removed":["Doubt"],"damage_healed":0,"gold_gain":0,"player_choice":"Card Removal","damage_taken":7,"max_hp_gain":0,"max_hp_loss":0,"event_name":"Golden Wing","floor":13,"gold_loss":0}],"is_beta":true,"boss_relics":[{"not_picked":["HoveringKite","Calling Bell"],"picked":"Astrolabe"}],"items_purged_floors":[19],"is_endless":false,"potions_floor_spawned":[3,5,14,18,21],"killed_by":"Shelled Parasite and Fungi","ascension_level":20}