{"gold_per_floor":[112,129,204,224,235,235,261,261,261,261,280,300,300,312,312,409,409,424,424,442,461,476,476,501,514,540,540,566,581,581,581,581,677,677,694,694,694,706,719,644,554,304,304,18,18,29,129,129,129,129],"floor_reached":51,"playtime":3516,"items_purged":["Decay","Strike_R+1"],"score":714,"play_id":"1499b295-8918-478b-83e2-482ac3f43151","local_time":"20190719211913","is_ascension_mode":false,"campfire_choices":[{"data":"Armaments","floor":6.0,"key":"SMITH"},{"data":"Battle Trance","floor":13.0,"key":"SMITH"},{"data":"Armaments","floor":15.0,"key":"SMITH"},{"data":"Dual Wield","floor":23.0,"key":"SMITH"},{"data":"Entrench","floor":27,"key":"SMITH"},{"data":"Feel No Pain","floor":30,"key":"SMITH"},{"floor":32,"key":"REST"},{"floor":45,"key":"DIG"},{"floor":49,"key":"DIG"}],"neow_cost":"NONE","seed_source_timestamp":756723787800948,"circlet_count":0,"master_deck":["Strike_R+1","Defend_R+1","Defend_R+1","Defend_R+1","Defend_R+1","Bash","Armaments+1","Armaments+1","True Grit+1","Twin Strike","Shrug It Off","Battle Trance+1","Feel No Pain+1","Feed+1","Shrug It Off","Battle Trance","Spot Weakness+1","Dual Wield+1","Exhume","Entrench+1","Exhume","Rage","Flame Barrier","Shrug It Off"],"special_seed":0,"relics":["Burning Blood","Blood Vial","Letter Opener","Velvet Choker","Shovel","Red Skull","Anchor","Runic Pyramid","The Courier","Incense Burner","Mercury Hourglass","Nunchaku","Gambling Chip"],"potions_floor_usage":[24,24,24,24,28,50,50],"damage_taken":[{"damage":6.0,"enemies":"Jaw Worm","floor":1.0,"turns":6.0},{"damage":2.0,"enemies":"2 Louse","floor":2.0,"turns":2.0},{"damage":2.0,"enemies":"Small Slimes","floor":4.0,"turns":6.0},{"damage":0.0,"enemies":"Looter","floor":5.0,"turns":4.0},{"damage":25.0,"enemies":"Lagavulin","floor":7.0,"turns":10.0},{"damage":6.0,"enemies":"Lots of Slimes","floor":11.0,"turns":5.0},{"damage":5.0,"enemies":"Large Slime","floor":12.0,"turns":7.0},{"damage":7.0,"enemies":"Exordium Thugs","floor":14.0,"turns":5.0},{"damage":30.0,"enemies":"Slime Boss","floor":16.0,"turns":19.0},{"damage":26.0,"enemies":"2 Thieves","floor":18.0,"turns":5.0},{"damage":28.0,"enemies":"Spheric Guardian","floor":20.0,"turns":8.0},{"damage":1.0,"enemies":"Shelled Parasite and Fungi","floor":21.0,"turns":8.0},{"damage":1.0,"enemies":"Centurion and Healer","floor":22.0,"turns":8.0},{"damage":29,"enemies":"Gremlin Leader","floor":24,"turns":9},{"damage":14,"enemies":"Snecko","floor":25,"turns":9},{"damage":27,"enemies":"Book of Stabbing","floor":28,"turns":7},{"damage":13,"enemies":"Chosen and Byrds","floor":29,"turns":6},{"damage":58,"enemies":"Automaton","floor":33,"turns":18},{"damage":0,"enemies":"3 Shapes","floor":35,"turns":7},{"damage":7,"enemies":"Orb Walker","floor":38,"turns":5},{"damage":32,"enemies":"Maw","floor":39,"turns":9},{"damage":34,"enemies":"Spire Growth","floor":46,"turns":7},{"damage":0,"enemies":"Mind Bloom Boss Battle","floor":47,"turns":10},{"damage":44,"enemies":"Time Eater","floor":50,"turns":14}],"seed_played":"-3762601502449863603","potions_obtained":[{"floor":4.0,"key":"AttackPotion"},{"floor":5.0,"key":"BloodPotion"},{"floor":11.0,"key":"Fire Potion"},{"floor":12.0,"key":"Block Potion"},{"floor":16.0,"key":"EssenceOfSteel"},{"floor":22.0,"key":"EntropicBrew"},{"floor":28,"key":"Fire Potion"},{"floor":29,"key":"Poison Potion"},{"floor":33,"key":"FearPotion"},{"floor":35,"key":"SkillPotion"}],"is_trial":false,"path_per_floor":["M","M","?","M","M","R","E","?","T","?","M","M","R","M","R","B",null,"M","?","M","M","M","R","E","M","T","R","E","M","R","?","R","B",null,"M","?","?","M","M","$","?","$","T","$","R","M","?","?","R","B",null],"character_chosen":"IRONCLAD","items_purchased":["Flame Barrier","LiquidBronze","Incense Burner","Shrug It Off"],"campfire_rested":1,"item_purchase_floors":[42,42,44,44],"current_hp_per_floor":[80,80,69,73,79,79,60,53,53,53,55,58,58,59,59,37,80,60,60,64,75,86,86,65,59,59,59,40,39,39,39,67,17,96,107,107,107,109,88,88,88,88,88,88,88,66,86,130,130,92],"gold":129,"neow_bonus":"THREE_CARDS","is_prod":false,"is_daily":false,"chose_seed":false,"campfire_upgraded":6,"win_rate":1,"timestamp":1563538753,"path_taken":["M","M","?","M","M","R","E","?","T","?","M","M","R","M","R","BOSS","M","?","M","M","M","R","E","M","T","R","E","M","R","?","R","BOSS","M","?","?","M","?","$","?","?","T","$","R","?","?","?","R","BOSS"],"build_version":"2019-07-17","purchased_purges":2,"victory":true,"max_hp_per_floor":[80,80,80,80,80,80,80,80,80,80,80,80,80,80,80,80,80,80,80,84,88,92,92,92,92,92,92,92,96,96,96,96,96,96,107,107,107,110,114,114,114,114,114,114,114,118,130,130,130,130],"card_choices":[{"not_picked":["Shockwave","Rage"],"picked":"Armaments","floor":0.0},{"not_picked":["Iron Wave","Warcry"],"picked":"Armaments","floor":1.0},{"not_picked":["Warcry","Intimidate"],"picked":"True Grit","floor":2.0},{"not_picked":["Sever Soul","Ghostly Armor"],"picked":"Twin Strike","floor":4.0},{"not_picked":["Clash","Flex"],"picked":"Searing Blow","floor":5.0},{"not_picked":["Entrench","Heavy Blade"],"picked":"Shrug It Off","floor":7.0},{"not_picked":["Perfected Strike","Thunderclap","Anger"],"picked":"SKIP","floor":11.0},{"not_picked":["Armaments","Twin Strike"],"picked":"Battle Trance","floor":12.0},{"not_picked":["Headbutt","Reckless Charge"],"picked":"Feel No Pain","floor":14.0},{"not_picked":["Juggernaut","Exhume"],"picked":"Feed","floor":16.0},{"not_picked":["Warcry","Corruption"],"picked":"Shrug It Off","floor":18.0},{"not_picked":["Iron Wave","Entrench"],"picked":"Battle Trance","floor":20.0},{"not_picked":["Sword Boomerang+1","Inflame"],"picked":"Spot Weakness+1","floor":21.0},{"not_picked":["Wild Strike","Evolve"],"picked":"Dual Wield","floor":22.0},{"not_picked":["Iron Wave","Cleave"],"picked":"Exhume","floor":24},{"not_picked":["Rampage","Pummel"],"picked":"Entrench","floor":25},{"not_picked":["Sever Soul+1","Intimidate+1","Clothesline"],"picked":"SKIP","floor":28},{"not_picked":["Clothesline","Bloodletting","Perfected Strike"],"picked":"SKIP","floor":29},{"not_picked":["Double Tap","Immolate"],"picked":"Exhume","floor":33},{"not_picked":["Heavy Blade+1","Wild Strike","Reckless Charge"],"picked":"SKIP","floor":35},{"not_picked":["Twin Strike+1","Warcry"],"picked":"Rage","floor":38},{"not_picked":["Heavy Blade","Armaments+1","Clothesline"],"picked":"SKIP","floor":39},{"not_picked":["Hemokinesis","Rampage+1","Iron Wave"],"picked":"SKIP","floor":46}],"player_experience":73795,"relics_obtained":[{"floor":7.0,"key":"Blood Vial"},{"floor":9.0,"key":"Letter Opener"},{"floor":24,"key":"Shovel"},{"floor":26,"key":"Red Skull"},{"floor":28,"key":"Anchor"},{"floor":43,"key":"The Courier"},{"floor":45,"key":"Mercury Hourglass"},{"floor":47,"key":"Nunchaku"},{"floor":49,"key":"Gambling Chip"}],"event_choices":[{"damage_healed":0.0,"max_hp_gain":0.0,"max_hp_loss":0.0,"gold_gain":75.0,"event_name":"World of Goop","player_choice":"Gather Gold","floor":3.0,"gold_loss":0.0,"damage_taken":11.0},{"cards_removed":["Strike_R"],"damage_healed":0.0,"max_hp_gain":0.0,"max_hp_loss":0.0,"gold_gain":0.0,"event_name":"Golden Wing","player_choice":"Card Removal","floor":8.0,"gold_loss":0.0,"damage_taken":7.0},{"damage_healed":0.0,"max_hp_gain":0.0,"max_hp_loss":0.0,"gold_gain":0.0,"event_name":"Living Wall","player_choice":"Grow","floor":10.0,"gold_loss":0.0,"damage_taken":0.0,"cards_upgraded":["True Grit"]},{"damage_healed":0.0,"max_hp_gain":0.0,"max_hp_loss":0.0,"gold_gain":0.0,"event_name":"Ghosts","player_choice":"Ignored","floor":19.0,"gold_loss":0.0,"damage_taken":0.0},{"damage_healed":0,"gold_gain":0,"player_choice":"Simplicity","damage_taken":0,"max_hp_gain":0,"max_hp_loss":0,"event_name":"Back to Basics","floor":31,"gold_loss":0,"cards_upgraded":["Strike_R","Strike_R","Strike_R","Strike_R","Defend_R","Defend_R","Defend_R","Defend_R"]},{"cards_removed":["Strike_R"],"damage_healed":0,"gold_gain":0,"player_choice":"Removed Attack","damage_taken":0,"max_hp_gain":0,"max_hp_loss":0,"event_name":"Falling","floor":36,"gold_loss":0},{"damage_healed":0,"gold_gain":0,"player_choice":"Cursed","damage_taken":0,"max_hp_gain":0,"max_hp_loss":0,"event_name":"Wheel of Change","floor":37,"gold_loss":0,"cards_obtained":["Decay"]},{"cards_removed":["Strike_R"],"damage_healed":0,"gold_gain":0,"player_choice":"Upgrade and Remove","damage_taken":0,"max_hp_gain":0,"max_hp_loss":0,"event_name":"Designer","floor":41,"gold_loss":90,"cards_upgraded":["Feed"]},{"damage_healed":0,"gold_gain":0,"player_choice":"Fight","damage_taken":0,"max_hp_gain":0,"max_hp_loss":0,"event_name":"MindBloom","floor":47,"gold_loss":0},{"cards_removed":["Searing Blow"],"damage_healed":44,"gold_gain":0,"player_choice":"Offered Uncommon","damage_taken":0,"max_hp_gain":0,"max_hp_loss":0,"event_name":"Bonfire Elementals","floor":48,"gold_loss":0}],"is_beta":false,"boss_relics":[{"not_picked":["Runic Cube","Calling Bell"],"picked":"Velvet Choker"},{"not_picked":["Snecko Eye","Cursed Key"],"picked":"Runic Pyramid"}],"items_purged_floors":[40,42],"is_endless":false,"potions_floor_spawned":[4,5,11,12,16,22,28,29,33,35],"ascension_level":0}