{"gold_per_floor":[114,114,32,45,58,58,58,58,113,213,226,250,293,312,312,432,432,445,464,464,478,478,478,55,55,55,69,69,79,112,126,126,230,230,249,249,268,21,31,31,50,70,152,166,179,192,220,220,220,220],"floor_reached":51,"playtime":2561,"items_purged":["Writhe"],"score":780,"play_id":"d7d87f76-4883-460d-90b8-1f27c6e3ca82","local_time":"20190816202723","is_ascension_mode":false,"campfire_choices":[{"data":"Sunder","floor":6,"key":"SMITH"},{"data":"Barrage","floor":8,"key":"SMITH"},{"data":"Go for the Eyes","floor":15,"key":"SMITH"},{"data":"Capacitor","floor":23,"key":"SMITH"},{"data":"Darkness","floor":25,"key":"SMITH"},{"data":"Buffer","floor":32,"key":"SMITH"},{"data":"Coolheaded","floor":40,"key":"SMITH"},{"data":"Loop","floor":49,"key":"SMITH"}],"neow_cost":"NONE","seed_source_timestamp":2212140345686300,"circlet_count":0,"master_deck":["Strike_B","Defend_B","Defend_B","Defend_B","Defend_B","Zap+1","Dualcast","Barrage+1","Sunder+1","Ball Lightning","Capacitor+1","Stack","Go for the Eyes+1","Chill","Coolheaded","All For One","Conserve Battery","Steam","Darkness+1","Coolheaded+1","White Noise+1","Rebound","Electrodynamics","Gash+1","BootSequence","Buffer+1","Echo Form","Glacier+1","Reinforced Body","Darkness+1","White Noise+1","Chill+1","Compile Driver+1","Blizzard","Loop+1","Loop+1"],"special_seed":0,"relics":["Cracked Core","Bloody Idol","DataDisk","Pantograph","Sozu","Bag of Marbles","Bag of Preparation","DollysMirror","Gambling Chip","Bottled Tornado","Inserter","Mummified Hand","Meat on the Bone","Potion Belt"],"potions_floor_usage":[50,50],"damage_taken":[{"damage":0,"enemies":"Small Slimes","floor":1,"turns":4},{"damage":0,"enemies":"Jaw Worm","floor":4,"turns":3},{"damage":0,"enemies":"2 Louse","floor":5,"turns":2},{"damage":8,"enemies":"Lots of Slimes","floor":11,"turns":3},{"damage":7,"enemies":"Blue Slaver","floor":12,"turns":2},{"damage":21,"enemies":"Lagavulin","floor":13,"turns":6},{"damage":5,"enemies":"2 Fungi Beasts","floor":14,"turns":3},{"damage":12,"enemies":"The Guardian","floor":16,"turns":9},{"damage":6,"enemies":"Shell Parasite","floor":18,"turns":7},{"damage":13,"enemies":"Spheric Guardian","floor":19,"turns":4},{"damage":5,"enemies":"Snake Plant","floor":21,"turns":5},{"damage":0,"enemies":"3 Cultists","floor":27,"turns":4},{"damage":0,"enemies":"Sentry and Sphere","floor":29,"turns":2},{"damage":14,"enemies":"Slavers","floor":30,"turns":4},{"damage":0,"enemies":"Snake Plant","floor":31,"turns":4},{"damage":1,"enemies":"Automaton","floor":33,"turns":9},{"damage":0,"enemies":"3 Darklings","floor":35,"turns":3},{"damage":1,"enemies":"3 Shapes","floor":37,"turns":3},{"damage":1,"enemies":"Writhing Mass","floor":39,"turns":8},{"damage":0,"enemies":"Transient","floor":41,"turns":5},{"damage":0,"enemies":"3 Darklings","floor":42,"turns":3},{"damage":0,"enemies":"Sphere and 2 Shapes","floor":44,"turns":5},{"damage":0,"enemies":"Spire Growth","floor":45,"turns":5},{"damage":0,"enemies":"3 Darklings","floor":46,"turns":6},{"damage":0,"enemies":"Giant Head","floor":47,"turns":8},{"damage":43,"enemies":"Awakened One","floor":50,"turns":15}],"seed_played":"2707690389362358018","potions_obtained":[{"floor":1,"key":"Poison Potion"},{"floor":14,"key":"GamblersBrew"},{"floor":16,"key":"Fire Potion"}],"is_trial":false,"path_per_floor":["M","?","$","M","M","R","?","R","T","?","M","M","E","M","R","B",null,"M","M","?","M","?","R","$","R","T","M","?","M","E","M","R","B",null,"M","?","M","$","M","R","M","M","T","M","M","M","E","?","R","B",null],"character_chosen":"DEFECT","items_purchased":["Sunder","Bag of Preparation","DollysMirror","Mummified Hand"],"campfire_rested":0,"item_purchase_floors":[3,24,24,38],"current_hp_per_floor":[75,75,75,75,75,75,57,57,57,57,49,42,21,16,16,29,75,69,56,56,56,56,56,56,56,56,61,61,66,57,62,62,75,75,75,75,75,75,75,75,75,75,75,75,75,75,75,71,71,40],"gold":220,"neow_bonus":"REMOVE_CARD","is_prod":false,"is_daily":false,"chose_seed":false,"campfire_upgraded":8,"win_rate":0,"timestamp":1565954843,"path_taken":["M","?","$","M","M","R","?","R","T","?","M","M","E","M","R","BOSS","M","?","?","M","?","R","$","R","T","M","?","M","E","M","R","BOSS","M","?","M","$","M","R","?","M","T","M","M","M","E","?","R","BOSS"],"build_version":"2019-07-17","purchased_purges":1,"victory":true,"max_hp_per_floor":[75,75,75,75,75,75,75,75,75,75,75,75,75,75,75,75,75,75,75,75,75,75,75,75,75,75,75,75,75,75,75,75,75,75,75,75,75,75,75,75,75,75,75,75,75,75,75,71,71,71],"card_choices":[{"not_picked":["Recycle","BootSequence"],"picked":"Barrage","floor":1},{"not_picked":["Leap","Compile Driver"],"picked":"Ball Lightning","floor":4},{"not_picked":["Beam Cell","Turbo"],"picked":"Capacitor","floor":5},{"not_picked":["Steam Power","Turbo"],"picked":"Stack","floor":11},{"not_picked":["Hello World","Redo"],"picked":"Go for the Eyes","floor":12},{"not_picked":["Reprogram","Steam Power"],"picked":"Chill","floor":13},{"not_picked":["Skim","Barrage"],"picked":"Coolheaded","floor":14},{"not_picked":["Multi-Cast","Meteor Strike"],"picked":"All For One","floor":16},{"not_picked":["Gash","Heatsinks"],"picked":"Conserve Battery","floor":18},{"not_picked":["Sweeping Beam","Turbo"],"picked":"Steam","floor":19},{"not_picked":["Turbo","Ball Lightning"],"picked":"Darkness","floor":21},{"not_picked":["Stack","Scrape"],"picked":"White Noise","floor":27},{"not_picked":["Leap","Beam Cell+1"],"picked":"Gash+1","floor":29},{"not_picked":["Sweeping Beam","Hologram"],"picked":"BootSequence","floor":30},{"not_picked":["Steam","Hello World"],"picked":"Buffer","floor":31},{"not_picked":["Reboot","Hyperbeam"],"picked":"Echo Form","floor":33},{"not_picked":["Leap+1","Barrage"],"picked":"Glacier+1","floor":35},{"not_picked":["Auto Shields","Beam Cell+1"],"picked":"Reinforced Body","floor":37},{"not_picked":["Steam Power","Beam Cell"],"picked":"Darkness+1","floor":39},{"not_picked":["Hello World+1","Redo"],"picked":"White Noise+1","floor":41},{"not_picked":["Go for the Eyes+1","Fission"],"picked":"Chill+1","floor":42},{"not_picked":["Barrage","Stack+1"],"picked":"Compile Driver+1","floor":44},{"not_picked":["Barrage","Reprogram"],"picked":"Blizzard","floor":45},{"not_picked":["Turbo","Hologram+1"],"picked":"Loop+1","floor":46},{"not_picked":["Go for the Eyes+1","Tempest"],"picked":"Loop","floor":47}],"player_experience":159059,"relics_obtained":[{"floor":9,"key":"DataDisk"},{"floor":13,"key":"Pantograph"},{"floor":26,"key":"Gambling Chip"},{"floor":30,"key":"Bottled Tornado"},{"floor":43,"key":"Meat on the Bone"},{"floor":47,"key":"Potion Belt"}],"event_choices":[{"damage_healed":0,"gold_gain":0,"player_choice":"Grow","damage_taken":0,"max_hp_gain":0,"max_hp_loss":0,"event_name":"Living Wall","floor":2,"gold_loss":0,"cards_upgraded":["Zap"]},{"damage_healed":0,"gold_gain":0,"player_choice":"Take Damage","damage_taken":18,"relics_obtained":["Golden Idol"],"max_hp_gain":0,"max_hp_loss":0,"event_name":"Golden Idol","floor":7,"gold_loss":0},{"damage_healed":0,"gold_gain":100,"player_choice":"Pray","damage_taken":0,"max_hp_gain":0,"max_hp_loss":0,"event_name":"Golden Shrine","floor":10,"gold_loss":0},{"damage_healed":0,"gold_gain":0,"player_choice":"Gave Idol","damage_taken":0,"relics_obtained":["Bloody Idol"],"max_hp_gain":0,"max_hp_loss":0,"event_name":"Forgotten Altar","floor":20,"relics_lost":["Golden Idol"],"gold_loss":0},{"damage_healed":0,"gold_gain":0,"player_choice":"Opened","damage_taken":0,"relics_obtained":["Bag of Marbles"],"max_hp_gain":0,"max_hp_loss":0,"event_name":"The Mausoleum","floor":22,"gold_loss":0,"cards_obtained":["Writhe"]},{"damage_healed":0,"gold_gain":0,"cards_transformed":["Strike_B","Strike_B"],"player_choice":"Became Test Subject","damage_taken":0,"max_hp_gain":0,"max_hp_loss":0,"event_name":"Drug Dealer","floor":28,"gold_loss":0,"cards_obtained":["Rebound","Electrodynamics"]},{"damage_healed":0,"gold_gain":0,"player_choice":"Upgraded","damage_taken":0,"max_hp_gain":0,"max_hp_loss":0,"event_name":"Upgrade Shrine","floor":36,"gold_loss":0,"cards_upgraded":["White Noise"]},{"damage_healed":0,"gold_gain":0,"player_choice":"Max HP","damage_taken":0,"max_hp_gain":0,"max_hp_loss":4,"event_name":"Winding Halls","floor":48,"gold_loss":0}],"is_beta":false,"boss_relics":[{"not_picked":["Empty Cage","FrozenCore"],"picked":"Sozu"},{"not_picked":["Snecko Eye","Philosopher\u0027s Stone"],"picked":"Inserter"}],"items_purged_floors":[24],"is_endless":false,"potions_floor_spawned":[1,14,16,18,27,30,33,35,39,44,46,47],"ascension_level":0}