{"gold_per_floor":[117,137,150,24,24,49,49,49,49,49,64,64,80,111,111,189,189,201,171,17,29,43,43,75,0,0,0],"floor_reached":27,"playtime":1113,"items_purged":["Strike_R"],"score":532,"play_id":"013df4c6-03af-4ce7-b033-1c4be060b569","local_time":"20190810090034","is_ascension_mode":true,"campfire_choices":[{"data":"Armaments","floor":8.0,"key":"SMITH"},{"data":"Feel No Pain","floor":12.0,"key":"SMITH"},{"data":"Combust","floor":15.0,"key":"SMITH"},{"floor":23,"key":"REST"}],"neow_cost":"NONE","seed_source_timestamp":32510743799000,"circlet_count":0,"master_deck":["AscendersBane","Strike_R","Strike_R","Strike_R","Defend_R","Defend_R","Defend_R","Defend_R","Bash","Combust+1","Twin Strike","Pommel Strike","Armaments+1","Intimidate","Feel No Pain+1","Infernal Blade","Sever Soul","Juggernaut","Feel No Pain","Power Through","True Grit","Metallicize"],"special_seed":0,"relics":["Burning Blood","Blue Candle","Letter Opener","Ornamental Fan","Mark of Pain","Bottled Lightning","Frozen Egg 2"],"potions_floor_usage":[18,24],"damage_taken":[{"damage":9.0,"enemies":"2 Louse","floor":1.0,"turns":4.0},{"damage":6.0,"enemies":"Small Slimes","floor":2.0,"turns":3.0},{"damage":9.0,"enemies":"Cultist","floor":3.0,"turns":4.0},{"damage":58.0,"enemies":"Gremlin Nob","floor":6.0,"turns":5.0},{"damage":17.0,"enemies":"Red Slaver","floor":11.0,"turns":4.0},{"damage":1.0,"enemies":"2 Fungi Beasts","floor":13.0,"turns":4.0},{"damage":3.0,"enemies":"Lagavulin","floor":14.0,"turns":6.0},{"damage":42,"enemies":"Slime Boss","floor":16,"turns":11},{"damage":17,"enemies":"3 Byrds","floor":18,"turns":5},{"damage":9,"enemies":"Spheric Guardian","floor":21,"turns":4},{"damage":23,"enemies":"Centurion and Healer","floor":22,"turns":7},{"damage":15,"enemies":"Gremlin Leader","floor":24,"turns":8},{"damage":52,"enemies":"Book of Stabbing","floor":27,"turns":5}],"seed_played":"1906958493220787528","potions_obtained":[{"floor":1.0,"key":"LiquidBronze"},{"floor":10.0,"key":"Regen Potion"},{"floor":10.0,"key":"EssenceOfSteel"},{"floor":14.0,"key":"Block Potion"},{"floor":19,"key":"Dexterity Potion"},{"floor":19,"key":"Poison Potion"},{"floor":21,"key":"Energy Potion"},{"floor":22,"key":"Explosive Potion"}],"is_trial":false,"path_per_floor":["M","M","M","$","?","E","?","R","T","?","M","R","M","E","R","B",null,"M","?","$","M","M","R","E","?","T","E"],"character_chosen":"IRONCLAD","items_purchased":["Armaments","Feel No Pain","Power Through"],"campfire_rested":1,"item_purchase_floors":[4,20,20],"current_hp_per_floor":[72,72,69,69,69,17,44,44,44,44,33,33,38,56,56,20,67,56,56,56,53,36,60,51,51,51,0],"gold":0,"neow_bonus":"TEN_PERCENT_HP_BONUS","is_prod":false,"is_daily":false,"chose_seed":false,"campfire_upgraded":3,"win_rate":0,"timestamp":1565442034,"path_taken":["M","M","M","$","?","E","?","R","T","?","M","R","M","E","R","BOSS","M","?","$","?","M","R","E","?","T","E"],"build_version":"2019-07-17","purchased_purges":1,"victory":false,"max_hp_per_floor":[82,82,82,82,82,82,82,82,82,82,82,82,82,82,82,82,82,82,82,82,82,82,82,82,82,82,82],"card_choices":[{"not_picked":["Pommel Strike","Sword Boomerang"],"picked":"Combust","floor":1.0},{"not_picked":["Dropkick","Bloodletting"],"picked":"Twin Strike","floor":2.0},{"not_picked":["Combust","Demon Form"],"picked":"Pommel Strike","floor":3.0},{"not_picked":["Pummel","Searing Blow"],"picked":"Intimidate","floor":6.0},{"not_picked":["Pommel Strike","Havoc"],"picked":"Feel No Pain","floor":11.0},{"not_picked":["Wild Strike","Thunderclap"],"picked":"Infernal Blade","floor":13.0},{"not_picked":["Fire Breathing","Hemokinesis"],"picked":"Sever Soul","floor":14.0},{"not_picked":["Barricade","Exhume"],"picked":"Juggernaut","floor":16},{"not_picked":["Armaments","Flex","Twin Strike"],"picked":"SKIP","floor":18},{"not_picked":["Flame Barrier","Sword Boomerang"],"picked":"True Grit","floor":21},{"not_picked":["Flex","Burning Pact"],"picked":"Metallicize","floor":22},{"not_picked":["Heavy Blade","Combust","Armaments"],"picked":"SKIP","floor":24}],"player_experience":1456053,"relics_obtained":[{"floor":6.0,"key":"Blue Candle"},{"floor":9.0,"key":"Letter Opener"},{"floor":14.0,"key":"Ornamental Fan"},{"floor":24,"key":"Bottled Lightning"},{"floor":26,"key":"Frozen Egg 2"}],"event_choices":[{"damage_healed":0.0,"max_hp_gain":0.0,"max_hp_loss":0.0,"gold_gain":0.0,"event_name":"Liars Game","player_choice":"Ignored","floor":5.0,"gold_loss":0.0,"damage_taken":0.0},{"damage_healed":27.0,"max_hp_gain":0.0,"max_hp_loss":0.0,"gold_gain":0.0,"event_name":"Big Fish","player_choice":"Banana","floor":7.0,"gold_loss":0.0,"damage_taken":0.0},{"damage_healed":0.0,"max_hp_gain":0.0,"max_hp_loss":0.0,"gold_gain":0.0,"event_name":"Lab","player_choice":"Got Potions","floor":10.0,"gold_loss":0.0,"damage_taken":0.0},{"damage_healed":0,"gold_gain":0,"player_choice":"Bought 2 Potions","damage_taken":0,"max_hp_gain":0,"max_hp_loss":0,"event_name":"The Woman in Blue","floor":19,"gold_loss":0},{"cards_removed":["Strike_R"],"damage_healed":0,"gold_gain":0,"player_choice":"Gave Gold","damage_taken":0,"max_hp_gain":0,"max_hp_loss":0,"event_name":"Beggar","floor":25,"gold_loss":75}],"is_beta":false,"boss_relics":[{"not_picked":["Orrery","Philosopher\u0027s Stone"],"picked":"Mark of Pain"}],"items_purged_floors":[4],"is_endless":false,"potions_floor_spawned":[1,11,13,14,21,22],"killed_by":"Book of Stabbing","ascension_level":20}