{"gold_per_floor":[112,31,42,53,70,102,114,114,139,139,156,168,168,198,198,301,301,313,313,160,160,150,150,185,185,185,213,213,213,223,236,236,337,337,354,364,70,70,86,121,121,343,369,401,413,443,481,505,517,529],"floor_reached":51,"playtime":2851,"items_purged":["Strike_R+1","Strike_R+1"],"score":836,"play_id":"1aec2fbb-5f15-4174-8ca5-5a69286d403a","local_time":"20190826201358","is_ascension_mode":false,"campfire_choices":[{"data":"Bash","floor":8.0,"key":"SMITH"},{"data":"Clothesline","floor":10.0,"key":"SMITH"},{"data":"Disarm","floor":15.0,"key":"SMITH"},{"data":"Fiend Fire","floor":23.0,"key":"SMITH"},{"data":"Disarm","floor":25.0,"key":"SMITH"},{"data":"Disarm","floor":29.0,"key":"SMITH"},{"data":"Metallicize","floor":32.0,"key":"SMITH"},{"data":"Barricade","floor":41.0,"key":"SMITH"},{"data":"Feel No Pain","floor":49,"key":"SMITH"}],"neow_cost":"NONE","seed_source_timestamp":522677093577100,"circlet_count":0,"master_deck":["Strike_R+1","Strike_R+1","Defend_R+1","Defend_R+1","Defend_R+1","Defend_R+1","Bash+1","Carnage+1","Clothesline+1","Twin Strike","Disarm+1","Metallicize","Fiend Fire+1","Anger","Metallicize","Iron Wave","Impervious","Impervious","Disarm+1","Metallicize+1","Feel No Pain+1","Disarm+1","Inflame+1","Spot Weakness+1","Metallicize","Barricade+1","Warcry+1","Entrench+1","Shrug It Off","Entrench+1","Body Slam","Body Slam+1"],"special_seed":0,"relics":["Burning Blood","Paper Frog","Bag of Preparation","PreservedInsect","Oddly Smooth Stone","Sozu","Red Mask","Mummified Hand","Bronze Scales","Black Star","ClockworkSouvenir","Ancient Tea Set","Calipers","MawBank","Shovel"],"potions_floor_usage":[50,50],"damage_taken":[{"damage":3.0,"enemies":"2 Louse","floor":1.0,"turns":3.0},{"damage":1.0,"enemies":"Cultist","floor":3.0,"turns":3.0},{"damage":6.0,"enemies":"Jaw Worm","floor":4.0,"turns":2.0},{"damage":20.0,"enemies":"Exordium Wildlife","floor":5.0,"turns":5.0},{"damage":19.0,"enemies":"Gremlin Nob","floor":6.0,"turns":4.0},{"damage":8.0,"enemies":"3 Louse","floor":7.0,"turns":3.0},{"damage":5.0,"enemies":"Looter","floor":11.0,"turns":4.0},{"damage":2.0,"enemies":"2 Fungi Beasts","floor":12.0,"turns":5.0},{"damage":11.0,"enemies":"Lagavulin","floor":14.0,"turns":5.0},{"damage":3.0,"enemies":"The Guardian","floor":16.0,"turns":13.0},{"damage":3.0,"enemies":"Shell Parasite","floor":18.0,"turns":5.0},{"damage":0.0,"enemies":"2 Thieves","floor":22.0,"turns":4.0},{"damage":6.0,"enemies":"Masked Bandits","floor":24.0,"turns":6.0},{"damage":1.0,"enemies":"Gremlin Leader","floor":27.0,"turns":7.0},{"damage":0.0,"enemies":"Sentry and Sphere","floor":30.0,"turns":5.0},{"damage":0.0,"enemies":"Snecko","floor":31.0,"turns":4.0},{"damage":30.0,"enemies":"Collector","floor":33.0,"turns":11.0},{"damage":13.0,"enemies":"Orb Walker","floor":35.0,"turns":4.0},{"damage":26.0,"enemies":"3 Darklings","floor":36.0,"turns":8.0},{"damage":0.0,"enemies":"Sphere and 2 Shapes","floor":39.0,"turns":8.0},{"damage":0.0,"enemies":"Nemesis","floor":40.0,"turns":11.0},{"damage":22.0,"enemies":"Jaw Worm Horde","floor":44.0,"turns":6.0},{"damage":0.0,"enemies":"3 Darklings","floor":46.0,"turns":8.0},{"damage":0.0,"enemies":"Maw","floor":47.0,"turns":8.0},{"damage":0,"enemies":"Spire Growth","floor":48,"turns":5},{"damage":0,"enemies":"Time Eater","floor":50,"turns":8}],"seed_played":"-3060965520310201927","potions_obtained":[{"floor":5.0,"key":"PowerPotion"},{"floor":6.0,"key":"Energy Potion"},{"floor":11.0,"key":"Ancient Potion"}],"is_trial":false,"path_per_floor":["M","?","M","M","M","E","M","R","T","R","M","M","?","E","R","B",null,"M","?","$","?","M","R","?","R","T","E","?","R","M","M","R","B",null,"M","M","$","?","M","E","R","?","T","M","T","M","M","M","R","B",null],"character_chosen":"IRONCLAD","items_purchased":["Metallicize","ClockworkSouvenir"],"campfire_rested":0,"item_purchase_floors":[20,37],"current_hp_per_floor":[80,80,80,80,66,53,51,51,51,51,52,56,56,51,51,54,80,80,80,80,80,80,80,80,80,80,80,80,80,80,80,80,56,80,73,53,53,53,59,65,65,65,65,49,49,55,61,67,67,73],"gold":541,"neow_bonus":"TRANSFORM_CARD","is_prod":false,"is_daily":false,"chose_seed":false,"campfire_upgraded":9,"win_rate":0,"timestamp":1566818038,"path_taken":["M","?","?","M","M","E","M","R","T","R","M","M","?","E","R","BOSS","M","?","$","?","M","R","?","R","T","E","?","R","?","M","R","BOSS","M","M","$","?","M","E","R","?","T","M","?","M","M","M","R","BOSS"],"build_version":"2019-07-17","purchased_purges":2,"victory":true,"max_hp_per_floor":[80,80,80,80,80,80,80,80,80,80,80,80,80,80,80,80,80,80,80,80,80,80,80,80,80,80,80,80,80,80,80,80,80,80,80,80,80,80,80,80,80,80,80,80,80,80,80,80,80,80],"card_choices":[{"not_picked":["Perfected Strike","Cleave"],"picked":"Clothesline","floor":1.0},{"not_picked":["True Grit","Sword Boomerang"],"picked":"Twin Strike","floor":3.0},{"not_picked":["Pummel","Havoc"],"picked":"Disarm","floor":4.0},{"not_picked":["Twin Strike","Feel No Pain"],"picked":"Metallicize","floor":5.0},{"not_picked":["Shrug It Off","Warcry"],"picked":"Fiend Fire","floor":6.0},{"not_picked":["Shockwave","Warcry"],"picked":"Anger","floor":7.0},{"not_picked":["Shrug It Off","Sword Boomerang"],"picked":"Metallicize","floor":11.0},{"not_picked":["Combust","Sword Boomerang"],"picked":"Iron Wave","floor":12.0},{"not_picked":["Sword Boomerang","Pommel Strike"],"picked":"Impervious","floor":14.0},{"not_picked":["Fiend Fire","Reaper"],"picked":"Impervious","floor":16.0},{"not_picked":["Headbutt+1","Flex"],"picked":"Disarm","floor":18.0},{"not_picked":["Armaments+1","Pommel Strike"],"picked":"Feel No Pain","floor":22.0},{"not_picked":["Flex+1","Combust+1"],"picked":"Disarm","floor":24.0},{"not_picked":["Shrug It Off","Pummel"],"picked":"Inflame","floor":27.0},{"not_picked":["Metallicize","Clothesline"],"picked":"Spot Weakness+1","floor":30.0},{"not_picked":["Armaments","Sever Soul"],"picked":"Metallicize","floor":31.0},{"not_picked":["Exhume","Juggernaut"],"picked":"Barricade","floor":33.0},{"not_picked":["Sentinel","Searing Blow+1"],"picked":"Warcry+1","floor":35.0},{"not_picked":["Feel No Pain+1","Perfected Strike+1"],"picked":"Entrench+1","floor":36.0},{"not_picked":["Seeing Red","Anger"],"picked":"Shrug It Off","floor":39.0},{"not_picked":["Perfected Strike+1","Hemokinesis","Sword Boomerang"],"picked":"SKIP","floor":40.0},{"not_picked":["Spot Weakness+1","Shrug It Off"],"picked":"Entrench+1","floor":44.0},{"not_picked":["Shrug It Off","Perfected Strike+1","Havoc"],"picked":"SKIP","floor":46.0},{"not_picked":["Pommel Strike+1","Dark Embrace"],"picked":"Body Slam","floor":47},{"not_picked":["Combust","Anger+1"],"picked":"Body Slam+1","floor":48}],"player_experience":227823,"relics_obtained":[{"floor":6.0,"key":"Bag of Preparation"},{"floor":9.0,"key":"PreservedInsect"},{"floor":14.0,"key":"Oddly Smooth Stone"},{"floor":24.0,"key":"Red Mask"},{"floor":26.0,"key":"Mummified Hand"},{"floor":27.0,"key":"Bronze Scales"},{"floor":40.0,"key":"Ancient Tea Set"},{"floor":40.0,"key":"Calipers"},{"floor":43.0,"key":"MawBank"},{"floor":45.0,"key":"Shovel"}],"event_choices":[{"damage_healed":0.0,"max_hp_gain":0.0,"max_hp_loss":0.0,"gold_gain":0.0,"event_name":"WeMeetAgain","player_choice":"Paid Gold","floor":2.0,"gold_loss":81.0,"damage_taken":0.0,"relics_obtained":["Paper Frog"]},{"damage_healed":0.0,"max_hp_gain":0.0,"max_hp_loss":0.0,"gold_gain":0.0,"event_name":"Living Wall","player_choice":"Grow","floor":13.0,"gold_loss":0.0,"damage_taken":0.0,"cards_upgraded":["Carnage"]},{"damage_healed":0.0,"max_hp_gain":0.0,"max_hp_loss":0.0,"gold_gain":0.0,"event_name":"Back to Basics","player_choice":"Simplicity","floor":19.0,"gold_loss":0.0,"damage_taken":0.0,"cards_upgraded":["Strike_R","Strike_R","Strike_R","Strike_R","Defend_R","Defend_R","Defend_R","Defend_R"]},{"damage_healed":0.0,"max_hp_gain":0.0,"max_hp_loss":0.0,"gold_gain":0.0,"event_name":"Ghosts","player_choice":"Ignored","floor":21.0,"gold_loss":0.0,"damage_taken":0.0},{"damage_healed":0.0,"max_hp_gain":0.0,"max_hp_loss":0.0,"gold_gain":0.0,"event_name":"Masked Bandits","player_choice":"Fought Bandits","floor":24.0,"gold_loss":0.0,"damage_taken":0.0},{"damage_healed":0.0,"max_hp_gain":0.0,"max_hp_loss":0.0,"gold_gain":0.0,"event_name":"Upgrade Shrine","player_choice":"Upgraded","floor":28.0,"gold_loss":0.0,"damage_taken":0.0,"cards_upgraded":["Inflame"]},{"damage_healed":0.0,"max_hp_gain":0.0,"max_hp_loss":0.0,"gold_gain":0.0,"event_name":"Mysterious Sphere","player_choice":"Ignored","floor":38.0,"gold_loss":0.0,"damage_taken":0.0},{"damage_healed":0.0,"max_hp_gain":0.0,"max_hp_loss":0.0,"gold_gain":222.0,"event_name":"Tomb of Lord Red Mask","player_choice":"Wore Mask","floor":42.0,"gold_loss":0.0,"damage_taken":0.0}],"is_beta":false,"boss_relics":[{"not_picked":["Runic Pyramid","Velvet Choker"],"picked":"Sozu"},{"not_picked":["Tiny House","Orrery"],"picked":"Black Star"}],"items_purged_floors":[20,37],"is_endless":false,"potions_floor_spawned":[5,6,11,12,18,22,27,36,39,46,47,48],"ascension_level":0}