{"gold_per_floor":[114,130,130,130,142,174,174,187,187,201,201,70,81,100,100,171,171,184,203,203,15,15,15,41,41,67,67,77,96,96,96,96,96],"floor_reached":33,"playtime":1581,"items_purged":["Strike_R"],"score":534,"play_id":"5f1b0ca0-b5f2-4aff-9cf7-ae1951ed4145","local_time":"20190721155911","is_ascension_mode":true,"campfire_choices":[{"data":"Inflame","floor":7.0,"key":"SMITH"},{"data":"Armaments","floor":11.0,"key":"SMITH"},{"floor":15.0,"key":"REST"},{"data":"Disarm","floor":23.0,"key":"SMITH"},{"data":"Combust","floor":25.0,"key":"SMITH"},{"data":"Bash","floor":27.0,"key":"SMITH"},{"data":"Corruption","floor":30,"key":"SMITH"},{"floor":32,"key":"REST"}],"neow_cost":"NONE","seed_source_timestamp":0,"circlet_count":0,"master_deck":["AscendersBane","Strike_R","Defend_R","Defend_R","Defend_R","Defend_R","Bash+1","Combust+1","Twin Strike","Pommel Strike","Inflame+1","Armaments+1","Disarm+1","Offering","Clothesline","Battle Trance","Master of Strategy","Bloodletting","Thunderclap","Decay","Corruption+1","True Grit"],"special_seed":0,"relics":["Burning Blood","Calipers","Mango","Cursed Key","Meat on the Bone","Red Skull"],"potions_floor_usage":[29],"damage_taken":[{"damage":3.0,"enemies":"2 Louse","floor":1.0,"turns":3.0},{"damage":6.0,"enemies":"Jaw Worm","floor":2.0,"turns":4.0},{"damage":1.0,"enemies":"Cultist","floor":5.0,"turns":3.0},{"damage":36.0,"enemies":"Gremlin Nob","floor":6.0,"turns":4.0},{"damage":13.0,"enemies":"Blue Slaver","floor":8.0,"turns":3.0},{"damage":25.0,"enemies":"Lots of Slimes","floor":10.0,"turns":4.0},{"damage":6.0,"enemies":"Exordium Wildlife","floor":13.0,"turns":3.0},{"damage":14.0,"enemies":"Red Slaver","floor":14.0,"turns":6.0},{"damage":31.0,"enemies":"Slime Boss","floor":16.0,"turns":7.0},{"damage":6.0,"enemies":"3 Byrds","floor":18.0,"turns":2.0},{"damage":7.0,"enemies":"Shell Parasite","floor":19.0,"turns":3.0},{"damage":60.0,"enemies":"Slavers","floor":24.0,"turns":5.0},{"damage":12.0,"enemies":"3 Cultists","floor":28.0,"turns":3.0},{"damage":14,"enemies":"Sentry and Sphere","floor":29,"turns":4},{"damage":61,"enemies":"Automaton","floor":33,"turns":6}],"seed_played":"8157999696061829325","potions_obtained":[{"floor":0.0,"key":"PowerPotion"},{"floor":0.0,"key":"FearPotion"},{"floor":8.0,"key":"Ancient Potion"},{"floor":14.0,"key":"LiquidBronze"},{"floor":18.0,"key":"SpeedPotion"},{"floor":24.0,"key":"SpeedPotion"}],"is_trial":false,"path_per_floor":["M","M","?","?","M","E","R","M","T","M","R","$","M","M","R","B",null,"M","M","?","$","?","R","E","R","T","R","M","M","R","?","R","B"],"character_chosen":"IRONCLAD","items_purchased":["Fire Potion","Master of Strategy"],"campfire_rested":2,"item_purchase_floors":[12,21],"current_hp_per_floor":[71,71,64,64,69,39,39,32,46,27,27,27,27,19,45,20,72,72,71,71,71,71,71,17,17,17,17,23,27,27,27,53,0],"gold":96,"neow_bonus":"THREE_SMALL_POTIONS","is_prod":false,"is_daily":false,"chose_seed":false,"campfire_upgraded":6,"win_rate":0,"timestamp":1563739151,"path_taken":["M","M","?","?","M","E","R","M","T","M","R","$","M","M","R","BOSS","M","M","?","$","?","R","E","R","T","R","?","M","R","?","R","BOSS"],"build_version":"2019-07-17","purchased_purges":1,"victory":false,"max_hp_per_floor":[75,75,75,75,75,75,75,75,89,89,89,89,89,89,89,89,89,89,89,89,89,89,89,89,89,89,89,89,89,89,89,89,89],"card_choices":[{"not_picked":["Seeing Red","Rampage"],"picked":"Combust","floor":1.0},{"not_picked":["Iron Wave","Reckless Charge"],"picked":"Twin Strike","floor":2.0},{"not_picked":["Headbutt","Warcry"],"picked":"Pommel Strike","floor":5.0},{"not_picked":["Brutality","Spot Weakness"],"picked":"Inflame","floor":6.0},{"not_picked":["Searing Blow","Rage","Warcry"],"picked":"SKIP","floor":8.0},{"not_picked":["Clash","Clothesline"],"picked":"Armaments","floor":10.0},{"not_picked":["Heavy Blade","Corruption"],"picked":"Disarm","floor":13.0},{"not_picked":["Barricade","Intimidate","Twin Strike"],"picked":"SKIP","floor":14.0},{"not_picked":["Dark Embrace","Reaper"],"picked":"Offering","floor":16.0},{"not_picked":["Wild Strike","Iron Wave","Armaments"],"picked":"SKIP","floor":18.0},{"not_picked":["Clash","Dual Wield"],"picked":"Clothesline","floor":19.0},{"not_picked":["Dropkick","True Grit"],"picked":"Thunderclap","floor":24.0},{"not_picked":["Shrug It Off","True Grit"],"picked":"Corruption","floor":28.0},{"not_picked":["Body Slam","Power Through","Bloodletting"],"picked":"SKIP","floor":29}],"player_experience":1380733,"relics_obtained":[{"floor":6.0,"key":"Calipers"},{"floor":9.0,"key":"Mango"},{"floor":24.0,"key":"Meat on the Bone"},{"floor":26.0,"key":"Red Skull"}],"event_choices":[{"cards_removed":["Strike_R"],"damage_healed":0.0,"max_hp_gain":0.0,"max_hp_loss":0.0,"gold_gain":0.0,"event_name":"Golden Wing","player_choice":"Card Removal","floor":3.0,"gold_loss":0.0,"damage_taken":7.0},{"damage_healed":0.0,"max_hp_gain":0.0,"max_hp_loss":0.0,"gold_gain":0.0,"event_name":"Liars Game","player_choice":"Ignored","floor":4.0,"gold_loss":0.0,"damage_taken":0.0},{"damage_healed":0.0,"max_hp_gain":0.0,"max_hp_loss":0.0,"gold_gain":0.0,"event_name":"The Library","player_choice":"Read","floor":20.0,"gold_loss":0.0,"damage_taken":0.0,"cards_obtained":["Battle Trance"]},{"damage_healed":0.0,"max_hp_gain":0.0,"max_hp_loss":0.0,"gold_gain":0.0,"cards_transformed":["Strike_R"],"event_name":"Transmorgrifier","player_choice":"Transformed","floor":22.0,"gold_loss":0.0,"damage_taken":0.0,"cards_obtained":["Bloodletting"]},{"damage_healed":0,"gold_gain":0,"cards_transformed":["Strike_R"],"player_choice":"Transformed","damage_taken":0,"max_hp_gain":0,"max_hp_loss":0,"event_name":"Transmorgrifier","floor":31,"gold_loss":0,"cards_obtained":["True Grit"]}],"is_beta":false,"boss_relics":[{"not_picked":["Calling Bell","Snecko Eye"],"picked":"Cursed Key"}],"items_purged_floors":[12],"is_endless":false,"potions_floor_spawned":[8,13,14,18,24],"killed_by":"Automaton","ascension_level":20}