{"gold_per_floor":[109,109,109,126,143,178,178,206,206,206,216,216,0,27,27,102,102,115,115],"floor_reached":19,"playtime":685,"items_purged":[],"score":350,"play_id":"830aa74c-5fbb-424a-b0a3-26d051232603","local_time":"20190531184145","is_ascension_mode":true,"campfire_choices":[{"data":"Armaments","floor":7,"key":"SMITH"},{"data":"Inflame","floor":10,"key":"SMITH"},{"data":"Bash","floor":12,"key":"SMITH"},{"data":"Battle Trance","floor":15,"key":"SMITH"}],"neow_cost":"NONE","seed_source_timestamp":348278137570700,"circlet_count":0,"master_deck":["AscendersBane","Strike_R","Strike_R","Strike_R","Strike_R","Strike_R","Defend_R","Defend_R","Defend_R","Bash+1","Armaments+1","Inflame+1","Spot Weakness","Battle Trance+1","Feel No Pain","Spot Weakness","Reaper","Battle Trance","Limit Break","Combust"],"relics":["Burning Blood","NeowsBlessing","Bag of Preparation","Bird Faced Urn","Bottled Tornado","Odd Mushroom","Black Star"],"potions_floor_usage":[6,6,6,6,16],"damage_taken":[{"damage":0,"enemies":"2 Louse","floor":1,"turns":2},{"damage":0,"enemies":"Jaw Worm","floor":4,"turns":1},{"damage":0,"enemies":"Cultist","floor":5,"turns":1},{"damage":25,"enemies":"3 Sentries","floor":6,"turns":6},{"damage":32,"enemies":"Gremlin Nob","floor":8,"turns":4},{"damage":7,"enemies":"Looter","floor":11,"turns":5},{"damage":45,"enemies":"The Mushroom Lair","floor":14,"turns":5},{"damage":27,"enemies":"Hexaghost","floor":16,"turns":8},{"damage":36,"enemies":"Shell Parasite","floor":18,"turns":7},{"damage":71,"enemies":"Colosseum Slavers","floor":19,"turns":5}],"seed_played":"7095188798249062272","potions_obtained":[{"floor":3,"key":"EntropicBrew"},{"floor":3,"key":"Fire Potion"},{"floor":11,"key":"BloodPotion"},{"floor":16,"key":"EssenceOfSteel"}],"is_trial":false,"path_per_floor":["M","?","?","M","M","E","R","E","T","R","M","R","$","?","R","B",null,"M","?"],"character_chosen":"IRONCLAD","items_purchased":["Reaper","PowerPotion"],"campfire_rested":0,"item_purchase_floors":[13,13],"current_hp_per_floor":[74,67,67,73,75,56,56,30,30,30,33,33,33,26,26,48,68,67,0],"gold":115,"neow_bonus":"THREE_ENEMY_KILL","is_prod":false,"is_daily":false,"chose_seed":false,"campfire_upgraded":4,"win_rate":0,"timestamp":1559342505,"path_taken":["M","?","?","M","?","E","R","E","T","R","M","R","$","?","R","BOSS","M","?"],"build_version":"2019-01-23","purchased_purges":0,"victory":false,"max_hp_per_floor":[75,75,75,75,75,75,75,75,75,75,75,75,75,75,75,75,75,75,75],"card_choices":[{"not_picked":["Flex","Reckless Charge"],"picked":"Armaments","floor":1},{"not_picked":["Sword Boomerang","Heavy Blade"],"picked":"Inflame","floor":4},{"not_picked":["Thunderclap","Iron Wave"],"picked":"Spot Weakness","floor":5},{"not_picked":["Flex","Bloodletting"],"picked":"Battle Trance","floor":6},{"not_picked":["Rage","Entrench"],"picked":"Feel No Pain","floor":8},{"not_picked":["Headbutt","Clash"],"picked":"Spot Weakness","floor":11},{"not_picked":["Body Slam","Clash"],"picked":"Battle Trance","floor":14},{"not_picked":["Berserk","Dark Embrace"],"picked":"Limit Break","floor":16},{"not_picked":["Armaments","Sword Boomerang"],"picked":"Combust","floor":18}],"player_experience":1123758,"relics_obtained":[{"floor":6,"key":"Bag of Preparation"},{"floor":8,"key":"Bird Faced Urn"},{"floor":9,"key":"Bottled Tornado"},{"floor":14,"key":"Odd Mushroom"}],"event_choices":[{"cards_removed":["Defend_R"],"damage_healed":0,"gold_gain":0,"player_choice":"Card Removal","damage_taken":7,"max_hp_gain":0,"max_hp_loss":0,"event_name":"Golden Wing","floor":2,"gold_loss":0},{"damage_healed":0,"gold_gain":0,"player_choice":"Got Potions","damage_taken":0,"max_hp_gain":0,"max_hp_loss":0,"event_name":"Lab","floor":3,"gold_loss":0},{"damage_healed":0,"gold_gain":0,"player_choice":"Fought Mushrooms","damage_taken":0,"max_hp_gain":0,"max_hp_loss":0,"event_name":"Mushrooms","floor":14,"gold_loss":0},{"damage_healed":0,"gold_gain":0,"player_choice":"Fight","damage_taken":0,"max_hp_gain":0,"max_hp_loss":0,"event_name":"Colosseum","floor":19,"gold_loss":0}],"is_beta":false,"boss_relics":[{"not_picked":["Ectoplasm","Orrery"],"picked":"Black Star"}],"items_purged_floors":[],"is_endless":false,"potions_floor_spawned":[5,11,16],"killed_by":"Colosseum Slavers","ascension_level":20}