{"gold_per_floor":[109,109,123,48,64,64,104,104,104,118,141,185,185,218,218,311,311,334,249,264,314,337,337,22,46,46,64,7,43,168,192,192,192],"floor_reached":33,"playtime":1437,"items_purged":["Strike_B","Strike_B"],"score":624,"play_id":"d99f58ce-a1cf-4f40-9435-dca5d7ebab53","local_time":"20190803153125","is_ascension_mode":true,"campfire_choices":[{"data":"Beam Cell","floor":6.0,"key":"SMITH"},{"data":"Genetic Algorithm","floor":8.0,"key":"SMITH"},{"floor":13.0,"key":"REST"},{"floor":15.0,"key":"REST"},{"floor":23,"key":"REST"},{"floor":32,"key":"REST"}],"neow_cost":"NONE","seed_source_timestamp":594252119767600,"circlet_count":0,"master_deck":["AscendersBane","Strike_B","Strike_B","Defend_B","Defend_B","Defend_B","Defend_B","Zap","Dualcast","Streamline","Beam Cell+1","Doom and Gloom","Ball Lightning","Genetic Algorithm+1","Genetic Algorithm","Undo","Hologram","Capacitor","Fission","Lockon","Fusion+1","Lockon"],"special_seed":0,"relics":["Cracked Core","Golden Idol","Symbiotic Virus","Letter Opener","Lantern","Ancient Tea Set","Busted Crown","Omamori","MealTicket","FossilizedHelix","Bronze Scales","Dead Branch","Bottled Lightning"],"potions_floor_usage":[16,16,18,22,29,29,33],"damage_taken":[{"damage":1.0,"enemies":"2 Louse","floor":1.0,"turns":3.0},{"damage":0.0,"enemies":"Cultist","floor":3.0,"turns":2.0},{"damage":0.0,"enemies":"Small Slimes","floor":5.0,"turns":3.0},{"damage":14.0,"enemies":"Gremlin Nob","floor":7.0,"turns":3.0},{"damage":5.0,"enemies":"Blue Slaver","floor":10.0,"turns":3.0},{"damage":15.0,"enemies":"Large Slime","floor":11.0,"turns":7.0},{"damage":10.0,"enemies":"3 Sentries","floor":12.0,"turns":5.0},{"damage":26.0,"enemies":"Gremlin Nob","floor":14.0,"turns":4.0},{"damage":25,"enemies":"Slime Boss","floor":16,"turns":8},{"damage":0,"enemies":"3 Byrds","floor":18,"turns":3},{"damage":11,"enemies":"Shell Parasite","floor":20,"turns":4},{"damage":13,"enemies":"Sentry and Sphere","floor":22,"turns":6},{"damage":25,"enemies":"Snake Plant","floor":25,"turns":5},{"damage":0,"enemies":"Shelled Parasite and Fungi","floor":27,"turns":4},{"damage":0,"enemies":"Slavers","floor":29,"turns":4},{"damage":0,"enemies":"Colosseum Slavers","floor":30,"turns":4},{"damage":15,"enemies":"Colosseum Nobs","floor":30,"turns":4},{"damage":0,"enemies":"Chosen and Byrds","floor":31,"turns":4},{"damage":47,"enemies":"Collector","floor":33,"turns":8}],"seed_played":"-5281070771881962559","potions_obtained":[{"floor":3.0,"key":"Strength Potion"},{"floor":5.0,"key":"EntropicBrew"},{"floor":7.0,"key":"GamblersBrew"},{"floor":14.0,"key":"Strength Potion"},{"floor":16,"key":"GamblersBrew"},{"floor":20,"key":"Swift Potion"},{"floor":27,"key":"FearPotion"},{"floor":31,"key":"SkillPotion"}],"is_trial":false,"path_per_floor":["M","?","M","$","M","R","E","R","T","M","M","E","R","E","R","B",null,"M","?","M","?","M","R","$","M","T","M","$","E","?","M","R","B"],"character_chosen":"DEFECT","items_purchased":["MealTicket","Fire Potion"],"campfire_rested":4,"item_purchase_floors":[24,28],"current_hp_per_floor":[63,63,63,63,63,63,49,49,49,44,29,19,38,12,31,6,50,50,50,39,33,20,39,39,14,14,14,29,29,14,14,33,0],"gold":192,"neow_bonus":"THREE_CARDS","is_prod":false,"is_daily":false,"chose_seed":false,"campfire_upgraded":2,"win_rate":0,"timestamp":1564860685,"path_taken":["M","?","M","$","M","R","E","R","T","M","M","E","R","E","R","BOSS","M","?","M","?","M","R","$","?","T","M","$","E","?","M","R","BOSS"],"build_version":"2019-07-17","purchased_purges":2,"victory":false,"max_hp_per_floor":[71,64,64,64,64,64,64,64,64,64,64,64,64,64,64,64,64,64,64,64,64,64,64,64,64,64,64,64,64,64,64,64,64],"card_choices":[{"not_picked":["Stack","Redo"],"picked":"Streamline","floor":0.0},{"not_picked":["Self Repair","Streamline"],"picked":"Beam Cell","floor":1.0},{"not_picked":["FTL","Darkness"],"picked":"Doom and Gloom","floor":3.0},{"not_picked":["Auto Shields","Steam"],"picked":"Ball Lightning","floor":5.0},{"not_picked":["Go for the Eyes","Redo"],"picked":"Genetic Algorithm","floor":7.0},{"not_picked":["Turbo","Heatsinks"],"picked":"Genetic Algorithm","floor":10.0},{"not_picked":["Scrape","Compile Driver"],"picked":"Undo","floor":11.0},{"not_picked":["Beam Cell","Gash"],"picked":"Hologram","floor":12.0},{"not_picked":["Turbo","Sweeping Beam"],"picked":"Capacitor","floor":14.0},{"not_picked":["Creative AI","Hyperbeam"],"picked":"Fission","floor":16},{"not_picked":["Chaos"],"picked":"SKIP","floor":18},{"not_picked":[],"picked":"Lockon","floor":20},{"not_picked":["Hello World"],"picked":"SKIP","floor":22},{"not_picked":["Turbo"],"picked":"SKIP","floor":25},{"not_picked":["Stack"],"picked":"SKIP","floor":27},{"not_picked":[],"picked":"Fusion+1","floor":29},{"not_picked":[],"picked":"Lockon","floor":31}],"player_experience":1420552,"relics_obtained":[{"floor":7.0,"key":"Symbiotic Virus"},{"floor":9.0,"key":"Letter Opener"},{"floor":12.0,"key":"Lantern"},{"floor":14.0,"key":"Ancient Tea Set"},{"floor":26,"key":"FossilizedHelix"},{"floor":29,"key":"Bronze Scales"},{"floor":30,"key":"Dead Branch"},{"floor":30,"key":"Bottled Lightning"}],"event_choices":[{"damage_healed":0.0,"max_hp_gain":0.0,"max_hp_loss":7.0,"gold_gain":0.0,"event_name":"Golden Idol","player_choice":"Lose Max HP","floor":2.0,"gold_loss":0.0,"damage_taken":0.0,"relics_obtained":["Golden Idol"]},{"damage_healed":0,"gold_gain":0,"player_choice":"Obtained Relic","damage_taken":0,"relics_obtained":["Omamori"],"max_hp_gain":0,"max_hp_loss":0,"event_name":"Addict","floor":19,"gold_loss":85},{"damage_healed":0,"gold_gain":50,"player_choice":"Touch","damage_taken":6,"max_hp_gain":0,"max_hp_loss":0,"event_name":"FaceTrader","floor":21,"gold_loss":0},{"damage_healed":0,"gold_gain":0,"player_choice":"Fight","damage_taken":0,"max_hp_gain":0,"max_hp_loss":0,"event_name":"Colosseum","floor":30,"gold_loss":0},{"damage_healed":0,"gold_gain":0,"player_choice":"Fought Nobs","damage_taken":0,"max_hp_gain":0,"max_hp_loss":0,"event_name":"Colosseum","floor":30,"gold_loss":0}],"is_beta":false,"boss_relics":[{"not_picked":["White Beast Statue","Coffee Dripper"],"picked":"Busted Crown"}],"items_purged_floors":[4,24],"is_endless":false,"potions_floor_spawned":[3,5,7,14,16,20,27,31],"killed_by":"Collector","ascension_level":20}