{"gold_per_floor":[111,111,122,122,135,161,161,193,193,193,193,227,244,255,255,329,329,347,35,35,45,65,65,83,109,132,143,156,156,186,200,200,274,274,286,1285,670,682,701,701,701,701,727,727,744,744,758,758,758,758,758],"floor_reached":51,"playtime":2594,"items_purged":["Normality"],"score":1368,"play_id":"68374a6e-ab3e-4dc9-a69a-2546a5d50399","local_time":"20190630111140","is_ascension_mode":true,"campfire_choices":[{"data":"A Thousand Cuts","floor":7.0,"key":"SMITH"},{"data":"Deadly Poison","floor":11.0,"key":"SMITH"},{"data":"Adrenaline","floor":15.0,"key":"SMITH"},{"data":"Well Laid Plans","floor":23.0,"key":"SMITH"},{"floor":29.0,"key":"REST"},{"floor":32.0,"key":"REST"},{"floor":40.0,"key":"REST"},{"floor":42.0,"key":"RECALL"},{"data":"Wraith Form v2","floor":44.0,"key":"SMITH"},{"floor":49,"key":"REST"}],"neow_cost":"TEN_PERCENT_HP_LOSS","seed_source_timestamp":829150339596700,"circlet_count":0,"master_deck":["AscendersBane","Defend_G","Defend_G","Defend_G","Defend_G","Strike_G","Strike_G","Strike_G","Strike_G","Survivor","Neutralize+1","Adrenaline","Backstab","Bane+1","Adrenaline+1","Deadly Poison+1","A Thousand Cuts+1","Backflip","Flechettes+1","Quick Slash+1","Backflip","Wraith Form v2+1","Predator+1","Well Laid Plans+1","Skewer+1","Crippling Poison","Crippling Poison+1","Backflip+1","Outmaneuver","Acrobatics","A Thousand Cuts","Tools of the Trade","Bouncing Flask","Normality","Dash+1","Caltrops","Dash+1","Envenom","PiercingWail","Predator+1"],"special_seed":0,"relics":["Ring of the Snake","Whetstone","Molten Egg 2","Vajra","Incense Burner","Ornamental Fan","Sozu","Mummified Hand","StoneCalendar","Orichalcum","Happy Flower","Snecko Eye","Blood Vial","Toolbox"],"potions_floor_usage":[47],"damage_taken":[{"damage":0.0,"enemies":"2 Louse","floor":1.0,"turns":4.0},{"damage":0.0,"enemies":"Cultist","floor":3.0,"turns":4.0},{"damage":0.0,"enemies":"Jaw Worm","floor":5.0,"turns":4.0},{"damage":12.0,"enemies":"Lagavulin","floor":6.0,"turns":5.0},{"damage":8.0,"enemies":"Gremlin Nob","floor":8.0,"turns":3.0},{"damage":18.0,"enemies":"3 Sentries","floor":12.0,"turns":5.0},{"damage":0.0,"enemies":"3 Louse","floor":13.0,"turns":2.0},{"damage":1.0,"enemies":"2 Fungi Beasts","floor":14.0,"turns":3.0},{"damage":10.0,"enemies":"The Guardian","floor":16.0,"turns":10.0},{"damage":0.0,"enemies":"Shell Parasite","floor":18.0,"turns":2.0},{"damage":0.0,"enemies":"3 Byrds","floor":21.0,"turns":5.0},{"damage":4.0,"enemies":"Centurion and Healer","floor":22.0,"turns":4.0},{"damage":9.0,"enemies":"Snake Plant","floor":24.0,"turns":3.0},{"damage":9.0,"enemies":"Gremlin Leader","floor":25.0,"turns":5.0},{"damage":0.0,"enemies":"3 Cultists","floor":27.0,"turns":3.0},{"damage":11.0,"enemies":"Shelled Parasite and Fungi","floor":28.0,"turns":3.0},{"damage":11.0,"enemies":"Slavers","floor":30.0,"turns":5.0},{"damage":0.0,"enemies":"Cultist and Chosen","floor":31.0,"turns":5.0},{"damage":26.0,"enemies":"Collector","floor":33.0,"turns":7.0},{"damage":0.0,"enemies":"3 Shapes","floor":35.0,"turns":6.0},{"damage":19.0,"enemies":"3 Darklings","floor":38.0,"turns":3.0},{"damage":7.0,"enemies":"Jaw Worm Horde","floor":39.0,"turns":5.0},{"damage":4,"enemies":"Transient","floor":45,"turns":6},{"damage":8,"enemies":"Writhing Mass","floor":47,"turns":5},{"damage":21,"enemies":"Donu and Deca","floor":50,"turns":7},{"damage":57,"enemies":"Time Eater","floor":51,"turns":6}],"seed_played":"7351836418248091481","potions_obtained":[{"floor":1.0,"key":"Poison Potion"},{"floor":13.0,"key":"SteroidPotion"},{"floor":16.0,"key":"GamblersBrew"}],"is_trial":false,"path_per_floor":["M","?","M","?","M","E","R","E","T","T","R","E","M","M","R","B",null,"M","$","?","M","M","R","M","E","T","M","M","R","E","M","R","B",null,"M","?","$","M","M","R","?","R","T","R","M","?","M","?","R","B","B"],"character_chosen":"THE_SILENT","items_purchased":["Mummified Hand","Well Laid Plans","Blood Vial","Toolbox","Dash+1","Caltrops"],"campfire_rested":4,"item_purchase_floors":[19,19,37,37,37,37],"current_hp_per_floor":[59,59,59,59,59,47,47,39,39,39,39,21,21,20,20,10,48,48,48,48,48,44,44,35,26,26,26,15,33,22,22,40,14,49,49,49,49,32,27,45,45,45,45,45,43,43,37,37,54,35,0],"gold":758,"neow_bonus":"THREE_RARE_CARDS","is_prod":false,"is_daily":false,"chose_seed":false,"campfire_upgraded":5,"win_rate":0,"timestamp":1561907500,"path_taken":["M","?","M","?","?","E","R","E","T","?","R","E","M","M","R","BOSS","M","$","?","M","M","R","M","E","T","M","M","R","E","M","R","BOSS","M","?","$","M","M","R","?","R","T","R","?","?","M","?","R","BOSS","BOSS"],"build_version":"2019-01-23","purchased_purges":1,"victory":false,"max_hp_per_floor":[60,60,60,60,60,60,60,60,60,60,60,60,60,60,60,60,60,60,60,60,60,60,60,60,60,60,60,60,60,60,60,60,60,60,60,60,60,60,60,60,60,60,60,60,60,57,57,57,57,57,57],"card_choices":[{"not_picked":["Burst","Bullet Time"],"picked":"Adrenaline","floor":0.0},{"not_picked":["Calculated Gamble","Deflect"],"picked":"Backstab","floor":1.0},{"not_picked":["Slice","PiercingWail"],"picked":"Bane","floor":3.0},{"not_picked":["Well Laid Plans","Tactician"],"picked":"Deadly Poison","floor":5.0},{"not_picked":["Dagger Spray","Setup"],"picked":"A Thousand Cuts","floor":6.0},{"not_picked":["Sucker Punch","Dodge and Roll"],"picked":"Backflip","floor":8.0},{"not_picked":["Leg Sweep","Distraction"],"picked":"Flechettes+1","floor":12.0},{"not_picked":["Deadly Poison","Expertise"],"picked":"Quick Slash+1","floor":13.0},{"not_picked":["Flechettes+1","Deflect"],"picked":"Backflip","floor":14.0},{"not_picked":["Malaise","Unload+1"],"picked":"Wraith Form v2","floor":16.0},{"not_picked":["Crippling Poison","PiercingWail"],"picked":"Predator+1","floor":18.0},{"not_picked":["Poisoned Stab+1","Blade Dance"],"picked":"Skewer+1","floor":21.0},{"not_picked":["Backflip","Eviscerate+1"],"picked":"Crippling Poison","floor":22.0},{"not_picked":["Prepared","Underhanded Strike+1"],"picked":"Crippling Poison+1","floor":24.0},{"not_picked":["Cloak And Dagger","Poisoned Stab+1"],"picked":"Backflip+1","floor":25.0},{"not_picked":["Bane+1","Prepared"],"picked":"Outmaneuver","floor":27.0},{"not_picked":["Slice+1","Deflect"],"picked":"Acrobatics","floor":28.0},{"not_picked":["Acrobatics","Setup"],"picked":"A Thousand Cuts","floor":30.0},{"not_picked":["Poisoned Stab+1","Quick Slash+1","Skewer+1"],"picked":"SKIP","floor":31.0},{"not_picked":["Bullet Time","Storm of Steel"],"picked":"Tools of the Trade","floor":33.0},{"not_picked":["Outmaneuver","Poisoned Stab+1"],"picked":"Bouncing Flask","floor":35.0},{"not_picked":["Poisoned Stab+1","Backflip"],"picked":"Dash+1","floor":38.0},{"not_picked":["Underhanded Strike+1","Distraction"],"picked":"Envenom","floor":39.0},{"not_picked":["Dodge and Roll","Dagger Spray+1"],"picked":"PiercingWail","floor":45},{"not_picked":["Flying Knee+1","Riddle With Holes+1"],"picked":"Predator+1","floor":47}],"player_experience":1248823,"relics_obtained":[{"floor":6.0,"key":"Whetstone"},{"floor":8.0,"key":"Molten Egg 2"},{"floor":9.0,"key":"Vajra"},{"floor":10.0,"key":"Incense Burner"},{"floor":12.0,"key":"Ornamental Fan"},{"floor":25.0,"key":"StoneCalendar"},{"floor":26.0,"key":"Orichalcum"},{"floor":30.0,"key":"Happy Flower"}],"event_choices":[{"damage_healed":0.0,"max_hp_gain":0.0,"max_hp_loss":0.0,"gold_gain":0.0,"event_name":"Liars Game","player_choice":"Ignored","floor":2.0,"gold_loss":0.0,"damage_taken":0.0},{"damage_healed":0.0,"max_hp_gain":0.0,"max_hp_loss":0.0,"gold_gain":0.0,"cards_transformed":["Strike_G"],"event_name":"Transmorgrifier","player_choice":"Transformed","floor":4.0,"gold_loss":0.0,"damage_taken":0.0,"cards_obtained":["Adrenaline"]},{"damage_healed":0.0,"max_hp_gain":0.0,"max_hp_loss":0.0,"gold_gain":0.0,"event_name":"The Mausoleum","player_choice":"Ignored","floor":20.0,"gold_loss":0.0,"damage_taken":0.0},{"damage_healed":0.0,"max_hp_gain":0.0,"max_hp_loss":0.0,"gold_gain":999.0,"event_name":"MindBloom","player_choice":"Gold","floor":36.0,"gold_loss":0.0,"damage_taken":0.0,"cards_obtained":["Normality","Normality"]},{"cards_removed":["Defend_G"],"damage_healed":0.0,"max_hp_gain":0.0,"max_hp_loss":0.0,"gold_gain":0.0,"event_name":"Falling","player_choice":"Removed Skill","floor":41.0,"gold_loss":0.0,"damage_taken":0.0},{"damage_healed":0,"gold_gain":0,"player_choice":"Max HP","damage_taken":0,"max_hp_gain":0,"max_hp_loss":3,"event_name":"Winding Halls","floor":46,"gold_loss":0},{"damage_healed":0,"gold_gain":0,"player_choice":"Ignored","damage_taken":0,"max_hp_gain":0,"max_hp_loss":0,"event_name":"Tomb of Lord Red Mask","floor":48,"gold_loss":0}],"is_beta":false,"boss_relics":[{"not_picked":["Lizard Tail","Astrolabe"],"picked":"Sozu"},{"not_picked":["Cursed Key","WristBlade"],"picked":"Snecko Eye"}],"items_purged_floors":[37],"is_endless":false,"potions_floor_spawned":[1,13,16,18,21,27,28,39,47],"killed_by":"Time Eater","ascension_level":20}