{"gold_per_floor":[213,228,403,403,178,178,196,196,244,263,263,288,300,311,311,415,415,433,446,78,93,112,112,37,37,37,57,74,74,105,125,125,229,229,247,264,264,283,51,51,62,79,79,79,79,0,0,13,13,13],"floor_reached":51,"playtime":3295,"items_purged":["Doubt","Strike_B"],"score":698,"play_id":"c73d2413-ed4c-481f-a434-c8075abfd0c6","local_time":"20190831210708","is_ascension_mode":false,"campfire_choices":[{"data":"Zap","floor":6.0,"key":"SMITH"},{"data":"Loop","floor":8.0,"key":"SMITH"},{"data":"Blizzard","floor":15.0,"key":"SMITH"},{"data":"Recycle","floor":23.0,"key":"SMITH"},{"data":"Body Slam","floor":29.0,"key":"SMITH"},{"floor":32.0,"key":"REST"},{"data":"Biased Cognition","floor":40,"key":"SMITH"},{"data":"Heatsinks","floor":45,"key":"SMITH"},{"data":"Double Energy","floor":49,"key":"SMITH"}],"neow_cost":"NONE","seed_source_timestamp":957484129807800,"circlet_count":0,"master_deck":["Strike_B","Strike_B","Defend_B","Defend_B","Defend_B","Defend_B","Zap+1","Dualcast","Glacier","Glacier","FTL","Loop+1","Coolheaded","Recycle+1","Storm","Blizzard+1","Skim","Beam Cell","Sunder+1","Hello World","Shrug It Off","Dagger Spray","Body Slam+1","Impervious","True Grit","Armaments","Biased Cognition+1","Melter","Capacitor+1","Flash of Steel","Heatsinks+1","Coolheaded","Storm","Regret","Double Energy+1"],"special_seed":0,"relics":["Cracked Core","Regal Pillow","Darkstone Periapt","Bag of Preparation","Inserter","PrismaticShard","Bag of Marbles","Dodecahedron","Matryoshka","Cursed Key","Lantern","Ancient Tea Set","Dead Branch","Red Mask"],"potions_floor_usage":[38,48,50,50],"damage_taken":[{"damage":1.0,"enemies":"2 Louse","floor":1.0,"turns":3.0},{"damage":0.0,"enemies":"Jaw Worm","floor":2.0,"turns":5.0},{"damage":0.0,"enemies":"Cultist","floor":7.0,"turns":3.0},{"damage":4.0,"enemies":"Large Slime","floor":10.0,"turns":7.0},{"damage":14.0,"enemies":"Gremlin Nob","floor":12.0,"turns":4.0},{"damage":0.0,"enemies":"Exordium Thugs","floor":13.0,"turns":4.0},{"damage":8.0,"enemies":"Lots of Slimes","floor":14.0,"turns":5.0},{"damage":16.0,"enemies":"Slime Boss","floor":16.0,"turns":10.0},{"damage":10.0,"enemies":"3 Byrds","floor":18.0,"turns":5.0},{"damage":4.0,"enemies":"Chosen","floor":19.0,"turns":9.0},{"damage":1.0,"enemies":"Snecko","floor":21.0,"turns":5.0},{"damage":2.0,"enemies":"Sentry and Sphere","floor":22.0,"turns":5.0},{"damage":0.0,"enemies":"Cultist and Chosen","floor":27.0,"turns":8.0},{"damage":5.0,"enemies":"Centurion and Healer","floor":28.0,"turns":7.0},{"damage":9.0,"enemies":"Book of Stabbing","floor":30.0,"turns":8.0},{"damage":0.0,"enemies":"3 Cultists","floor":31.0,"turns":7.0},{"damage":21.0,"enemies":"Collector","floor":33.0,"turns":18.0},{"damage":0,"enemies":"3 Darklings","floor":35,"turns":5},{"damage":0,"enemies":"3 Shapes","floor":36,"turns":4},{"damage":0,"enemies":"Jaw Worm Horde","floor":38,"turns":6},{"damage":0,"enemies":"Maw","floor":41,"turns":7},{"damage":0,"enemies":"3 Darklings","floor":42,"turns":6},{"damage":0,"enemies":"Spire Growth","floor":48,"turns":4},{"damage":9,"enemies":"Donu and Deca","floor":50,"turns":3}],"seed_played":"2792665430834524982","potions_obtained":[{"floor":2.0,"key":"Block Potion"},{"floor":10.0,"key":"SkillPotion"},{"floor":14.0,"key":"SteroidPotion"},{"floor":19.0,"key":"Strength Potion"},{"floor":27.0,"key":"Block Potion"},{"floor":30.0,"key":"Block Potion"},{"floor":31.0,"key":"FearPotion"},{"floor":37,"key":"Swift Potion"},{"floor":41,"key":"Poison Potion"},{"floor":42,"key":"GamblersBrew"}],"is_trial":false,"path_per_floor":["M","M","?","?","$","R","M","R","T","M","T","E","M","M","R","B",null,"M","M","$","M","M","R","?","T","T","M","M","R","E","M","R","B",null,"M","M","?","M","$","R","M","M","T","?","R","?","$","M","R","B",null],"character_chosen":"DEFECT","items_purchased":["FTL","Loop","PrismaticShard","Hello World","Heatsinks","Lantern","Coolheaded"],"campfire_rested":1,"item_purchase_floors":[5,5,20,20,39,39,39],"current_hp_per_floor":[74,74,74,79,79,79,79,79,79,75,75,61,61,53,53,37,80,70,66,66,65,63,63,63,63,63,63,58,58,49,49,80,59,80,80,80,80,80,80,80,80,80,86,82,82,82,82,82,82,73],"gold":13,"neow_bonus":"HUNDRED_GOLD","is_prod":false,"is_daily":false,"chose_seed":false,"campfire_upgraded":8,"win_rate":0,"timestamp":1567253228,"path_taken":["M","M","?","?","$","R","M","R","T","M","?","E","M","?","R","BOSS","M","M","$","M","M","R","?","?","T","M","M","R","E","?","R","BOSS","M","M","?","M","?","R","?","M","T","?","R","?","$","M","R","BOSS"],"build_version":"2019-07-17","purchased_purges":2,"victory":true,"max_hp_per_floor":[75,75,75,80,80,80,80,80,80,80,80,80,80,80,80,80,80,80,80,80,80,80,80,80,80,80,80,80,80,80,80,80,80,80,80,80,80,80,80,80,80,80,86,82,82,82,82,82,82,82],"card_choices":[{"not_picked":["Go for the Eyes","Gash"],"picked":"Glacier","floor":1.0},{"not_picked":["Go for the Eyes","Rebound"],"picked":"Glacier","floor":2.0},{"not_picked":["Cold Snap","Conserve Battery"],"picked":"Coolheaded","floor":7.0},{"not_picked":["Beam Cell","Redo"],"picked":"Recycle","floor":10.0},{"not_picked":["Scrape","Reprogram"],"picked":"Storm","floor":12.0},{"not_picked":["Go for the Eyes","Melter"],"picked":"Blizzard","floor":13.0},{"not_picked":["Aggregate","Streamline"],"picked":"Skim","floor":14.0},{"not_picked":["Ball Lightning","Barrage"],"picked":"Beam Cell","floor":18.0},{"not_picked":["White Noise","Lockon+1"],"picked":"Sunder+1","floor":19.0},{"not_picked":["Sweeping Beam","Iron Wave"],"picked":"Shrug It Off","floor":21.0},{"not_picked":["Purity+1","Poisoned Stab"],"picked":"Dagger Spray","floor":22.0},{"not_picked":["Thunderclap","Blade Dance+1"],"picked":"Body Slam","floor":27.0},{"not_picked":["Leap","Cleave"],"picked":"Impervious","floor":28.0},{"not_picked":["Cleave","Limit Break"],"picked":"True Grit","floor":30.0},{"not_picked":["Leap","Dagger Spray"],"picked":"Armaments","floor":31.0},{"not_picked":["Grand Finale","Demon Form"],"picked":"Biased Cognition","floor":33.0},{"not_picked":["Tactician","Underhanded Strike+1"],"picked":"Melter","floor":35},{"not_picked":["Escape Plan+1","Body Slam"],"picked":"Capacitor+1","floor":36},{"not_picked":["Rage+1","Acrobatics+1"],"picked":"Flash of Steel","floor":38},{"not_picked":["Anger+1","Ball Lightning"],"picked":"Storm","floor":41},{"not_picked":["Masterful Stab","Havoc+1","Clash+1"],"picked":"SKIP","floor":42},{"not_picked":["Wild Strike","Underhanded Strike+1"],"picked":"Double Energy","floor":48}],"player_experience":320245,"relics_obtained":[{"floor":9.0,"key":"Regal Pillow"},{"floor":11.0,"key":"Darkstone Periapt"},{"floor":12.0,"key":"Bag of Preparation"},{"floor":25.0,"key":"Bag of Marbles"},{"floor":26.0,"key":"Dodecahedron"},{"floor":30.0,"key":"Matryoshka"},{"floor":43,"key":"Ancient Tea Set"},{"floor":43,"key":"Dead Branch"}],"event_choices":[{"damage_healed":0.0,"max_hp_gain":0.0,"max_hp_loss":0.0,"gold_gain":175.0,"event_name":"Liars Game","player_choice":"AGREE","floor":3.0,"gold_loss":0.0,"damage_taken":0.0,"cards_obtained":["Doubt"]},{"damage_healed":0.0,"max_hp_gain":5.0,"max_hp_loss":0.0,"gold_gain":0.0,"event_name":"Big Fish","player_choice":"Donut","floor":4.0,"gold_loss":0.0,"damage_taken":0.0},{"cards_removed":["Strike_B"],"damage_healed":0.0,"max_hp_gain":0.0,"max_hp_loss":0.0,"gold_gain":0.0,"event_name":"Beggar","player_choice":"Gave Gold","floor":24.0,"gold_loss":75.0,"damage_taken":0.0},{"damage_healed":0,"gold_gain":0,"player_choice":"Got Potions","damage_taken":0,"max_hp_gain":0,"max_hp_loss":0,"event_name":"Lab","floor":37,"gold_loss":0},{"damage_healed":0,"gold_gain":0,"player_choice":"Max HP","damage_taken":0,"max_hp_gain":0,"max_hp_loss":4,"event_name":"Winding Halls","floor":44,"gold_loss":0},{"damage_healed":0,"gold_gain":0,"player_choice":"Paid","damage_taken":0,"relics_obtained":["Red Mask"],"max_hp_gain":0,"max_hp_loss":0,"event_name":"Tomb of Lord Red Mask","floor":46,"gold_loss":79}],"is_beta":false,"boss_relics":[{"not_picked":["Lizard Tail","Velvet Choker"],"picked":"Inserter"},{"not_picked":["White Beast Statue","Busted Crown"],"picked":"Cursed Key"}],"items_purged_floors":[5,20],"is_endless":false,"potions_floor_spawned":[2,10,14,19,27,30,31,33,36,41,42],"ascension_level":0}