{"gold_per_floor":[109,109,129,148,160,160,186,186,186,198,210,242,267,295,307,394,406,435,447,459,485,497,509],"floor_reached":23,"playtime":725,"items_purged":[],"score":386,"play_id":"dfb706c5-4356-4155-ae6d-2431d0bea477","local_time":"20190616143057","is_ascension_mode":true,"campfire_choices":[{"data":"Bash","floor":6.0,"key":"SMITH"},{"data":"Armaments","floor":8.0,"key":"SMITH"},{"data":"Flame Barrier","floor":11.0,"key":"SMITH"},{"data":"Evolve","floor":15.0,"key":"SMITH"}],"neow_cost":"NONE","seed_source_timestamp":16536046141100,"circlet_count":0,"master_deck":["AscendersBane","Strike_R","Defend_R","Defend_R","Defend_R","Bash+1","Thunderclap","Pommel Strike","Flame Barrier+1","Carnage","Armaments+1","Evolve+1","Offering","Spot Weakness","Limit Break","Spot Weakness+1","Rampage+1","Flex+1","RitualDagger","Shrug It Off","Thunderclap","Sword Boomerang","Decay"],"special_seed":0,"relics":["Burning Blood","Matryoshka","MawBank","Pear","Astrolabe"],"potions_floor_usage":[16,18,18,23],"damage_taken":[{"damage":3.0,"enemies":"Small Slimes","floor":1.0,"turns":3.0},{"damage":6.0,"enemies":"Cultist","floor":3.0,"turns":4.0},{"damage":6.0,"enemies":"2 Louse","floor":4.0,"turns":3.0},{"damage":9.0,"enemies":"Blue Slaver","floor":5.0,"turns":6.0},{"damage":48.0,"enemies":"Lagavulin","floor":7.0,"turns":6.0},{"damage":0.0,"enemies":"Looter","floor":12.0,"turns":4.0},{"damage":4.0,"enemies":"3 Louse","floor":13.0,"turns":5.0},{"damage":11.0,"enemies":"Red Slaver","floor":14.0,"turns":4.0},{"damage":17,"enemies":"Hexaghost","floor":16,"turns":8},{"damage":40,"enemies":"Spheric Guardian","floor":18,"turns":6},{"damage":14,"enemies":"Chosen","floor":21,"turns":4},{"damage":29,"enemies":"Slavers","floor":23,"turns":2}],"seed_played":"80061805290479029","potions_obtained":[{"floor":0.0,"key":"Strength Potion"},{"floor":0.0,"key":"Block Potion"},{"floor":4.0,"key":"Ancient Potion"},{"floor":7.0,"key":"FearPotion"},{"floor":12.0,"key":"Energy Potion"},{"floor":16,"key":"Weak Potion"},{"floor":18,"key":"Ancient Potion"}],"is_trial":false,"path_per_floor":["M","?","M","M","M","R","E","R","T","$","R","M","M","M","R","B",null,"M","?","?","M","?","E"],"character_chosen":"IRONCLAD","items_purchased":[],"campfire_rested":0,"item_purchase_floors":[],"current_hp_per_floor":[71,71,71,71,68,68,26,26,36,36,36,42,44,39,39,28,71,37,31,31,23,23,0],"gold":509,"neow_bonus":"THREE_SMALL_POTIONS","is_prod":false,"is_daily":false,"chose_seed":false,"campfire_upgraded":4,"win_rate":0,"timestamp":1560709857,"path_taken":["M","?","M","M","M","R","E","R","T","$","R","M","?","M","R","BOSS","M","?","?","M","?","E"],"build_version":"2019-01-23","purchased_purges":0,"victory":false,"max_hp_per_floor":[75,75,75,75,75,75,75,75,85,85,85,85,85,85,85,85,85,85,85,85,85,85,85],"card_choices":[{"not_picked":["Sever Soul","Body Slam"],"picked":"Thunderclap","floor":1.0},{"not_picked":["Headbutt","Battle Trance"],"picked":"Pommel Strike","floor":3.0},{"not_picked":["Perfected Strike","Rupture"],"picked":"Flame Barrier","floor":4.0},{"not_picked":["Cleave","Shrug It Off"],"picked":"Carnage","floor":5.0},{"not_picked":["Second Wind","Body Slam"],"picked":"Armaments","floor":7.0},{"not_picked":["Rupture","Hemokinesis"],"picked":"Evolve","floor":12.0},{"not_picked":["Ghostly Armor","Body Slam"],"picked":"Offering","floor":13.0},{"not_picked":["Rage","Hemokinesis"],"picked":"Spot Weakness","floor":14.0},{"not_picked":["Impervious","Berserk"],"picked":"Limit Break","floor":16},{"not_picked":["Ghostly Armor","Rupture","Dropkick"],"picked":"SKIP","floor":18},{"not_picked":["Clash","Cleave"],"picked":"Sword Boomerang","floor":21}],"player_experience":1189428,"relics_obtained":[{"floor":7.0,"key":"Matryoshka"},{"floor":9.0,"key":"MawBank"},{"floor":9.0,"key":"Pear"}],"event_choices":[{"damage_healed":0.0,"max_hp_gain":0.0,"max_hp_loss":0.0,"gold_gain":0.0,"event_name":"Match and Keep!","player_choice":"0 cards matched","floor":2.0,"gold_loss":0.0,"damage_taken":0.0,"cards_obtained":[]},{"damage_healed":0,"gold_gain":0,"player_choice":"Joined the Cult","damage_taken":6,"max_hp_gain":0,"max_hp_loss":0,"event_name":"Nest","floor":19,"gold_loss":0,"cards_obtained":["RitualDagger"]},{"damage_healed":0,"gold_gain":0,"cards_transformed":["Defend_R","Strike_R"],"player_choice":"Became Test Subject","damage_taken":0,"max_hp_gain":0,"max_hp_loss":0,"event_name":"Drug Dealer","floor":20,"gold_loss":0,"cards_obtained":["Shrug It Off","Thunderclap"]},{"damage_healed":0,"gold_gain":0,"player_choice":"Smashed Altar","damage_taken":0,"max_hp_gain":0,"max_hp_loss":0,"event_name":"Forgotten Altar","floor":22,"gold_loss":0,"cards_obtained":["Decay"]}],"is_beta":false,"boss_relics":[{"not_picked":["Black Star","Calling Bell"],"picked":"Astrolabe"}],"items_purged_floors":[],"is_endless":false,"potions_floor_spawned":[4,7,12,16,18],"killed_by":"Slavers","ascension_level":20}