{"gold_per_floor":[209,228,228,246,30,85,125,197,224,224,284,284,38,38,38,152,152,236,25,59,102,102,137,137,178,235,267],"floor_reached":27,"playtime":1009,"items_purged":[],"score":547,"play_id":"aec7dc3d-94b8-4f33-a57b-366a2a942eec","local_time":"20190714175521","is_ascension_mode":true,"campfire_choices":[{"floor":10.0,"key":"REST"},{"data":"Armaments","floor":15.0,"key":"SMITH"},{"floor":24,"key":"REST"}],"neow_cost":"NONE","seed_source_timestamp":4011093578200,"circlet_count":0,"master_deck":["AscendersBane","Strike_R","Strike_R","Strike_R","Strike_R","Strike_R","Defend_R","Defend_R","Defend_R","Defend_R","Bash","Battle Trance","Hemokinesis","True Grit","HandOfGreed","Perfected Strike","Perfected Strike","Perfected Strike","Inflame","Armaments+1","Disarm","Impervious","Disarm","Second Wind","Flame Barrier","Perfected Strike","Shockwave","Power Through"],"special_seed":0,"relics":["Burning Blood","Blood Vial","Pen Nib","Smiling Mask","Art of War","Oddly Smooth Stone","Golden Idol","Orrery","Membership Card","Mummified Hand","MawBank","Orichalcum"],"potions_floor_usage":[16,20,23,23,25],"damage_taken":[{"damage":6.0,"enemies":"Cultist","floor":1.0,"turns":3.0},{"damage":4.0,"enemies":"Small Slimes","floor":2.0,"turns":5.0},{"damage":6.0,"enemies":"2 Louse","floor":4.0,"turns":2.0},{"damage":11.0,"enemies":"Gremlin Nob","floor":6.0,"turns":3.0},{"damage":37.0,"enemies":"Large Slime","floor":7.0,"turns":11.0},{"damage":18.0,"enemies":"3 Sentries","floor":8.0,"turns":4.0},{"damage":9.0,"enemies":"3 Louse","floor":11.0,"turns":5.0},{"damage":44,"enemies":"Slime Boss","floor":16,"turns":7},{"damage":6,"enemies":"3 Byrds","floor":18,"turns":9},{"damage":30,"enemies":"Shell Parasite","floor":20,"turns":8},{"damage":4,"enemies":"Snake Plant","floor":21,"turns":5},{"damage":39,"enemies":"Slavers","floor":23,"turns":7},{"damage":36,"enemies":"Book of Stabbing","floor":25,"turns":6},{"damage":22,"enemies":"Slavers","floor":27,"turns":4}],"seed_played":"-345407314012675371","potions_obtained":[{"floor":4.0,"key":"SneckoOil"},{"floor":7.0,"key":"PowerPotion"},{"floor":11.0,"key":"Strength Potion"},{"floor":16,"key":"BloodPotion"},{"floor":18,"key":"Energy Potion"},{"floor":21,"key":"Fire Potion"},{"floor":23,"key":"SkillPotion"}],"is_trial":false,"path_per_floor":["M","M","?","M","$","E","M","E","T","R","M","?","$","?","R","B",null,"M","$","M","M","?","E","R","E","T","E"],"character_chosen":"IRONCLAD","items_purchased":["HandOfGreed","Perfected Strike","Oddly Smooth Stone","Disarm","Membership Card"],"campfire_rested":2,"item_purchase_floors":[5,5,13,13,19],"current_hp_per_floor":[68,70,59,61,61,58,29,19,19,41,40,45,45,45,45,9,56,58,58,54,58,58,27,48,20,20,0],"gold":267,"neow_bonus":"HUNDRED_GOLD","is_prod":false,"is_daily":false,"chose_seed":false,"campfire_upgraded":1,"win_rate":0,"timestamp":1563141321,"path_taken":["M","?","?","M","$","E","M","E","T","R","M","?","$","?","R","BOSS","M","$","M","M","?","E","R","E","T","E"],"build_version":"2019-07-05","purchased_purges":0,"victory":false,"max_hp_per_floor":[75,75,75,75,75,75,75,75,75,75,75,80,80,72,72,72,72,72,72,72,72,72,72,72,72,72,72],"card_choices":[{"not_picked":["Iron Wave","Anger"],"picked":"Battle Trance","floor":1.0},{"not_picked":["Sentinel","Body Slam"],"picked":"Hemokinesis","floor":2.0},{"not_picked":["Sword Boomerang","Fire Breathing"],"picked":"True Grit","floor":4.0},{"not_picked":["Barricade","Burning Pact"],"picked":"Perfected Strike","floor":6.0},{"not_picked":["Twin Strike","Corruption"],"picked":"Perfected Strike","floor":7.0},{"not_picked":["Brutality","Inflame","Rupture"],"picked":"SKIP","floor":8.0},{"not_picked":["Brutality","Rupture"],"picked":"Inflame","floor":8.0},{"not_picked":["Pummel","Flex"],"picked":"Armaments","floor":11.0},{"not_picked":["Fiend Fire","Juggernaut"],"picked":"Impervious","floor":16},{"not_picked":["Searing Blow","Rupture"],"picked":"Disarm","floor":17},{"not_picked":["True Grit","Rage"],"picked":"Second Wind","floor":17},{"not_picked":["Armaments","Rage"],"picked":"Flame Barrier","floor":17},{"not_picked":["Burning Pact","Iron Wave"],"picked":"Perfected Strike","floor":18},{"not_picked":["Carnage","Sword Boomerang","Wild Strike"],"picked":"SKIP","floor":20},{"not_picked":["Reaper","Body Slam","Dropkick"],"picked":"SKIP","floor":21},{"not_picked":["Havoc","Spot Weakness+1"],"picked":"Shockwave","floor":23},{"not_picked":["Clothesline","Headbutt"],"picked":"Power Through","floor":25}],"player_experience":1351578,"relics_obtained":[{"floor":6.0,"key":"Pen Nib"},{"floor":8.0,"key":"Smiling Mask"},{"floor":9.0,"key":"Art of War"},{"floor":23,"key":"Mummified Hand"},{"floor":25,"key":"MawBank"},{"floor":26,"key":"Orichalcum"}],"event_choices":[{"damage_healed":0.0,"max_hp_gain":0.0,"max_hp_loss":0.0,"gold_gain":0.0,"event_name":"Scrap Ooze","player_choice":"Success","floor":3.0,"gold_loss":0.0,"damage_taken":11.0,"relics_obtained":["Blood Vial"]},{"damage_healed":0.0,"max_hp_gain":5.0,"max_hp_loss":0.0,"gold_gain":0.0,"event_name":"Big Fish","player_choice":"Donut","floor":12.0,"gold_loss":0.0,"damage_taken":0.0},{"damage_healed":0.0,"max_hp_gain":0.0,"max_hp_loss":8.0,"gold_gain":0.0,"event_name":"Golden Idol","player_choice":"Lose Max HP","floor":14.0,"gold_loss":0.0,"damage_taken":0.0,"relics_obtained":["Golden Idol"]},{"damage_healed":0,"gold_gain":0,"player_choice":"Ignored","damage_taken":0,"max_hp_gain":0,"max_hp_loss":0,"event_name":"Ghosts","floor":22,"gold_loss":0}],"is_beta":false,"boss_relics":[{"not_picked":["Eternal Feather","Ectoplasm"],"picked":"Orrery"}],"items_purged_floors":[],"is_endless":false,"potions_floor_spawned":[4,7,11,16,18,21,23],"killed_by":"Slavers","ascension_level":20}