{"gold_per_floor":[113,131,131,155,155,193,206,230,230,18,91,91,105,124,124,219,219,219,219],"floor_reached":19,"playtime":1218,"items_purged":[],"score":342,"play_id":"654d22df-a9ba-4e84-8a93-f6efd3141f55","local_time":"20190627193937","is_ascension_mode":true,"campfire_choices":[{"data":"Neutralize","floor":12,"key":"SMITH"},{"data":"Noxious Fumes","floor":15,"key":"SMITH"}],"neow_cost":"NONE","seed_source_timestamp":601876128525500,"circlet_count":0,"master_deck":["AscendersBane","Defend_G","Defend_G","Defend_G","Defend_G","Defend_G","Strike_G","Strike_G","Strike_G","Strike_G","Strike_G","Survivor","Neutralize+1","Well Laid Plans","Poisoned Stab","After Image+1","Blur","Bouncing Flask","Noxious Fumes+1","PiercingWail","Cloak And Dagger","Footwork","Wraith Form v2"],"special_seed":0,"relics":["Ring of the Snake","Golden Idol","Mercury Hourglass","Ornamental Fan","Membership Card","Darkstone Periapt","Snecko Eye"],"potions_floor_usage":[1,2,6,6,11,18,18],"damage_taken":[{"damage":23,"enemies":"Jaw Worm","floor":1,"turns":7},{"damage":8,"enemies":"Small Slimes","floor":2,"turns":6},{"damage":0,"enemies":"Cultist","floor":4,"turns":3},{"damage":15,"enemies":"Lagavulin","floor":6,"turns":9},{"damage":0,"enemies":"Looter","floor":7,"turns":4},{"damage":6,"enemies":"3 Louse","floor":8,"turns":3},{"damage":9,"enemies":"3 Sentries","floor":11,"turns":8},{"damage":1,"enemies":"Blue Slaver","floor":13,"turns":4},{"damage":0,"enemies":"Looter","floor":14,"turns":4},{"damage":18,"enemies":"The Guardian","floor":16,"turns":11},{"damage":1,"enemies":"Shell Parasite","floor":18,"turns":2},{"damage":15,"enemies":"Colosseum Slavers","floor":19,"turns":5},{"damage":42,"enemies":"Colosseum Nobs","floor":19,"turns":6}],"seed_played":"-5190345633881778093","potions_obtained":[{"floor":0.0,"key":"AttackPotion"},{"floor":0.0,"key":"Regen Potion"},{"floor":1,"key":"Regen Potion"},{"floor":4,"key":"Strength Potion"},{"floor":6,"key":"SpeedPotion"},{"floor":8,"key":"Weak Potion"},{"floor":13,"key":"SmokeBomb"}],"is_trial":false,"path_per_floor":["M","M","?","M","?","E","M","M","T","$","?","R","M","M","R","B",null,"M","?"],"character_chosen":"THE_SILENT","items_purchased":["Membership Card"],"campfire_rested":0,"item_purchase_floors":[10],"current_hp_per_floor":[36,43,43,43,43,43,43,37,37,37,28,28,27,27,27,9,47,46,0],"gold":219,"neow_bonus":"THREE_SMALL_POTIONS","is_prod":false,"is_daily":false,"chose_seed":false,"campfire_upgraded":2,"win_rate":0,"timestamp":1561678777,"path_taken":["M","M","?","M","?","E","M","?","T","$","?","R","M","M","R","BOSS","M","?"],"build_version":"2019-01-23","purchased_purges":0,"victory":false,"max_hp_per_floor":[66,66,60,60,60,60,60,60,60,60,60,60,60,60,60,60,60,60,60],"card_choices":[{"not_picked":["Masterful Stab","Outmaneuver"],"picked":"Well Laid Plans","floor":1},{"not_picked":["Quick Slash","Prepared"],"picked":"Poisoned Stab","floor":2},{"not_picked":["Accuracy","Acrobatics"],"picked":"After Image","floor":4},{"not_picked":["Prepared","Deflect"],"picked":"Blur","floor":6},{"not_picked":["Underhanded Strike","Dash"],"picked":"Bouncing Flask","floor":7},{"not_picked":["Blade Dance","Bane"],"picked":"Noxious Fumes","floor":8},{"not_picked":["Sucker Punch","Deflect"],"picked":"PiercingWail","floor":11},{"not_picked":["Blur","Dagger Spray"],"picked":"Cloak And Dagger","floor":13},{"not_picked":["Slice","Leg Sweep"],"picked":"Footwork","floor":14},{"not_picked":["Tools of the Trade","Unload"],"picked":"Wraith Form v2","floor":16}],"player_experience":1233626,"relics_obtained":[{"floor":6,"key":"Mercury Hourglass"},{"floor":9,"key":"Ornamental Fan"},{"floor":11,"key":"Darkstone Periapt"}],"event_choices":[{"damage_healed":0,"gold_gain":0,"player_choice":"Lose Max HP","damage_taken":0,"relics_obtained":["Golden Idol"],"max_hp_gain":0,"max_hp_loss":6,"event_name":"Golden Idol","floor":3,"gold_loss":0},{"damage_healed":0,"gold_gain":0,"player_choice":"Forge","damage_taken":0,"max_hp_gain":0,"max_hp_loss":0,"event_name":"Accursed Blacksmith","floor":5,"gold_loss":0,"cards_upgraded":["After Image"]},{"damage_healed":0,"gold_gain":30,"player_choice":"Searched \u00273\u0027 times","damage_taken":0,"max_hp_gain":0,"max_hp_loss":0,"event_name":"Dead Adventurer","floor":11,"gold_loss":0},{"damage_healed":0,"gold_gain":0,"player_choice":"Fight","damage_taken":0,"max_hp_gain":0,"max_hp_loss":0,"event_name":"Colosseum","floor":19,"gold_loss":0},{"damage_healed":0,"gold_gain":0,"player_choice":"Fought Nobs","damage_taken":0,"max_hp_gain":0,"max_hp_loss":0,"event_name":"Colosseum","floor":19,"gold_loss":0}],"is_beta":false,"boss_relics":[{"not_picked":["Empty Cage","Orrery"],"picked":"Snecko Eye"}],"items_purged_floors":[],"is_endless":false,"potions_floor_spawned":[1,4,6,8,13,18,19],"killed_by":"Colosseum Nobs","ascension_level":20}