{"gold_per_floor":[124,136,167,191,278,290,316,328,640,652,698,710,733,757,769,877,889,912,924,953,886,908,920,952,129,129,129,144,144,172,172,172,276,276,287,287,387,387,399,399,415,446,446,446,446,45,62,92,92,92],"floor_reached":51,"playtime":2486,"items_purged":["Strike_B"],"score":900,"play_id":"de72d66a-0959-4e38-ae7a-ee7df93d6b64","local_time":"20190808212614","is_ascension_mode":false,"campfire_choices":[{"data":"Zap","floor":6,"key":"SMITH"},{"data":"Ball Lightning","floor":10,"key":"SMITH"},{"data":"Doom and Gloom","floor":12,"key":"SMITH"},{"data":"Loop","floor":15,"key":"SMITH"},{"data":"Capacitor","floor":23,"key":"SMITH"},{"data":"The Bomb","floor":27,"key":"SMITH"},{"floor":32,"key":"REST"},{"data":"Buffer","floor":40,"key":"SMITH"},{"data":"Stack","floor":45,"key":"SMITH"},{"data":"Leap","floor":49,"key":"SMITH"}],"neow_cost":"NONE","seed_source_timestamp":1524523816460400,"circlet_count":0,"master_deck":["Strike_B+1","Defend_B+1","Defend_B+1","Defend_B+1","Defend_B+1","Zap+1","Dualcast+1","Ball Lightning+1","Stack+1","Cold Snap","Loop+1","Doom and Gloom+1","Recycle","Leap+1","Echo Form","Self Repair","Capacitor+1","Hologram+1","The Bomb+1","Fusion","Reinforced Body+1","Sunder+1","Sweeping Beam+1","Buffer+1","Consume+1","Thinking Ahead+1","Coolheaded+1","Coolheaded+1","Self Repair","Hologram+1","Meteor Strike+1"],"relics":["Cracked Core","MawBank","Old Coin","Emotion Chip","Snecko Eye","Molten Egg 2","Mercury Hourglass","Bottled Tornado","Toxic Egg 2","FossilizedHelix","Coffee Dripper","Dead Branch","The Courier","Vajra","ClockworkSouvenir","Turnip","Bag of Marbles"],"potions_floor_usage":[3,3,16,28,30,33,35,50,50,50],"damage_taken":[{"damage":3,"enemies":"2 Louse","floor":1,"turns":2},{"damage":0,"enemies":"Small Slimes","floor":3,"turns":2},{"damage":0,"enemies":"Cultist","floor":4,"turns":2},{"damage":3,"enemies":"Large Slime","floor":7,"turns":6},{"damage":4,"enemies":"Lagavulin","floor":11,"turns":6},{"damage":0,"enemies":"Exordium Wildlife","floor":13,"turns":3},{"damage":3,"enemies":"Looter","floor":14,"turns":2},{"damage":25,"enemies":"Slime Boss","floor":16,"turns":6},{"damage":0,"enemies":"Chosen","floor":18,"turns":4},{"damage":0,"enemies":"Shell Parasite","floor":20,"turns":4},{"damage":0,"enemies":"Sentry and Sphere","floor":22,"turns":3},{"damage":28,"enemies":"Snake Plant","floor":24,"turns":3},{"damage":12,"enemies":"Centurion and Healer","floor":28,"turns":4},{"damage":34,"enemies":"Book of Stabbing","floor":30,"turns":6},{"damage":0,"enemies":"Champ","floor":33,"turns":9},{"damage":0,"enemies":"3 Shapes","floor":35,"turns":3},{"damage":0,"enemies":"Mind Bloom Boss Battle","floor":37,"turns":5},{"damage":0,"enemies":"Orb Walker","floor":39,"turns":3},{"damage":0,"enemies":"Maw","floor":41,"turns":5},{"damage":0,"enemies":"Giant Head","floor":42,"turns":6},{"damage":0,"enemies":"Transient","floor":47,"turns":5},{"damage":0,"enemies":"Nemesis","floor":48,"turns":9},{"damage":0,"enemies":"Time Eater","floor":50,"turns":8}],"seed_played":"-5387403719487168636","potions_obtained":[{"floor":1,"key":"EntropicBrew"},{"floor":11,"key":"FocusPotion"},{"floor":16,"key":"PowerPotion"},{"floor":28,"key":"Explosive Potion"},{"floor":30,"key":"Poison Potion"},{"floor":33,"key":"AttackPotion"},{"floor":37,"key":"SteroidPotion"},{"floor":47,"key":"SkillPotion"}],"is_trial":false,"path_per_floor":["M","?","M","M","?","R","M","?","T","R","E","R","M","M","R","B",null,"M","?","M","?","M","R","M","$","T","R","M","?","E","?","R","B",null,"M","?","?","?","M","R","M","E","T","?","R","$","M","E","R","B",null],"character_chosen":"DEFECT","items_purchased":["The Bomb","Mercury Hourglass","Bottled Tornado","Fusion","ClockworkSouvenir","Turnip"],"campfire_rested":1,"item_purchase_floors":[25,25,25,25,46,46],"current_hp_per_floor":[72,65,65,65,54,54,51,36,36,36,32,32,32,29,29,4,75,75,61,61,61,68,68,47,47,47,47,35,35,8,8,32,39,80,80,80,80,76,76,76,76,76,76,76,76,76,76,76,76,76],"gold":92,"neow_bonus":"RANDOM_COMMON_RELIC","is_prod":false,"is_daily":false,"chose_seed":false,"campfire_upgraded":9,"win_rate":0,"timestamp":1565267174,"path_taken":["M","?","M","M","?","R","M","?","T","R","E","R","M","M","R","BOSS","M","?","M","?","?","R","M","$","T","R","M","?","E","?","R","BOSS","M","?","?","?","?","R","M","E","T","?","R","$","M","E","R","BOSS"],"build_version":"2019-07-17","purchased_purges":1,"victory":true,"max_hp_per_floor":[75,75,75,75,75,75,75,75,75,75,75,75,75,75,75,75,75,75,80,80,80,80,80,80,80,80,80,80,80,80,80,80,80,80,80,80,80,76,76,76,76,76,76,76,76,76,76,76,76,76],"card_choices":[{"not_picked":["Double Energy","Steam"],"picked":"Ball Lightning","floor":1},{"not_picked":["Blizzard","Reprogram"],"picked":"Stack","floor":3},{"not_picked":["Streamline","Ball Lightning"],"picked":"Cold Snap","floor":4},{"not_picked":["Gash","Reprogram"],"picked":"Loop","floor":7},{"not_picked":["Barrage","Heatsinks"],"picked":"Doom and Gloom","floor":11},{"not_picked":["Force Field","Gash"],"picked":"Recycle","floor":13},{"not_picked":["Turbo","Chaos"],"picked":"Leap","floor":14},{"not_picked":["Amplify","Thunder Strike"],"picked":"Echo Form","floor":16},{"not_picked":["Steam","Redo","Gash"],"picked":"SKIP","floor":18},{"not_picked":["Darkness","Rebound"],"picked":"Self Repair","floor":20},{"not_picked":["Skim","Fusion"],"picked":"Capacitor","floor":22},{"not_picked":["Stack","Compile Driver+1"],"picked":"Hologram+1","floor":24},{"not_picked":["BootSequence+1","Aggregate+1"],"picked":"Reinforced Body+1","floor":28},{"not_picked":["Capacitor","Fusion+1"],"picked":"Sweeping Beam+1","floor":30},{"not_picked":["Thunder Strike+1","Amplify+1"],"picked":"Buffer","floor":33},{"not_picked":["Stack+1","Barrage+1"],"picked":"Consume+1","floor":35},{"not_picked":["Impatience+1","Forethought+1"],"picked":"Thinking Ahead+1","floor":36},{"not_picked":["Stack+1","Gash+1"],"picked":"Coolheaded+1","floor":39},{"not_picked":["Reprogram+1","Go for the Eyes+1","Compile Driver+1"],"picked":"SKIP","floor":41},{"not_picked":["Reprogram+1","Skim+1"],"picked":"Coolheaded+1","floor":42},{"not_picked":["Conserve Battery+1","Steam Power+1"],"picked":"Hologram+1","floor":47},{"not_picked":["Force Field+1","Cold Snap+1"],"picked":"Meteor Strike+1","floor":48}],"player_experience":134677,"relics_obtained":[{"floor":9,"key":"Old Coin"},{"floor":11,"key":"Emotion Chip"},{"floor":26,"key":"Toxic Egg 2"},{"floor":30,"key":"FossilizedHelix"},{"floor":37,"key":"Dead Branch"},{"floor":42,"key":"The Courier"},{"floor":43,"key":"Vajra"},{"floor":48,"key":"Bag of Marbles"}],"event_choices":[{"cards_removed":["Strike_B"],"damage_healed":0,"gold_gain":0,"player_choice":"Card Removal","damage_taken":7,"max_hp_gain":0,"max_hp_loss":0,"event_name":"Golden Wing","floor":2,"gold_loss":0},{"damage_healed":0,"gold_gain":75,"player_choice":"Gather Gold","damage_taken":11,"max_hp_gain":0,"max_hp_loss":0,"event_name":"World of Goop","floor":5,"gold_loss":0},{"damage_healed":0,"gold_gain":0,"player_choice":"Entered Light","damage_taken":15,"max_hp_gain":0,"max_hp_loss":0,"event_name":"Shining Light","floor":8,"gold_loss":0,"cards_upgraded":["Dualcast","Defend_B"]},{"damage_healed":0,"gold_gain":0,"player_choice":"Shed Blood","damage_taken":19,"max_hp_gain":5,"max_hp_loss":0,"event_name":"Forgotten Altar","floor":19,"gold_loss":0},{"damage_healed":0,"gold_gain":0,"player_choice":"Paid Gold","damage_taken":0,"relics_obtained":["Molten Egg 2"],"max_hp_gain":0,"max_hp_loss":0,"event_name":"WeMeetAgain","floor":21,"gold_loss":79},{"damage_healed":0,"gold_gain":0,"player_choice":"Read","damage_taken":0,"max_hp_gain":0,"max_hp_loss":0,"event_name":"The Library","floor":29,"gold_loss":0,"cards_obtained":["Sunder"]},{"damage_healed":0,"gold_gain":0,"player_choice":"Simplicity","damage_taken":0,"max_hp_gain":0,"max_hp_loss":0,"event_name":"Back to Basics","floor":31,"gold_loss":0,"cards_upgraded":["Strike_B","Strike_B","Defend_B","Defend_B","Defend_B"]},{"damage_healed":0,"gold_gain":0,"player_choice":"Memory 1","damage_taken":0,"max_hp_gain":0,"max_hp_loss":0,"event_name":"SensoryStone","floor":36,"gold_loss":0},{"damage_healed":0,"gold_gain":0,"player_choice":"Fight","damage_taken":0,"max_hp_gain":0,"max_hp_loss":0,"event_name":"MindBloom","floor":37,"gold_loss":0},{"damage_healed":0,"gold_gain":0,"player_choice":"Max HP","damage_taken":0,"max_hp_gain":0,"max_hp_loss":4,"event_name":"Winding Halls","floor":38,"gold_loss":0},{"damage_healed":0,"gold_gain":0,"cards_transformed":["Strike_B"],"player_choice":"Transformed","damage_taken":0,"max_hp_gain":0,"max_hp_loss":0,"event_name":"Transmorgrifier","floor":44,"gold_loss":0,"cards_obtained":["Self Repair"]}],"is_beta":false,"boss_relics":[{"not_picked":["White Beast Statue","FrozenCore"],"picked":"Snecko Eye"},{"not_picked":["Eternal Feather","Runic Dome"],"picked":"Coffee Dripper"}],"items_purged_floors":[25],"is_endless":false,"potions_floor_spawned":[1,11,14,16,20,28,30,33,37,39,47],"ascension_level":0}