{"gold_per_floor":[115,127,127,148,148,148,161,204,231,217,217,217,217,236,236,361,361,379,379,379,304,328,328,238,238,261,279,48,86,86,86,86,215,215,233,358,358,358,382,151,164,164,190,190,190,523,73,93,93,93],"floor_reached":51,"playtime":2584,"items_purged":["Strike_R+1","Bash+1"],"score":711,"play_id":"56c674f7-a6a7-4662-bb6b-8952246eec15","local_time":"20190629183319","is_ascension_mode":false,"campfire_choices":[{"data":"Bash","floor":6.0,"key":"SMITH"},{"data":"Inflame","floor":11.0,"key":"SMITH"},{"data":"True Grit","floor":15.0,"key":"SMITH"},{"data":"Demon Form","floor":23.0,"key":"SMITH"},{"data":"Shockwave","floor":25.0,"key":"SMITH"},{"data":"Offering","floor":30.0,"key":"SMITH"},{"data":"Shrug It Off","floor":32.0,"key":"SMITH"},{"data":"Metallicize","floor":42,"key":"SMITH"},{"data":"Demon Form","floor":49,"key":"SMITH"}],"neow_cost":"NONE","seed_source_timestamp":685040553212091,"circlet_count":0,"master_deck":["Defend_R","Defend_R","Defend_R+1","Defend_R","Iron Wave","Thunderclap","Inflame+1","Reaper","Shockwave+1","True Grit+1","Demon Form+1","Shrug It Off+1","Headbutt","Shrug It Off","Sword Boomerang","Shrug It Off","Thunderclap+1","Dark Embrace","Offering+1","Impervious","Metallicize+1","Dark Shackles","Offering+1","Demon Form+1","Warcry"],"special_seed":0,"relics":["Burning Blood","Juzu Bracelet","Anchor","Orichalcum","Orrery","Lantern","Oddly Smooth Stone","Boot","Busted Crown","Pocketwatch","Bronze Scales","Regal Pillow","Bag of Preparation"],"potions_floor_usage":[33,33,50,50,50],"damage_taken":[{"damage":6.0,"enemies":"Cultist","floor":1.0,"turns":3.0},{"damage":2.0,"enemies":"2 Louse","floor":2.0,"turns":3.0},{"damage":2.0,"enemies":"Small Slimes","floor":4.0,"turns":3.0},{"damage":4.0,"enemies":"2 Fungi Beasts","floor":7.0,"turns":4.0},{"damage":24.0,"enemies":"3 Sentries","floor":8.0,"turns":7.0},{"damage":4.0,"enemies":"Exordium Thugs","floor":10.0,"turns":4.0},{"damage":0.0,"enemies":"3 Louse","floor":14.0,"turns":3.0},{"damage":28.0,"enemies":"Slime Boss","floor":16.0,"turns":11.0},{"damage":13.0,"enemies":"Shell Parasite","floor":18.0,"turns":8.0},{"damage":39.0,"enemies":"Spheric Guardian","floor":22.0,"turns":10.0},{"damage":18.0,"enemies":"Shelled Parasite and Fungi","floor":27.0,"turns":11.0},{"damage":36.0,"enemies":"Slavers","floor":29.0,"turns":9.0},{"damage":50,"enemies":"Automaton","floor":33,"turns":9},{"damage":37,"enemies":"3 Darklings","floor":35,"turns":6},{"damage":18,"enemies":"Mind Bloom Boss Battle","floor":36,"turns":9},{"damage":6,"enemies":"Orb Walker","floor":39,"turns":4},{"damage":34,"enemies":"3 Darklings","floor":41,"turns":11},{"damage":12,"enemies":"Transient","floor":48,"turns":5},{"damage":26,"enemies":"Awakened One","floor":50,"turns":8}],"seed_played":"43244052630925142","potions_obtained":[{"floor":2.0,"key":"Swift Potion"},{"floor":4.0,"key":"SteroidPotion"},{"floor":10.0,"key":"GamblersBrew"},{"floor":16.0,"key":"SteroidPotion"},{"floor":33,"key":"Strength Potion"},{"floor":39,"key":"LiquidBronze"}],"is_trial":false,"path_per_floor":["M","M","?","M","?","R","M","E","T","M","R","?","?","M","R","B",null,"M","?","?","?","M","R","?","R","T","M","$","E","R","?","R","B",null,"M","?","?","?","M","$","M","R","T","?","?","?","$","M","R","B",null],"character_chosen":"IRONCLAD","items_purchased":["Offering","Oddly Smooth Stone","Bronze Scales","Bag of Preparation","Strength Potion","Demon Form"],"campfire_rested":0,"item_purchase_floors":[28,28,40,47,47,47],"current_hp_per_floor":[80,80,60,64,64,64,66,48,48,58,58,58,42,49,49,48,80,80,80,80,80,47,47,47,47,47,80,80,78,78,63,63,19,85,85,85,85,85,85,85,85,85,85,85,85,85,85,85,85,65],"gold":93,"neow_bonus":"RANDOM_COMMON_RELIC","is_prod":false,"is_daily":false,"chose_seed":false,"campfire_upgraded":9,"win_rate":1,"timestamp":1561800799,"path_taken":["M","M","?","M","?","R","M","E","T","M","R","?","?","M","R","BOSS","M","?","?","?","M","R","?","R","T","M","$","E","R","?","R","BOSS","M","?","?","?","M","$","M","R","T","?","?","?","$","M","R","BOSS"],"build_version":"2019-01-23","purchased_purges":2,"victory":true,"max_hp_per_floor":[80,80,80,80,80,80,80,80,80,80,80,80,80,80,80,80,80,80,80,80,80,80,80,80,80,80,80,80,80,80,85,85,85,85,85,85,85,85,85,85,85,85,85,85,85,85,85,85,85,85],"card_choices":[{"not_picked":["Flex","Clash"],"picked":"Thunderclap","floor":1.0},{"not_picked":["Clash","Hemokinesis"],"picked":"Iron Wave","floor":2.0},{"not_picked":["Ghostly Armor","Pommel Strike"],"picked":"Thunderclap","floor":4.0},{"not_picked":["Intimidate","Sever Soul"],"picked":"Inflame","floor":7.0},{"not_picked":["Impervious","True Grit"],"picked":"Reaper","floor":8.0},{"not_picked":["Cleave","Pommel Strike"],"picked":"Shockwave","floor":10.0},{"not_picked":["Power Through","Inflame"],"picked":"True Grit","floor":14.0},{"not_picked":["Bludgeon","Berserk"],"picked":"Demon Form","floor":16.0},{"not_picked":["Sword Boomerang","Burning Pact"],"picked":"Shrug It Off","floor":17.0},{"not_picked":["Warcry","Pommel Strike"],"picked":"Headbutt","floor":17.0},{"not_picked":["Heavy Blade","Pummel"],"picked":"Shrug It Off","floor":17.0},{"not_picked":["Warcry","Armaments"],"picked":"Sword Boomerang","floor":17.0},{"not_picked":["Twin Strike","Armaments+1"],"picked":"Shrug It Off","floor":18.0},{"not_picked":["Cleave","Heavy Blade","Combust"],"picked":"SKIP","floor":22.0},{"not_picked":["Pommel Strike+1","Twin Strike","Anger"],"picked":"SKIP","floor":27.0},{"not_picked":["Inflame","Juggernaut","Reckless Charge"],"picked":"SKIP","floor":29.0},{"not_picked":["Dark Embrace","Juggernaut"],"picked":"Impervious","floor":33},{"not_picked":["Perfected Strike"],"picked":"SKIP","floor":35},{"not_picked":[],"picked":"Metallicize","floor":36},{"not_picked":["Flex"],"picked":"SKIP","floor":39},{"not_picked":["Headbutt"],"picked":"SKIP","floor":41},{"not_picked":[],"picked":"Warcry","floor":48}],"player_experience":3080,"relics_obtained":[{"floor":8.0,"key":"Anchor"},{"floor":9.0,"key":"Orichalcum"},{"floor":26.0,"key":"Lantern"},{"floor":29.0,"key":"Boot"},{"floor":36,"key":"Pocketwatch"},{"floor":43,"key":"Regal Pillow"}],"event_choices":[{"damage_healed":0.0,"max_hp_gain":0.0,"max_hp_loss":0.0,"gold_gain":0.0,"event_name":"Golden Idol","player_choice":"Take Damage","floor":3.0,"gold_loss":0.0,"damage_taken":20.0,"relics_obtained":["Golden Idol"]},{"damage_healed":0.0,"max_hp_gain":0.0,"max_hp_loss":0.0,"gold_gain":0.0,"event_name":"The Woman in Blue","player_choice":"Bought 0 Potions","floor":5.0,"gold_loss":0.0,"damage_taken":0.0},{"damage_healed":0.0,"max_hp_gain":0.0,"max_hp_loss":0.0,"gold_gain":0.0,"event_name":"Liars Game","player_choice":"Ignored","floor":12.0,"gold_loss":0.0,"damage_taken":0.0},{"damage_healed":0.0,"max_hp_gain":0.0,"max_hp_loss":0.0,"gold_gain":0.0,"event_name":"Shining Light","player_choice":"Entered Light","floor":13.0,"gold_loss":0.0,"damage_taken":16.0,"cards_upgraded":["Strike_R","Defend_R"]},{"damage_healed":0.0,"max_hp_gain":0.0,"max_hp_loss":0.0,"gold_gain":0.0,"cards_transformed":["Strike_R","Strike_R"],"event_name":"Drug Dealer","player_choice":"Became Test Subject","floor":19.0,"gold_loss":0.0,"damage_taken":0.0,"cards_obtained":["Thunderclap","Dark Embrace"]},{"damage_healed":0.0,"max_hp_gain":0.0,"max_hp_loss":0.0,"gold_gain":0.0,"event_name":"Match and Keep!","player_choice":"0 cards matched","floor":20.0,"gold_loss":0.0,"damage_taken":0.0,"cards_obtained":[]},{"cards_removed":["Strike_R"],"damage_healed":0.0,"max_hp_gain":0.0,"max_hp_loss":0.0,"gold_gain":0.0,"event_name":"Beggar","player_choice":"Gave Gold","floor":21.0,"gold_loss":75.0,"damage_taken":0.0},{"cards_removed":["Strike_R"],"damage_healed":0.0,"max_hp_gain":0.0,"max_hp_loss":0.0,"gold_gain":0.0,"event_name":"Designer","player_choice":"Upgrade and Remove","floor":24.0,"gold_loss":90.0,"damage_taken":0.0,"cards_upgraded":["Thunderclap"]},{"damage_healed":0.0,"max_hp_gain":5.0,"max_hp_loss":0.0,"gold_gain":0.0,"event_name":"Forgotten Altar","player_choice":"Shed Blood","floor":31.0,"gold_loss":0.0,"damage_taken":20.0},{"damage_healed":0,"gold_gain":0,"player_choice":"Fight","damage_taken":0,"max_hp_gain":0,"max_hp_loss":0,"event_name":"MindBloom","floor":36,"gold_loss":0},{"damage_healed":0,"gold_gain":0,"player_choice":"1 cards matched","damage_taken":0,"max_hp_gain":0,"max_hp_loss":0,"event_name":"Match and Keep!","floor":37,"gold_loss":0,"cards_obtained":["Dark Shackles"]},{"cards_removed":["Thunderclap"],"damage_healed":0,"gold_gain":0,"player_choice":"Removed Attack","damage_taken":0,"max_hp_gain":0,"max_hp_loss":0,"event_name":"Falling","floor":38,"gold_loss":0},{"damage_healed":0,"gold_gain":0,"player_choice":"Ignored","damage_taken":0,"max_hp_gain":0,"max_hp_loss":0,"event_name":"Tomb of Lord Red Mask","floor":44,"gold_loss":0},{"damage_healed":0,"gold_gain":0,"player_choice":"Copied","damage_taken":0,"max_hp_gain":0,"max_hp_loss":0,"event_name":"Duplicator","floor":45,"gold_loss":0,"cards_obtained":["Offering"]},{"damage_healed":0,"gold_gain":333,"player_choice":"Gave Idol","damage_taken":0,"max_hp_gain":0,"max_hp_loss":0,"event_name":"The Moai Head","floor":46,"relics_lost":["Golden Idol"],"gold_loss":0}],"is_beta":false,"boss_relics":[{"not_picked":["Black Blood","Runic Dome"],"picked":"Orrery"},{"not_picked":["Astrolabe","Runic Cube"],"picked":"Busted Crown"}],"items_purged_floors":[40,47],"is_endless":false,"potions_floor_spawned":[2,4,10,16,33,39,48],"ascension_level":0}