{"gold_per_floor":[111,111,122,39,55,55,84,99,99,115,27,40,54,88,88,165,165,185,201,116,116,142,154,230,242,254,293,305,317],"floor_reached":29,"playtime":1475,"items_purged":[],"score":546,"play_id":"701c6cce-5d64-4206-bb72-210cb7362a6d","local_time":"20190829184102","is_ascension_mode":true,"campfire_choices":[{"data":"Neutralize","floor":6.0,"key":"SMITH"},{"floor":15.0,"key":"REST"},{"data":"Doppelganger","floor":23.0,"key":"SMITH"},{"floor":25.0,"key":"REST"}],"neow_cost":"NONE","seed_source_timestamp":0,"circlet_count":0,"master_deck":["AscendersBane","Survivor","Neutralize+1","Flying Knee","Well Laid Plans","Skewer","Poisoned Stab","Noxious Fumes","Predator","PiercingWail","Blur","Infinite Blades","Crippling Poison","Quick Slash","Blur","Doppelganger+1","Flying Knee","Terror","Prepared","Adrenaline","Terror","Predator","Dash","Acrobatics","Tools of the Trade","Concentrate+1"],"special_seed":0,"relics":["Ring of the Snake","Blood Vial","PreservedInsect","Bottled Tornado","Pandora\u0027s Box","Singing Bowl","MawBank","Tiny Chest","Sundial","Shuriken","Bottled Lightning"],"potions_floor_usage":[27],"damage_taken":[{"damage":0.0,"enemies":"Cultist","floor":1.0,"turns":4.0},{"damage":0.0,"enemies":"2 Louse","floor":3.0,"turns":2.0},{"damage":2.0,"enemies":"Jaw Worm","floor":5.0,"turns":4.0},{"damage":24.0,"enemies":"Gremlin Nob","floor":7.0,"turns":4.0},{"damage":0.0,"enemies":"Looter","floor":8.0,"turns":3.0},{"damage":6.0,"enemies":"Red Slaver","floor":10.0,"turns":5.0},{"damage":16.0,"enemies":"Exordium Thugs","floor":12.0,"turns":5.0},{"damage":3.0,"enemies":"Looter","floor":13.0,"turns":4.0},{"damage":17.0,"enemies":"Lagavulin","floor":14.0,"turns":5.0},{"damage":16.0,"enemies":"Slime Boss","floor":16.0,"turns":10.0},{"damage":2.0,"enemies":"Chosen","floor":18.0,"turns":4.0},{"damage":4.0,"enemies":"Spheric Guardian","floor":19.0,"turns":5.0},{"damage":28.0,"enemies":"Book of Stabbing","floor":24.0,"turns":4.0},{"damage":22,"enemies":"Gremlin Leader","floor":27,"turns":6},{"damage":29,"enemies":"Slavers","floor":29,"turns":2}],"seed_played":"6917875832176284790","potions_obtained":[{"floor":3.0,"key":"Explosive Potion"},{"floor":5.0,"key":"Weak Potion"},{"floor":7.0,"key":"SkillPotion"},{"floor":10.0,"key":"Energy Potion"},{"floor":12.0,"key":"GhostInAJar"},{"floor":19.0,"key":"AttackPotion"},{"floor":24.0,"key":"Ancient Potion"}],"is_trial":false,"path_per_floor":["M","?","M","$","M","R","E","M","T","M","$","M","M","E","R","B",null,"M","M","?","?","T","R","E","R","T","E","T","E"],"character_chosen":"THE_SILENT","items_purchased":["Noxious Fumes","Crippling Poison"],"campfire_rested":2,"item_purchase_floors":[4,11],"current_hp_per_floor":[59,59,59,59,57,57,33,35,35,31,31,17,16,1,20,6,51,51,49,49,49,49,49,25,45,45,27,27,0],"gold":317,"neow_bonus":"THREE_CARDS","is_prod":false,"is_daily":false,"chose_seed":false,"campfire_upgraded":2,"win_rate":0,"timestamp":1567118462,"path_taken":["M","?","M","$","M","R","E","M","T","M","$","M","M","E","R","BOSS","M","M","?","?","?","R","E","R","T","E","?","E"],"build_version":"2019-07-17","purchased_purges":0,"victory":false,"max_hp_per_floor":[66,66,66,66,66,66,66,66,66,66,66,66,66,66,66,66,66,66,66,66,66,66,66,68,68,68,70,70,70],"card_choices":[{"not_picked":["Endless Agony","Bane"],"picked":"Flying Knee","floor":0.0},{"not_picked":["Dagger Throw","Bouncing Flask"],"picked":"Well Laid Plans","floor":1.0},{"not_picked":["Bane","All Out Attack"],"picked":"Poisoned Stab","floor":3.0},{"not_picked":["Backstab","Endless Agony"],"picked":"Predator","floor":5.0},{"not_picked":["Caltrops","Poisoned Stab"],"picked":"PiercingWail","floor":7.0},{"not_picked":["Slice","Acrobatics"],"picked":"Blur","floor":8.0},{"not_picked":["Cloak And Dagger","PiercingWail"],"picked":"Infinite Blades","floor":10.0},{"not_picked":["Endless Agony","Underhanded Strike","Blade Dance"],"picked":"SKIP","floor":12.0},{"not_picked":["Deflect","Acrobatics"],"picked":"Quick Slash","floor":13.0},{"not_picked":["Prepared","Grand Finale"],"picked":"Blur","floor":14.0},{"not_picked":["Tools of the Trade","Night Terror"],"picked":"Doppelganger","floor":16.0},{"not_picked":["Dodge and Roll","Cloak And Dagger","Eviscerate"],"picked":"SKIP","floor":18.0},{"not_picked":["Choke","Underhanded Strike"],"picked":"Concentrate+1","floor":19.0},{"not_picked":["Quick Slash","Dodge and Roll","All Out Attack"],"picked":"Singing Bowl","floor":24.0},{"not_picked":["Eviscerate","Crippling Poison","Acrobatics"],"picked":"Singing Bowl","floor":27}],"player_experience":1521464,"relics_obtained":[{"floor":7.0,"key":"Blood Vial"},{"floor":9.0,"key":"PreservedInsect"},{"floor":14.0,"key":"Bottled Tornado"},{"floor":22.0,"key":"MawBank"},{"floor":24.0,"key":"Tiny Chest"},{"floor":26.0,"key":"Sundial"},{"floor":27,"key":"Shuriken"},{"floor":28,"key":"Bottled Lightning"}],"event_choices":[{"damage_healed":0.0,"max_hp_gain":0.0,"max_hp_loss":0.0,"gold_gain":0.0,"cards_transformed":["Strike_G"],"event_name":"Transmorgrifier","player_choice":"Transformed","floor":2.0,"gold_loss":0.0,"damage_taken":0.0,"cards_obtained":["Skewer"]},{"damage_healed":0.0,"max_hp_gain":0.0,"max_hp_loss":0.0,"gold_gain":0.0,"event_name":"Addict","player_choice":"Obtained Relic","floor":20.0,"gold_loss":85.0,"damage_taken":0.0,"relics_obtained":["Singing Bowl"]},{"damage_healed":0.0,"max_hp_gain":0.0,"max_hp_loss":0.0,"gold_gain":0.0,"event_name":"Ghosts","player_choice":"Ignored","floor":21.0,"gold_loss":0.0,"damage_taken":0.0}],"is_beta":false,"boss_relics":[{"not_picked":["Black Star","White Beast Statue"],"picked":"Pandora\u0027s Box"}],"items_purged_floors":[],"is_endless":false,"potions_floor_spawned":[3,5,7,10,12,16,19,24],"killed_by":"Slavers","ascension_level":20}