{"gold_per_floor":[217,230,34,47,65,94,104,104,130,130,130,170,182,212,224,362,374,366,378,390,415,14,14,32,66,66,90,15,29,29,29,29,157,157,173,173,94,0,0,40,40,40,40,56,56,91,111,131,131,131],"floor_reached":51,"playtime":2642,"items_purged":["Strike_G","Strike_G"],"score":785,"play_id":"cf0a8d4d-f2d3-49ab-bc68-f83c88d4efc6","local_time":"20190710204511","is_ascension_mode":false,"campfire_choices":[{"data":"Footwork","floor":8.0,"key":"SMITH"},{"data":"Noxious Fumes","floor":10.0,"key":"SMITH"},{"data":"Burst","floor":15.0,"key":"SMITH"},{"data":"Neutralize","floor":23,"key":"SMITH"},{"data":"Ghostly","floor":32,"key":"SMITH"},{"data":"Bouncing Flask","floor":42,"key":"SMITH"},{"data":"Tactician","floor":49,"key":"SMITH"}],"neow_cost":"NONE","seed_source_timestamp":1643561035757065,"circlet_count":0,"master_deck":["Strike_G","Defend_G","Defend_G","Defend_G","Defend_G","Defend_G","Survivor","Neutralize+1","Caltrops","Skewer","Footwork+1","Noxious Fumes+1","Dagger Spray","Burst+1","Deadly Poison","Blur","Ghostly+1","Ghostly","Ghostly","Ghostly","Ghostly","Prepared","Bouncing Flask+1","Deflect","Tactician+1","Outmaneuver+1","Tactician+1","Bouncing Flask","Acrobatics+1","Outmaneuver+1","Blur+1","Acrobatics"],"special_seed":0,"relics":["Ring of the Snake","Potion Belt","Snake Skull","Golden Idol","MawBank","Black Star","Art of War","Lantern","Bottled Flame","Oddly Smooth Stone","Snecko Eye","Red Mask","Strawberry","Happy Flower","Ninja Scroll","Omamori","Bronze Scales"],"potions_floor_usage":[18,25,25,40,46,47,50,50,50,50],"damage_taken":[{"damage":0.0,"enemies":"Small Slimes","floor":1.0,"turns":3.0},{"damage":0.0,"enemies":"Jaw Worm","floor":2.0,"turns":6.0},{"damage":0.0,"enemies":"Cultist","floor":4.0,"turns":4.0},{"damage":0.0,"enemies":"2 Fungi Beasts","floor":5.0,"turns":5.0},{"damage":18.0,"enemies":"3 Sentries","floor":6.0,"turns":7.0},{"damage":0.0,"enemies":"Exordium Wildlife","floor":7.0,"turns":4.0},{"damage":14.0,"enemies":"Gremlin Nob","floor":12.0,"turns":4.0},{"damage":6.0,"enemies":"3 Louse","floor":14.0,"turns":3.0},{"damage":24.0,"enemies":"Slime Boss","floor":16.0,"turns":10.0},{"damage":9,"enemies":"2 Thieves","floor":18,"turns":5},{"damage":0,"enemies":"Shell Parasite","floor":21,"turns":8},{"damage":1,"enemies":"Centurion and Healer","floor":24,"turns":8},{"damage":4,"enemies":"Book of Stabbing","floor":25,"turns":7},{"damage":3,"enemies":"Sentry and Sphere","floor":27,"turns":6},{"damage":0,"enemies":"Snecko","floor":29,"turns":5},{"damage":12,"enemies":"Collector","floor":33,"turns":9},{"damage":0,"enemies":"Orb Walker","floor":35,"turns":4},{"damage":4,"enemies":"Reptomancer","floor":40,"turns":9},{"damage":0,"enemies":"3 Shapes","floor":44,"turns":6},{"damage":0,"enemies":"Nemesis","floor":46,"turns":5},{"damage":8,"enemies":"Writhing Mass","floor":47,"turns":5},{"damage":2,"enemies":"Sphere and 2 Shapes","floor":48,"turns":5},{"damage":1,"enemies":"Donu and Deca","floor":50,"turns":8}],"seed_played":"3191105994208318941","potions_obtained":[{"floor":1.0,"key":"Weak Potion"},{"floor":4.0,"key":"Poison Potion"},{"floor":5.0,"key":"PowerPotion"},{"floor":14.0,"key":"EssenceOfSteel"},{"floor":16.0,"key":"Ancient Potion"},{"floor":18,"key":"GamblersBrew"},{"floor":24,"key":"Energy Potion"},{"floor":25,"key":"PowerPotion"},{"floor":29,"key":"PowerPotion"},{"floor":33,"key":"GhostInAJar"},{"floor":35,"key":"SkillPotion"},{"floor":44,"key":"AttackPotion"},{"floor":46,"key":"Regen Potion"},{"floor":48,"key":"Fire Potion"}],"is_trial":false,"path_per_floor":["M","M","$","M","M","E","M","R","T","R","?","E","?","M","R","B",null,"M","?","?","M","$","R","M","E","T","M","?","M","?","$","R","B",null,"M","?","$","?","$","E","$","R","T","M","?","E","M","M","R","B",null],"character_chosen":"THE_SILENT","items_purchased":["Footwork","Strength Potion","Art of War","GhostInAJar","Explosive Potion","Bouncing Flask","Bouncing Flask"],"campfire_rested":0,"item_purchase_floors":[3,3,22,22,22,22,37],"current_hp_per_floor":[70,70,70,70,70,52,52,52,52,52,52,38,38,32,32,8,65,56,56,32,32,32,32,31,27,27,24,24,24,24,24,24,12,32,32,32,32,32,32,35,35,35,35,35,35,35,39,37,37,36],"gold":131,"neow_bonus":"HUNDRED_GOLD","is_prod":false,"is_daily":false,"chose_seed":false,"campfire_upgraded":7,"win_rate":1,"timestamp":1562759111,"path_taken":["M","M","$","M","M","E","M","R","T","R","?","E","?","?","R","BOSS","M","?","?","M","$","R","M","E","T","M","?","M","?","$","R","BOSS","M","?","$","?","$","E","?","R","T","M","?","E","?","M","R","BOSS"],"build_version":"2019-07-05","purchased_purges":2,"victory":true,"max_hp_per_floor":[70,70,70,70,70,70,70,70,70,70,65,65,65,65,65,65,65,65,65,32,32,32,32,32,32,32,32,32,32,32,32,32,32,32,32,32,32,32,32,39,39,39,39,39,39,39,39,39,39,39],"card_choices":[{"not_picked":["Distraction","Outmaneuver"],"picked":"Caltrops","floor":1.0},{"not_picked":["Backstab","Choke"],"picked":"Skewer","floor":2.0},{"not_picked":["Endless Agony","All Out Attack"],"picked":"Noxious Fumes","floor":4.0},{"not_picked":["Dagger Throw","Slice"],"picked":"Dagger Spray","floor":5.0},{"not_picked":["Cloak And Dagger","Tactician"],"picked":"Burst","floor":6.0},{"not_picked":["Dodge and Roll","Skewer"],"picked":"Deadly Poison","floor":7.0},{"not_picked":["Flying Knee","Predator"],"picked":"Blur","floor":12.0},{"not_picked":["Finisher","Dagger Spray","Tactician"],"picked":"SKIP","floor":14.0},{"not_picked":["Burst","Phantasmal Killer"],"picked":"Die Die Die","floor":16.0},{"not_picked":["Dagger Throw","Heel Hook","Acrobatics"],"picked":"SKIP","floor":18},{"not_picked":["Terror","Backstab"],"picked":"Prepared","floor":21},{"not_picked":["Slice","Backstab+1"],"picked":"Deflect","floor":24},{"not_picked":["Reflex+1","Riddle With Holes+1"],"picked":"Tactician","floor":25},{"not_picked":["Poisoned Stab","Distraction+1"],"picked":"Outmaneuver+1","floor":27},{"not_picked":["Deadly Poison","Outmaneuver+1","Sucker Punch"],"picked":"SKIP","floor":29},{"not_picked":["Dagger Spray+1","Backstab"],"picked":"Tactician+1","floor":35},{"not_picked":["Deadly Poison","Riddle With Holes"],"picked":"Acrobatics+1","floor":40},{"not_picked":["Blade Dance","Heel Hook","Prepared"],"picked":"SKIP","floor":44},{"not_picked":["Deflect","Storm of Steel"],"picked":"Outmaneuver+1","floor":46},{"not_picked":["Outmaneuver+1","PiercingWail"],"picked":"Blur+1","floor":47},{"not_picked":["Outmaneuver","Bane"],"picked":"Acrobatics","floor":48}],"player_experience":59260,"relics_obtained":[{"floor":6.0,"key":"Potion Belt"},{"floor":9.0,"key":"Snake Skull"},{"floor":12.0,"key":"MawBank"},{"floor":25,"key":"Lantern"},{"floor":25,"key":"Bottled Flame"},{"floor":26,"key":"Oddly Smooth Stone"},{"floor":40,"key":"Strawberry"},{"floor":40,"key":"Happy Flower"},{"floor":43,"key":"Ninja Scroll"},{"floor":46,"key":"Omamori"},{"floor":46,"key":"Bronze Scales"}],"event_choices":[{"damage_healed":0.0,"max_hp_gain":0.0,"max_hp_loss":5.0,"gold_gain":0.0,"event_name":"Golden Idol","player_choice":"Lose Max HP","floor":11.0,"gold_loss":0.0,"damage_taken":0.0,"relics_obtained":["Golden Idol"]},{"cards_removed":["Strike_G"],"damage_healed":0.0,"max_hp_gain":0.0,"max_hp_loss":0.0,"gold_gain":0.0,"event_name":"Bonfire Elementals","player_choice":"Offered Basic","floor":13.0,"gold_loss":0.0,"damage_taken":0.0},{"damage_healed":0,"gold_gain":0,"player_choice":"Ignored","damage_taken":0,"max_hp_gain":0,"max_hp_loss":0,"event_name":"Vampires","floor":19,"gold_loss":0},{"damage_healed":0,"gold_gain":0,"player_choice":"Became a Ghost","damage_taken":0,"max_hp_gain":0,"max_hp_loss":33,"event_name":"Ghosts","floor":20,"gold_loss":0,"cards_obtained":["Ghostly","Ghostly","Ghostly","Ghostly","Ghostly"]},{"cards_removed":["Strike_G"],"damage_healed":0,"gold_gain":0,"player_choice":"Gave Gold","damage_taken":0,"max_hp_gain":0,"max_hp_loss":0,"event_name":"Beggar","floor":28,"gold_loss":75},{"cards_removed":["Die Die Die"],"damage_healed":0,"gold_gain":0,"player_choice":"Removed Attack","damage_taken":0,"max_hp_gain":0,"max_hp_loss":0,"event_name":"Falling","floor":36,"gold_loss":0},{"damage_healed":0,"gold_gain":0,"player_choice":"Paid","damage_taken":0,"relics_obtained":["Red Mask"],"max_hp_gain":0,"max_hp_loss":0,"event_name":"Tomb of Lord Red Mask","floor":38,"gold_loss":94},{"damage_healed":0,"gold_gain":0,"player_choice":"Memory 1","damage_taken":0,"max_hp_gain":0,"max_hp_loss":0,"event_name":"SensoryStone","floor":45,"gold_loss":0}],"is_beta":false,"boss_relics":[{"not_picked":["Tiny House","Eternal Feather"],"picked":"Black Star"},{"not_picked":["Runic Pyramid","Astrolabe"],"picked":"Snecko Eye"}],"items_purged_floors":[3,22],"is_endless":false,"potions_floor_spawned":[1,4,5,14,16,18,24,25,29,33,35,44,46,48],"ascension_level":0}