{"gold_per_floor":[117,117,82,95,119,153,153,203,203,203,219,219,238,238],"floor_reached":14,"playtime":349,"items_purged":[],"score":176,"play_id":"980daf8d-3886-4a75-ac54-2d902ba6ed41","local_time":"20190625214102","is_ascension_mode":true,"campfire_choices":[{"data":"Body Slam","floor":7,"key":"SMITH"},{"data":"Bash","floor":10,"key":"SMITH"},{"data":"Second Wind","floor":12,"key":"SMITH"}],"neow_cost":"NONE","seed_source_timestamp":437243801346200,"circlet_count":0,"master_deck":["AscendersBane","Strike_R","Strike_R","Strike_R","Strike_R","Strike_R","Defend_R","Defend_R","Defend_R","Bash+1","Thunderclap","Body Slam+1","Second Wind+1","Power Through"],"special_seed":0,"relics":["Burning Blood","Oddly Smooth Stone","Nunchaku"],"potions_floor_usage":[],"damage_taken":[{"damage":22.0,"enemies":"Small Slimes","floor":1.0,"turns":5.0},{"damage":9.0,"enemies":"Jaw Worm","floor":4.0,"turns":3.0},{"damage":19.0,"enemies":"3 Sentries","floor":6.0,"turns":11.0},{"damage":8,"enemies":"2 Louse","floor":11,"turns":2},{"damage":45,"enemies":"Exordium Thugs","floor":13,"turns":6},{"damage":31,"enemies":"Gremlin Nob","floor":14,"turns":3}],"seed_played":"5011933612788920686","potions_obtained":[{"floor":1.0,"key":"PowerPotion"}],"is_trial":false,"path_per_floor":["M","?","?","M","T","E","R","?","T","R","M","R","M","E"],"character_chosen":"IRONCLAD","items_purchased":[],"campfire_rested":0,"item_purchase_floors":[],"current_hp_per_floor":[59,52,72,69,69,56,56,56,56,56,54,54,15,0],"gold":238,"neow_bonus":"TEN_PERCENT_HP_BONUS","is_prod":false,"is_daily":false,"chose_seed":false,"campfire_upgraded":3,"win_rate":0,"timestamp":1561513262,"path_taken":["M","?","?","M","?","E","R","?","T","R","M","R","M","E"],"build_version":"2019-01-23","purchased_purges":0,"victory":false,"max_hp_per_floor":[82,82,82,82,82,82,82,82,82,82,82,82,82,82],"card_choices":[{"not_picked":["Pummel","Cleave"],"picked":"Thunderclap","floor":1.0},{"not_picked":["Whirlwind","Blood for Blood"],"picked":"Body Slam","floor":4.0},{"not_picked":["Thunderclap","Fire Breathing","Berserk"],"picked":"SKIP","floor":6},{"not_picked":["Dropkick","Power Through"],"picked":"Second Wind","floor":11},{"not_picked":["Rage","Flex"],"picked":"Power Through","floor":13}],"player_experience":1226493,"relics_obtained":[{"floor":5.0,"key":"Oddly Smooth Stone"},{"floor":9,"key":"Nunchaku"}],"event_choices":[{"cards_removed":["Defend_R"],"damage_healed":0.0,"max_hp_gain":0.0,"max_hp_loss":0.0,"gold_gain":0.0,"event_name":"Golden Wing","player_choice":"Card Removal","floor":2.0,"gold_loss":0.0,"damage_taken":7.0},{"damage_healed":20.0,"max_hp_gain":0.0,"max_hp_loss":0.0,"gold_gain":0.0,"event_name":"The Cleric","player_choice":"Healed","floor":3.0,"gold_loss":35.0,"damage_taken":0.0},{"damage_healed":0,"gold_gain":50,"player_choice":"Pray","damage_taken":0,"max_hp_gain":0,"max_hp_loss":0,"event_name":"Golden Shrine","floor":8,"gold_loss":0}],"is_beta":false,"boss_relics":[],"items_purged_floors":[],"is_endless":false,"potions_floor_spawned":[1],"killed_by":"Gremlin Nob","ascension_level":20}