{"gold_per_floor":[117,117,87,98,110,143,143,168,168,168,39,39,39,56,56,130,130,145,145,162,173,191,191,191],"floor_reached":24,"playtime":1195,"items_purged":[],"score":412,"play_id":"6a1d5fce-ea6c-433e-85f7-fae4119f239c","local_time":"20190628151952","is_ascension_mode":true,"campfire_choices":[{"data":"Blood for Blood","floor":7,"key":"SMITH"},{"floor":10,"key":"REST"},{"data":"Disarm","floor":12,"key":"SMITH"},{"data":"1","floor":15,"key":"LIFT"},{"floor":23,"key":"REST"}],"neow_cost":"NONE","seed_source_timestamp":672742817132300,"circlet_count":0,"master_deck":["AscendersBane","Strike_R","Strike_R","Strike_R","Strike_R","Strike_R+1","Defend_R","Defend_R","Defend_R","Defend_R","Bash","True Grit+1","Metallicize+1","Shockwave","Blood for Blood+1","Fire Breathing+1","Inflame+1","Disarm+1","Sentinel","Double Tap","Anger","Combust+1","Heavy Blade","Infernal Blade+1"],"relics":["Burning Blood","NeowsBlessing","Frozen Egg 2","Nunchaku","Girya","Fusion Hammer"],"potions_floor_usage":[6,6,18,20,20,21,22],"damage_taken":[{"damage":0,"enemies":"Small Slimes","floor":1,"turns":2},{"damage":0,"enemies":"2 Louse","floor":4,"turns":1},{"damage":0,"enemies":"Cultist","floor":5,"turns":1},{"damage":25,"enemies":"3 Sentries","floor":6,"turns":11},{"damage":32,"enemies":"Lagavulin","floor":8,"turns":8},{"damage":6,"enemies":"2 Fungi Beasts","floor":14,"turns":4},{"damage":16,"enemies":"The Guardian","floor":16,"turns":15},{"damage":16,"enemies":"3 Byrds","floor":18,"turns":6},{"damage":16,"enemies":"2 Thieves","floor":20,"turns":4},{"damage":16,"enemies":"Snecko","floor":21,"turns":6},{"damage":20,"enemies":"Shelled Parasite and Fungi","floor":22,"turns":3},{"damage":31,"enemies":"Book of Stabbing","floor":24,"turns":3}],"seed_played":"-2701428883193988997","potions_obtained":[{"floor":3,"key":"Fire Potion"},{"floor":3,"key":"SkillPotion"},{"floor":6,"key":"BloodPotion"},{"floor":14,"key":"SkillPotion"},{"floor":18,"key":"AttackPotion"},{"floor":20,"key":"Energy Potion"},{"floor":21,"key":"Energy Potion"}],"is_trial":false,"path_per_floor":["M","?","?","M","M","E","R","E","T","R","$","R","?","M","R","B",null,"M","?","M","M","M","R","E"],"character_chosen":"IRONCLAD","items_purchased":["Inflame+1","Disarm"],"campfire_rested":2,"item_purchase_floors":[11,11],"current_hp_per_floor":[74,51,51,57,63,44,44,18,18,40,40,40,40,40,40,30,64,54,33,31,21,7,31,0],"gold":191,"neow_bonus":"THREE_ENEMY_KILL","is_prod":false,"is_daily":false,"chose_seed":false,"campfire_upgraded":2,"win_rate":0,"timestamp":1561749592,"path_taken":["M","?","?","M","?","E","R","E","T","R","$","R","?","?","R","BOSS","M","?","M","M","M","R","E"],"build_version":"2019-01-23","purchased_purges":0,"victory":false,"max_hp_per_floor":[75,75,75,75,75,75,75,75,75,75,75,75,75,75,75,75,75,75,80,80,80,80,80,80],"card_choices":[{"not_picked":["Flex","Burning Pact"],"picked":"True Grit","floor":1},{"not_picked":["Sword Boomerang","Heavy Blade"],"picked":"Metallicize","floor":4},{"not_picked":["Warcry","Clothesline"],"picked":"Shockwave","floor":5},{"not_picked":["Burning Pact","Double Tap"],"picked":"Blood for Blood","floor":6},{"not_picked":["Shrug It Off","Blood for Blood"],"picked":"Fire Breathing+1","floor":8},{"not_picked":["Ghostly Armor","Pommel Strike"],"picked":"Sentinel","floor":14},{"not_picked":["Brutality+1","Dark Embrace+1"],"picked":"Double Tap","floor":16},{"not_picked":["Wild Strike","Shrug It Off"],"picked":"Anger","floor":18},{"not_picked":["Clash","Flex+1"],"picked":"Combust+1","floor":20},{"not_picked":["Perfected Strike","Rupture+1"],"picked":"Heavy Blade","floor":21},{"not_picked":["Twin Strike","Sever Soul"],"picked":"Infernal Blade+1","floor":22}],"player_experience":1237775,"relics_obtained":[{"floor":6,"key":"Frozen Egg 2"},{"floor":8,"key":"Nunchaku"},{"floor":9,"key":"Girya"}],"event_choices":[{"damage_healed":0,"gold_gain":0,"player_choice":"Entered Light","damage_taken":23,"max_hp_gain":0,"max_hp_loss":0,"event_name":"Shining Light","floor":2,"gold_loss":0,"cards_upgraded":["True Grit","Strike_R"]},{"damage_healed":0,"gold_gain":0,"player_choice":"Bought 2 Potions","damage_taken":0,"max_hp_gain":0,"max_hp_loss":0,"event_name":"The Woman in Blue","floor":3,"gold_loss":0},{"damage_healed":0,"gold_gain":0,"player_choice":"Forge","damage_taken":0,"max_hp_gain":0,"max_hp_loss":0,"event_name":"Accursed Blacksmith","floor":13,"gold_loss":0,"cards_upgraded":["Metallicize"]},{"damage_healed":0,"gold_gain":0,"player_choice":"Shed Blood","damage_taken":26,"max_hp_gain":5,"max_hp_loss":0,"event_name":"Forgotten Altar","floor":19,"gold_loss":0}],"is_beta":false,"boss_relics":[{"not_picked":["Pandora\u0027s Box","Runic Pyramid"],"picked":"Fusion Hammer"}],"items_purged_floors":[],"is_endless":false,"potions_floor_spawned":[6,14,16,18,20,21],"killed_by":"Book of Stabbing","ascension_level":20}