{"gold_per_floor":[110,127,127,140,157,190,190,190,238,248,277,31,45,72,72,147,147,161,136,154,154,54,54,68,100,100,100],"floor_reached":27,"playtime":1662,"items_purged":["Strike_B","Strike_B"],"score":510,"play_id":"5b7c51bb-f12e-482d-b78d-cec402217e31","local_time":"20190826181201","is_ascension_mode":true,"campfire_choices":[{"floor":7,"key":"REST"},{"floor":15,"key":"REST"},{"floor":23,"key":"REST"}],"neow_cost":"NONE","seed_source_timestamp":115701223493200,"circlet_count":0,"master_deck":["AscendersBane","Strike_B","Strike_B","Defend_B","Defend_B","Defend_B","Zap+1","Dualcast","Coolheaded","Coolheaded","Conserve Battery","Sweeping Beam","Streamline","Ball Lightning","Leap","Capacitor","Defragment","Loop","Machine Learning","Barrage","Chill","Clumsy"],"relics":["Cracked Core","Matryoshka","Strawberry","Oddly Smooth Stone","Art of War","Dream Catcher","Ancient Tea Set","Cursed Key","Ice Cream","Toxic Egg 2","Omamori"],"potions_floor_usage":[11,11,14,25],"damage_taken":[{"damage":6,"enemies":"Cultist","floor":1,"turns":3},{"damage":3,"enemies":"2 Louse","floor":2,"turns":2},{"damage":2,"enemies":"Small Slimes","floor":4,"turns":3},{"damage":13,"enemies":"Exordium Wildlife","floor":5,"turns":4},{"damage":33,"enemies":"Lagavulin","floor":6,"turns":8},{"damage":2,"enemies":"Large Slime","floor":10,"turns":6},{"damage":14,"enemies":"3 Sentries","floor":11,"turns":5},{"damage":3,"enemies":"Red Slaver","floor":13,"turns":3},{"damage":9,"enemies":"Lagavulin","floor":14,"turns":7},{"damage":22,"enemies":"The Guardian","floor":16,"turns":13},{"damage":14,"enemies":"Spheric Guardian","floor":18,"turns":4},{"damage":14,"enemies":"2 Thieves","floor":19,"turns":4},{"damage":0,"enemies":"Snecko","floor":20,"turns":10},{"damage":0,"enemies":"Centurion and Healer","floor":24,"turns":9},{"damage":57,"enemies":"Slavers","floor":25,"turns":8},{"damage":2,"enemies":"Snake Plant","floor":27,"turns":1}],"seed_played":"-1645625654293550874","potions_obtained":[{"floor":1,"key":"Explosive Potion"},{"floor":5,"key":"Swift Potion"},{"floor":24,"key":"GamblersBrew"}],"is_trial":false,"path_per_floor":["M","M","?","M","M","E","R","?","T","M","E","$","M","E","R","B",null,"M","M","M","?","$","R","M","E","T","M"],"character_chosen":"DEFECT","items_purchased":["Capacitor","Regen Potion"],"campfire_rested":3,"item_purchase_floors":[12,12],"current_hp_per_floor":[58,55,55,53,40,7,28,35,35,33,19,19,16,22,45,23,64,50,36,36,36,36,59,59,2,2,0],"gold":100,"neow_bonus":"REMOVE_CARD","is_prod":false,"is_daily":false,"chose_seed":false,"campfire_upgraded":0,"win_rate":0,"timestamp":1566857521,"path_taken":["M","?","?","M","M","E","R","?","T","?","E","$","M","E","R","BOSS","M","M","M","?","$","R","M","E","T","M"],"build_version":"2019-07-17","purchased_purges":2,"victory":false,"max_hp_per_floor":[71,71,71,71,71,71,71,78,78,78,78,78,78,78,78,78,78,78,78,78,78,78,78,78,78,78,78],"card_choices":[{"not_picked":["Aggregate","Stack"],"picked":"Coolheaded","floor":1},{"not_picked":["Skim","Force Field"],"picked":"Coolheaded","floor":2},{"not_picked":["Rebound","Leap"],"picked":"Conserve Battery","floor":4},{"not_picked":["Conserve Battery","Coolheaded"],"picked":"Sweeping Beam","floor":5},{"not_picked":["Coolheaded","Barrage"],"picked":"Streamline","floor":6},{"not_picked":["Go for the Eyes","Rainbow"],"picked":"Ball Lightning","floor":10},{"not_picked":["Recycle","Redo"],"picked":"Leap","floor":11},{"not_picked":["Core Surge","Coolheaded"],"picked":"Defragment","floor":13},{"not_picked":["Conserve Battery","Fusion"],"picked":"Loop","floor":14},{"not_picked":["Hyperbeam","Multi-Cast"],"picked":"Machine Learning","floor":16},{"not_picked":["Hello World","Ball Lightning"],"picked":"Barrage","floor":18},{"not_picked":["Ball Lightning","Go for the Eyes","Aggregate"],"picked":"SKIP","floor":19},{"not_picked":["Storm","Skim","Redo"],"picked":"SKIP","floor":20},{"not_picked":["Tempest","Heatsinks"],"picked":"Chill","floor":23},{"not_picked":["Barrage","Force Field","Streamline"],"picked":"SKIP","floor":24},{"not_picked":["All For One","Ball Lightning","Auto Shields"],"picked":"SKIP","floor":25}],"player_experience":1514067,"relics_obtained":[{"floor":6,"key":"Matryoshka"},{"floor":8,"key":"Strawberry"},{"floor":9,"key":"Oddly Smooth Stone"},{"floor":9,"key":"Art of War"},{"floor":11,"key":"Dream Catcher"},{"floor":14,"key":"Ancient Tea Set"},{"floor":25,"key":"Ice Cream"},{"floor":26,"key":"Toxic Egg 2"},{"floor":26,"key":"Omamori"}],"event_choices":[{"damage_healed":0,"gold_gain":0,"player_choice":"Grow","damage_taken":0,"max_hp_gain":0,"max_hp_loss":0,"event_name":"Living Wall","floor":3,"gold_loss":0,"cards_upgraded":["Zap"]},{"damage_healed":0,"gold_gain":0,"player_choice":"Relic","damage_taken":0,"max_hp_gain":0,"max_hp_loss":0,"event_name":"Wheel of Change","floor":8,"gold_loss":0},{"damage_healed":0,"gold_gain":0,"player_choice":"Ignored","damage_taken":0,"max_hp_gain":0,"max_hp_loss":0,"event_name":"Ghosts","floor":21,"gold_loss":0}],"is_beta":false,"boss_relics":[{"not_picked":["Busted Crown","Fusion Hammer"],"picked":"Cursed Key"}],"items_purged_floors":[12,22],"is_endless":false,"potions_floor_spawned":[1,5,10,24],"killed_by":"Snake Plant","ascension_level":20}