{"gold_per_floor":[119,139,154,164,178,211,211,222,222,240,315,315,370,33,33,137,137,148,163,88,104,104,139,157,175,175,189,189,201,220,233,233,329,329,347,366,386,4,19,19,19,19,43,72,72,92,137,157,157,157],"floor_reached":51,"playtime":2862,"items_purged":["Strike_R","Strike_R+1"],"score":834,"play_id":"eb577888-129a-43c0-a772-7115a34c31dc","local_time":"20190818175656","is_ascension_mode":false,"campfire_choices":[{"data":"Bash","floor":7,"key":"SMITH"},{"data":"Spot Weakness","floor":12,"key":"SMITH"},{"data":"Sword Boomerang","floor":15,"key":"SMITH"},{"floor":32,"key":"RECALL"},{"floor":49,"key":"DIG"}],"neow_cost":"NONE","seed_source_timestamp":2375628872027600,"circlet_count":0,"master_deck":["Strike_R+1","Defend_R+1","Defend_R+1","Defend_R+1","Defend_R+1","Bash+1","Infernal Blade+1","Iron Wave","Warcry","Dropkick","Spot Weakness+1","Thunderclap","Shrug It Off+1","Reaper","Sword Boomerang+1","Bludgeon+1","Flame Barrier+1","Rage+1","Barricade","Ghostly Armor+1","True Grit+1","Sentinel+1","Feel No Pain","True Grit+1","Clash+1","Double Tap+1","Feed+1","Headbutt+1","Finesse+1","Clothesline+1","Mayhem","Shockwave+1","Body Slam+1","Shrug It Off+1","Flame Barrier+1"],"relics":["Burning Blood","Regal Pillow","Kunai","Gremlin Horn","Strawberry","Molten Egg 2","Fusion Hammer","Toxic Egg 2","Shuriken","Coffee Dripper","PreservedInsect","Smiling Mask","Question Card","Shovel","War Paint"],"potions_floor_usage":[50,50,50],"damage_taken":[{"damage":0,"enemies":"Small Slimes","floor":1,"turns":3},{"damage":1,"enemies":"Jaw Worm","floor":2,"turns":3},{"damage":5,"enemies":"Cultist","floor":3,"turns":4},{"damage":2,"enemies":"Exordium Wildlife","floor":4,"turns":3},{"damage":0,"enemies":"2 Fungi Beasts","floor":5,"turns":2},{"damage":15,"enemies":"Gremlin Nob","floor":6,"turns":4},{"damage":6,"enemies":"Lots of Slimes","floor":8,"turns":4},{"damage":2,"enemies":"Looter","floor":10,"turns":2},{"damage":16,"enemies":"Gremlin Nob","floor":13,"turns":3},{"damage":35,"enemies":"Hexaghost","floor":16,"turns":7},{"damage":28,"enemies":"3 Byrds","floor":18,"turns":5},{"damage":20,"enemies":"2 Thieves","floor":19,"turns":2},{"damage":14,"enemies":"3 Cultists","floor":21,"turns":4},{"damage":3,"enemies":"Gremlin Leader","floor":23,"turns":7},{"damage":5,"enemies":"Snake Plant","floor":24,"turns":3},{"damage":5,"enemies":"Chosen and Byrds","floor":25,"turns":5},{"damage":3,"enemies":"Centurion and Healer","floor":27,"turns":6},{"damage":6,"enemies":"Snake Plant","floor":29,"turns":4},{"damage":6,"enemies":"Cultist and Chosen","floor":30,"turns":3},{"damage":13,"enemies":"Shelled Parasite and Fungi","floor":31,"turns":8},{"damage":0,"enemies":"Champ","floor":33,"turns":13},{"damage":1,"enemies":"3 Shapes","floor":35,"turns":3},{"damage":13,"enemies":"Orb Walker","floor":36,"turns":3},{"damage":49,"enemies":"Writhing Mass","floor":37,"turns":7},{"damage":19,"enemies":"Maw","floor":39,"turns":10},{"damage":12,"enemies":"Reptomancer","floor":44,"turns":9},{"damage":0,"enemies":"Jaw Worm Horde","floor":46,"turns":3},{"damage":73,"enemies":"2 Orb Walkers","floor":47,"turns":6},{"damage":11,"enemies":"Sphere and 2 Shapes","floor":48,"turns":7},{"damage":0,"enemies":"Awakened One","floor":50,"turns":12}],"seed_played":"7646370869537359118","potions_obtained":[{"floor":1,"key":"EssenceOfSteel"},{"floor":2,"key":"EssenceOfSteel"},{"floor":3,"key":"Dexterity Potion"}],"is_trial":false,"path_per_floor":["M","M","M","M","M","E","R","M","T","M","?","R","?","$","R","B",null,"M","M","?","M","?","E","M","M","T","M","?","M","M","M","R","B",null,"M","M","M","$","M","R","?","R","T","E","?","M","?","M","R","B",null],"character_chosen":"IRONCLAD","items_purchased":["Molten Egg 2","PreservedInsect","Finesse+1","Clothesline+1"],"campfire_rested":0,"item_purchase_floors":[14,38,38,38],"current_hp_per_floor":[80,80,80,80,80,71,71,71,71,75,64,64,61,61,61,32,87,65,65,65,73,73,87,87,87,87,87,87,87,87,87,87,87,87,87,80,46,46,38,38,38,38,38,86,86,87,20,44,44,68],"gold":157,"neow_bonus":"RANDOM_COMMON_RELIC","is_prod":false,"is_daily":false,"chose_seed":false,"campfire_upgraded":3,"win_rate":0,"timestamp":1566118616,"path_taken":["M","M","M","M","M","E","R","M","T","M","?","R","?","?","R","BOSS","M","M","?","M","?","E","M","M","T","M","?","M","?","M","R","BOSS","M","M","M","$","?","R","?","R","T","E","?","?","?","M","R","BOSS"],"build_version":"2019-07-17","purchased_purges":2,"victory":true,"max_hp_per_floor":[80,80,80,80,80,80,80,80,80,80,80,80,87,87,87,87,87,87,87,87,87,87,87,87,87,87,87,87,87,87,87,87,87,87,87,87,87,87,87,87,87,87,87,87,87,87,87,91,91,91],"card_choices":[{"not_picked":["Hemokinesis","Searing Blow"],"picked":"Infernal Blade","floor":1},{"not_picked":["Searing Blow","Warcry"],"picked":"Iron Wave","floor":2},{"not_picked":["Heavy Blade","Bloodletting"],"picked":"Warcry","floor":3},{"not_picked":["Sword Boomerang","Rage"],"picked":"Dropkick","floor":4},{"not_picked":["Wild Strike","Reckless Charge"],"picked":"Spot Weakness","floor":5},{"not_picked":["Clothesline","Headbutt"],"picked":"Thunderclap","floor":6},{"not_picked":["Warcry","Thunderclap"],"picked":"Shrug It Off","floor":8},{"not_picked":["Shrug It Off","Infernal Blade"],"picked":"Reaper","floor":10},{"not_picked":["Flex","Anger"],"picked":"Sword Boomerang","floor":13},{"not_picked":["Berserk","Dark Embrace"],"picked":"Bludgeon+1","floor":16},{"not_picked":["Rage","True Grit"],"picked":"Flame Barrier+1","floor":18},{"not_picked":["Thunderclap+1","Intimidate"],"picked":"Rage+1","floor":19},{"not_picked":["Pummel+1","Heavy Blade+1","Second Wind"],"picked":"SKIP","floor":21},{"not_picked":["Clothesline+1","Flex+1"],"picked":"Barricade","floor":23},{"not_picked":["Pommel Strike+1","Rage+1"],"picked":"Ghostly Armor+1","floor":24},{"not_picked":["Twin Strike+1","Thunderclap+1"],"picked":"True Grit+1","floor":25},{"not_picked":["Clothesline+1","Seeing Red+1"],"picked":"Sentinel+1","floor":27},{"not_picked":["Dropkick+1","Armaments+1"],"picked":"True Grit+1","floor":29},{"not_picked":["Carnage+1","Heavy Blade+1"],"picked":"Clash+1","floor":30},{"not_picked":["Inflame","Carnage+1"],"picked":"Double Tap+1","floor":31},{"not_picked":["Immolate+1","Limit Break+1"],"picked":"Feed+1","floor":33},{"not_picked":["True Grit+1","Evolve+1","Rage+1"],"picked":"SKIP","floor":35},{"not_picked":["Anger+1","Rupture+1","Heavy Blade+1"],"picked":"SKIP","floor":36},{"not_picked":["Carnage+1","Second Wind+1"],"picked":"Headbutt+1","floor":37},{"not_picked":["Sentinel+1","Armaments+1","Anger+1"],"picked":"SKIP","floor":39},{"not_picked":["PanicButton+1","Apotheosis+1"],"picked":"Mayhem","floor":41},{"not_picked":["Thunderclap+1","Armaments+1"],"picked":"Shockwave+1","floor":44},{"not_picked":["Warcry+1","Searing Blow+1","Clash+1"],"picked":"Body Slam+1","floor":46},{"not_picked":["Flame Barrier+1","Pummel+1","Wild Strike+1"],"picked":"Shrug It Off+1","floor":47},{"not_picked":["Sword Boomerang+1","Anger+1","Uppercut+1"],"picked":"Flame Barrier+1","floor":48}],"player_experience":177845,"relics_obtained":[{"floor":6,"key":"Kunai"},{"floor":9,"key":"Gremlin Horn"},{"floor":23,"key":"Toxic Egg 2"},{"floor":26,"key":"Shuriken"},{"floor":43,"key":"Smiling Mask"},{"floor":44,"key":"Question Card"},{"floor":47,"key":"Shovel"},{"floor":49,"key":"War Paint"}],"event_choices":[{"damage_healed":0,"gold_gain":75,"player_choice":"Gather Gold","damage_taken":11,"max_hp_gain":0,"max_hp_loss":0,"event_name":"World of Goop","floor":11,"gold_loss":0},{"damage_healed":0,"gold_gain":0,"player_choice":"Searched \u00273\u0027 times","damage_taken":0,"relics_obtained":["Strawberry"],"max_hp_gain":0,"max_hp_loss":0,"event_name":"Dead Adventurer","floor":13,"gold_loss":0},{"cards_removed":["Strike_R"],"damage_healed":0,"gold_gain":0,"player_choice":"Gave Gold","damage_taken":0,"max_hp_gain":0,"max_hp_loss":0,"event_name":"Beggar","floor":20,"gold_loss":75},{"damage_healed":0,"gold_gain":0,"player_choice":"Simplicity","damage_taken":0,"max_hp_gain":0,"max_hp_loss":0,"event_name":"Back to Basics","floor":22,"gold_loss":0,"cards_upgraded":["Strike_R","Strike_R","Strike_R","Defend_R","Defend_R","Defend_R","Defend_R"]},{"damage_healed":0,"gold_gain":0,"player_choice":"Read","damage_taken":0,"max_hp_gain":0,"max_hp_loss":0,"event_name":"The Library","floor":28,"gold_loss":0,"cards_obtained":["Feel No Pain"]},{"damage_healed":0,"gold_gain":0,"player_choice":"Memory 1","damage_taken":0,"max_hp_gain":0,"max_hp_loss":0,"event_name":"SensoryStone","floor":41,"gold_loss":0},{"cards_removed":["Strike_R"],"damage_healed":0,"gold_gain":0,"player_choice":"Purged","damage_taken":0,"max_hp_gain":0,"max_hp_loss":0,"event_name":"Purifier","floor":45,"gold_loss":0},{"damage_healed":0,"gold_gain":0,"player_choice":"Fight","damage_taken":0,"max_hp_gain":0,"max_hp_loss":0,"event_name":"Mysterious Sphere","floor":47,"gold_loss":0}],"is_beta":false,"boss_relics":[{"not_picked":["Mark of Pain","Busted Crown"],"picked":"Fusion Hammer"},{"not_picked":["Empty Cage","Eternal Feather"],"picked":"Coffee Dripper"}],"items_purged_floors":[14,38],"is_endless":false,"potions_floor_spawned":[1,2,3,16,19,21,25,27,30,33,36,37,46,47],"ascension_level":0}