{"gold_per_floor":[116,41,41,56,66,66,66,66,93,111,143,157,171,199,199,278,278,297,313,313,313],"floor_reached":21,"playtime":1058,"items_purged":[],"score":432,"play_id":"d57a7639-930e-435c-bfa3-6db26be7f78c","local_time":"20190617192703","is_ascension_mode":true,"campfire_choices":[{"data":"Juggernaut","floor":6.0,"key":"SMITH"},{"data":"Ghostly Armor","floor":8.0,"key":"SMITH"},{"data":"Armaments","floor":15.0,"key":"SMITH"}],"neow_cost":"NONE","seed_source_timestamp":0,"circlet_count":0,"master_deck":["AscendersBane","Strike_R","Strike_R","Strike_R","Strike_R","Defend_R","Defend_R","Defend_R+1","Defend_R+1","Bash","Juggernaut+1","Entrench+1","Ghostly Armor+1","Pommel Strike","Armaments+1","Combust","Shrug It Off","Fiend Fire","Entrench","Disarm"],"special_seed":0,"relics":["Burning Blood","CultistMask","War Paint","Pantograph","FossilizedHelix","Eternal Feather"],"potions_floor_usage":[],"damage_taken":[{"damage":7.0,"enemies":"Small Slimes","floor":1.0,"turns":4.0},{"damage":6.0,"enemies":"Jaw Worm","floor":4.0,"turns":6.0},{"damage":1.0,"enemies":"Cultist","floor":5.0,"turns":4.0},{"damage":20.0,"enemies":"Lots of Slimes","floor":10.0,"turns":5.0},{"damage":7.0,"enemies":"3 Sentries","floor":11.0,"turns":8.0},{"damage":9.0,"enemies":"3 Louse","floor":12.0,"turns":3.0},{"damage":5.0,"enemies":"Large Slime","floor":13.0,"turns":6.0},{"damage":6.0,"enemies":"Lagavulin","floor":14.0,"turns":7.0},{"damage":72.0,"enemies":"Hexaghost","floor":16.0,"turns":10.0},{"damage":26.0,"enemies":"3 Byrds","floor":18.0,"turns":5.0},{"damage":14.0,"enemies":"Spheric Guardian","floor":19.0,"turns":7.0},{"damage":31,"enemies":"3 Cultists","floor":21,"turns":4}],"seed_played":"-2723190669682502936","potions_obtained":[{"floor":1.0,"key":"Dexterity Potion"},{"floor":4.0,"key":"Block Potion"},{"floor":13.0,"key":"Strength Potion"},{"floor":14.0,"key":"Energy Potion"}],"is_trial":false,"path_per_floor":["M","?","?","M","M","R","?","R","T","M","E","M","M","E","R","B",null,"M","M","?","M"],"character_chosen":"IRONCLAD","items_purchased":[],"campfire_rested":0,"item_purchase_floors":[],"current_hp_per_floor":[67,67,67,67,72,72,72,72,72,58,57,54,55,55,55,9,59,39,31,31,0],"gold":313,"neow_bonus":"ONE_RANDOM_RARE_CARD","is_prod":false,"is_daily":false,"chose_seed":false,"campfire_upgraded":3,"win_rate":0,"timestamp":1560814023,"path_taken":["M","?","?","M","M","R","?","R","T","M","E","?","M","E","R","BOSS","M","?","?","M"],"build_version":"2019-01-23","purchased_purges":0,"victory":false,"max_hp_per_floor":[75,75,75,75,75,75,75,75,75,75,75,75,75,75,75,75,75,75,75,75,75],"card_choices":[{"not_picked":["Heavy Blade","Reckless Charge"],"picked":"Entrench","floor":1.0},{"not_picked":["Clash","Infernal Blade"],"picked":"Ghostly Armor","floor":4.0},{"not_picked":["Anger","Bloodletting"],"picked":"Pommel Strike","floor":5.0},{"not_picked":["Rage","Heavy Blade"],"picked":"Armaments","floor":10.0},{"not_picked":["Havoc","Rampage"],"picked":"Combust","floor":11.0},{"not_picked":["Limit Break","Pommel Strike","Spot Weakness"],"picked":"SKIP","floor":12.0},{"not_picked":["Anger","Combust","Fire Breathing"],"picked":"SKIP","floor":13.0},{"not_picked":["Shockwave","Bloodletting"],"picked":"Shrug It Off","floor":14.0},{"not_picked":["Exhume","Reaper"],"picked":"Fiend Fire","floor":16.0},{"not_picked":["Heavy Blade","Twin Strike"],"picked":"Entrench","floor":18.0},{"not_picked":["Reckless Charge","Body Slam"],"picked":"Disarm","floor":19.0}],"player_experience":1192575,"relics_obtained":[{"floor":9.0,"key":"War Paint"},{"floor":11.0,"key":"Pantograph"},{"floor":14.0,"key":"FossilizedHelix"}],"event_choices":[{"cards_removed":["Strike_R"],"damage_healed":0.0,"max_hp_gain":0.0,"max_hp_loss":0.0,"gold_gain":0.0,"event_name":"The Cleric","player_choice":"Card Removal","floor":2.0,"gold_loss":75.0,"damage_taken":0.0},{"damage_healed":0.0,"max_hp_gain":0.0,"max_hp_loss":0.0,"gold_gain":0.0,"event_name":"Living Wall","player_choice":"Grow","floor":3.0,"gold_loss":0.0,"damage_taken":0.0,"cards_upgraded":["Entrench"]},{"damage_healed":0.0,"max_hp_gain":0.0,"max_hp_loss":0.0,"gold_gain":0.0,"event_name":"FaceTrader","player_choice":"Trade","floor":7.0,"gold_loss":0.0,"damage_taken":0.0,"relics_obtained":["CultistMask"]},{"damage_healed":0.0,"max_hp_gain":0.0,"max_hp_loss":0.0,"gold_gain":0.0,"event_name":"Vampires","player_choice":"Ignored","floor":20.0,"gold_loss":0.0,"damage_taken":0.0}],"is_beta":false,"boss_relics":[{"not_picked":["Runic Cube","Pandora\u0027s Box"],"picked":"Eternal Feather"}],"items_purged_floors":[],"is_endless":false,"potions_floor_spawned":[1,4,13,14],"killed_by":"3 Cultists","ascension_level":20}