{"gold_per_floor":[117,131,148,72,37,37,63,63,89,104,17,48,68,98,98,176,226,239,259,259,259,68,95,113,113,113,141,157,169,179,213,213,290,290,308,308,322,322,332,332,345,373,373,473,373,389,389,16,16,16,16,16,16,16,43,43],"floor_reached":57,"playtime":3362,"items_purged":["Strike_G","Strike_G","Strike_G"],"score":2749,"play_id":"e54c8350-d3db-490d-8f0e-71eac6e5f55b","local_time":"20190716203339","is_ascension_mode":true,"campfire_choices":[{"data":"Noxious Fumes","floor":6.0,"key":"SMITH"},{"data":"Crippling Poison","floor":8.0,"key":"SMITH"},{"data":"Well Laid Plans","floor":15.0,"key":"SMITH"},{"floor":25.0,"key":"REST"},{"floor":32.0,"key":"REST"},{"floor":40.0,"key":"REST"},{"data":"Strike_G","floor":47.0,"key":"PURGE"},{"floor":49.0,"key":"RECALL"},{"data":"Strike_G","floor":53.0,"key":"PURGE"}],"neow_cost":"NONE","seed_source_timestamp":183655933393800,"circlet_count":0,"master_deck":["AscendersBane","Defend_G","Defend_G+1","Defend_G","Defend_G","Defend_G","Survivor","Neutralize","Leg Sweep","PiercingWail","Well Laid Plans+1","Noxious Fumes+1","Crippling Poison+1","Bouncing Flask","Footwork","Adrenaline","PiercingWail","After Image","Corpse Explosion","Dodge and Roll","Cloak And Dagger","Footwork","PiercingWail","Deadly Poison+1","Tactician+1","Catalyst+1","Backflip+1","Venomology+1","Apotheosis+1","Acrobatics+1"],"special_seed":0,"relics":["Ring of the Snake","Blood Vial","Anchor","Tiny House","Girya","The Specimen","Toxic Egg 2","Matryoshka","Busted Crown","FossilizedHelix","Art of War","Ninja Scroll","Peace Pipe","Centennial Puzzle"],"potions_floor_usage":[56,56,56],"damage_taken":[{"damage":3.0,"enemies":"Cultist","floor":1.0,"turns":5.0},{"damage":0.0,"enemies":"Small Slimes","floor":2.0,"turns":4.0},{"damage":3.0,"enemies":"2 Louse","floor":3.0,"turns":4.0},{"damage":17.0,"enemies":"3 Sentries","floor":7.0,"turns":8.0},{"damage":1.0,"enemies":"Blue Slaver","floor":10.0,"turns":8.0},{"damage":21.0,"enemies":"Gremlin Nob","floor":12.0,"turns":4.0},{"damage":0.0,"enemies":"Red Slaver","floor":13.0,"turns":5.0},{"damage":0.0,"enemies":"3 Sentries","floor":14.0,"turns":6.0},{"damage":15.0,"enemies":"The Guardian","floor":16.0,"turns":11.0},{"damage":2.0,"enemies":"3 Byrds","floor":18.0,"turns":3.0},{"damage":4.0,"enemies":"Spheric Guardian","floor":19.0,"turns":6.0},{"damage":38.0,"enemies":"Gremlin Leader","floor":23.0,"turns":9.0},{"damage":11.0,"enemies":"Snecko","floor":24.0,"turns":6.0},{"damage":2.0,"enemies":"Book of Stabbing","floor":27.0,"turns":7.0},{"damage":18.0,"enemies":"Snake Plant","floor":28.0,"turns":8.0},{"damage":3.0,"enemies":"Centurion and Healer","floor":29.0,"turns":3.0},{"damage":4.0,"enemies":"Chosen and Byrds","floor":30.0,"turns":5.0},{"damage":13.0,"enemies":"Slavers","floor":31.0,"turns":5.0},{"damage":10.0,"enemies":"Collector","floor":33.0,"turns":7.0},{"damage":1.0,"enemies":"3 Darklings","floor":35.0,"turns":4.0},{"damage":0.0,"enemies":"3 Shapes","floor":37.0,"turns":3.0},{"damage":42.0,"enemies":"Jaw Worm Horde","floor":39.0,"turns":6.0},{"damage":19.0,"enemies":"Writhing Mass","floor":41.0,"turns":6.0},{"damage":1.0,"enemies":"Nemesis","floor":42.0,"turns":9.0},{"damage":0.0,"enemies":"Mind Bloom Boss Battle","floor":44.0,"turns":6.0},{"damage":0.0,"enemies":"4 Shapes","floor":46.0,"turns":4.0},{"damage":2.0,"enemies":"Time Eater","floor":50.0,"turns":10.0},{"damage":7.0,"enemies":"Donu and Deca","floor":51.0,"turns":8.0},{"damage":12,"enemies":"Shield and Spear","floor":55,"turns":7},{"damage":50,"enemies":"The Heart","floor":56,"turns":12}],"seed_played":"-3856347032843428178","potions_obtained":[{"floor":2.0,"key":"Strength Potion"},{"floor":3.0,"key":"Fire Potion"},{"floor":10.0,"key":"Explosive Potion"},{"floor":12.0,"key":"SpeedPotion"},{"floor":16.0,"key":"Dexterity Potion"},{"floor":17.0,"key":"Ancient Potion"},{"floor":23.0,"key":"Fire Potion"},{"floor":24.0,"key":"Energy Potion"},{"floor":27.0,"key":"GhostInAJar"},{"floor":31.0,"key":"SkillPotion"},{"floor":35.0,"key":"EntropicBrew"},{"floor":41.0,"key":"GamblersBrew"},{"floor":44.0,"key":"Dexterity Potion"},{"floor":46.0,"key":"Ancient Potion"}],"is_trial":false,"path_per_floor":["M","M","M","$","?","R","E","R","T","M","$","E","M","E","R","B",null,"M","M","?","?","$","E","M","R","T","E","M","M","M","E","R","B",null,"M","?","M","?","M","R","M","E","T","?","$","M","R","$","R","B","B",null,"R","$","E","B",null],"character_chosen":"THE_SILENT","items_purchased":["Noxious Fumes","Footwork","Footwork","PiercingWail","Apotheosis+1","Acrobatics+1"],"campfire_rested":3,"item_purchase_floors":[4,11,22,22,48,48],"current_hp_per_floor":[56,56,53,53,66,66,49,49,49,50,50,31,33,35,35,22,60,60,58,58,63,63,27,18,39,39,39,23,22,20,9,30,22,59,60,60,62,62,31,51,34,35,35,37,37,39,39,39,39,39,34,59,59,59,49,1],"gold":43,"neow_bonus":"THREE_CARDS","is_prod":false,"is_daily":false,"chose_seed":false,"campfire_upgraded":3,"win_rate":0,"timestamp":1563323619,"path_taken":["M","M","?","$","?","R","E","R","T","M","$","E","M","E","R","BOSS","M","M","?","?","$","E","M","R","T","E","M","?","M","E","R","BOSS","M","?","M","?","M","R","M","E","T","?","$","M","R","$","R","BOSS","BOSS","R","$","E","BOSS"],"build_version":"2019-07-05","purchased_purges":3,"victory":true,"max_hp_per_floor":[66,66,66,66,66,66,66,66,66,66,66,66,66,66,66,66,71,71,71,71,71,71,71,71,71,71,71,71,71,71,71,71,71,71,71,67,67,67,67,67,67,67,67,67,67,67,67,67,67,67,67,67,67,67,67,67],"card_choices":[{"not_picked":["Caltrops","Masterful Stab"],"picked":"Quick Slash","floor":0.0},{"not_picked":["PiercingWail","Setup"],"picked":"Leg Sweep","floor":1.0},{"not_picked":["Dodge and Roll","Setup"],"picked":"PiercingWail","floor":2.0},{"not_picked":["Slice","Reflex"],"picked":"Well Laid Plans","floor":3.0},{"not_picked":["Escape Plan","Outmaneuver"],"picked":"Crippling Poison","floor":7.0},{"not_picked":["Flechettes","Dagger Spray"],"picked":"Bouncing Flask","floor":10.0},{"not_picked":["Accuracy","Dash"],"picked":"Adrenaline","floor":12.0},{"not_picked":["Accuracy","Poisoned Stab"],"picked":"PiercingWail","floor":13.0},{"not_picked":["Outmaneuver","Finisher"],"picked":"After Image","floor":14.0},{"not_picked":["Night Terror","Grand Finale"],"picked":"Corpse Explosion","floor":16.0},{"not_picked":["Blade Dance","Terror"],"picked":"Dodge and Roll","floor":17.0},{"not_picked":["Slice","Dagger Spray"],"picked":"Cloak And Dagger","floor":18.0},{"not_picked":["Blade Dance","Eviscerate","Phantasmal Killer"],"picked":"SKIP","floor":19.0},{"not_picked":["Backstab","Underhanded Strike","Riddle With Holes"],"picked":"SKIP","floor":23.0},{"not_picked":["Poisoned Stab","Eviscerate"],"picked":"Deadly Poison+1","floor":24.0},{"not_picked":["Acrobatics","Sucker Punch"],"picked":"Tactician","floor":27.0},{"not_picked":["Poisoned Stab","Slice"],"picked":"Catalyst+1","floor":28.0},{"not_picked":["Underhanded Strike","Reflex+1"],"picked":"Backflip+1","floor":29.0},{"not_picked":["Poisoned Stab","Slice","Sucker Punch+1"],"picked":"SKIP","floor":30.0},{"not_picked":["Corpse Explosion+1","Reflex+1"],"picked":"Venomology+1","floor":31.0},{"not_picked":["Quick Slash"],"picked":"SKIP","floor":35.0},{"not_picked":["Deadly Poison+1"],"picked":"SKIP","floor":37.0},{"not_picked":["Quick Slash"],"picked":"SKIP","floor":39.0},{"not_picked":["Quick Slash+1"],"picked":"SKIP","floor":41.0},{"not_picked":["Concentrate+1"],"picked":"SKIP","floor":42.0},{"not_picked":["Slice"],"picked":"SKIP","floor":46.0},{"not_picked":["Backflip+1"],"picked":"SKIP","floor":55}],"player_experience":1358694,"relics_obtained":[{"floor":7.0,"key":"Blood Vial"},{"floor":12.0,"key":"Anchor"},{"floor":23.0,"key":"Girya"},{"floor":26.0,"key":"The Specimen"},{"floor":27.0,"key":"Toxic Egg 2"},{"floor":31.0,"key":"Matryoshka"},{"floor":42.0,"key":"FossilizedHelix"},{"floor":43.0,"key":"Art of War"},{"floor":43.0,"key":"Ninja Scroll"},{"floor":44.0,"key":"Peace Pipe"},{"floor":55,"key":"Centennial Puzzle"}],"event_choices":[{"damage_healed":16.0,"max_hp_gain":0.0,"max_hp_loss":0.0,"gold_gain":0.0,"event_name":"The Cleric","player_choice":"Healed","floor":5.0,"gold_loss":35.0,"damage_taken":0.0},{"damage_healed":0.0,"max_hp_gain":0.0,"max_hp_loss":0.0,"gold_gain":0.0,"event_name":"Ghosts","player_choice":"Ignored","floor":20.0,"gold_loss":0.0,"damage_taken":0.0},{"cards_removed":["Quick Slash"],"damage_healed":5.0,"max_hp_gain":0.0,"max_hp_loss":0.0,"gold_gain":0.0,"event_name":"Bonfire Elementals","player_choice":"Offered Common","floor":21.0,"gold_loss":0.0,"damage_taken":0.0},{"cards_removed":["Quick Slash"],"damage_healed":5.0,"max_hp_gain":0.0,"max_hp_loss":0.0,"gold_gain":0.0,"event_name":"Bonfire Elementals","player_choice":"Offered Special","floor":21.0,"gold_loss":0.0,"damage_taken":0.0},{"damage_healed":0.0,"max_hp_gain":0.0,"max_hp_loss":4.0,"gold_gain":0.0,"event_name":"Winding Halls","player_choice":"Max HP","floor":36.0,"gold_loss":0.0,"damage_taken":0.0},{"damage_healed":0.0,"max_hp_gain":0.0,"max_hp_loss":0.0,"gold_gain":0.0,"event_name":"SensoryStone","player_choice":"Memory 1","floor":38.0,"gold_loss":0.0,"damage_taken":0.0},{"damage_healed":0.0,"max_hp_gain":0.0,"max_hp_loss":0.0,"gold_gain":0.0,"event_name":"MindBloom","player_choice":"Fight","floor":44.0,"gold_loss":0.0,"damage_taken":0.0}],"is_beta":false,"boss_relics":[{"not_picked":["WristBlade","Lizard Tail"],"picked":"Tiny House"},{"not_picked":["White Beast Statue","Ring of the Serpent"],"picked":"Busted Crown"}],"items_purged_floors":[22,45,48],"is_endless":false,"potions_floor_spawned":[2,3,10,12,16,23,24,27,30,31,35,41,44,46],"ascension_level":20}