{"gold_per_floor":[112,122,122,67,87,116,132,132,156,169,169,202,202,230,230,230],"floor_reached":16,"playtime":647,"items_purged":[],"score":240,"play_id":"5fa663d0-5527-4e30-9a02-b5766f4e3a8d","local_time":"20190616141720","is_ascension_mode":true,"campfire_choices":[{"data":"Crippling Poison","floor":8.0,"key":"SMITH"},{"data":"Neutralize","floor":11.0,"key":"SMITH"},{"data":"Noxious Fumes","floor":15.0,"key":"SMITH"}],"neow_cost":"NONE","seed_source_timestamp":15466286125200,"circlet_count":0,"master_deck":["AscendersBane","Defend_G+1","Defend_G","Defend_G","Defend_G","Defend_G","Strike_G","Strike_G","Strike_G","Strike_G","Strike_G","Survivor+1","Neutralize+1","Flechettes","Noxious Fumes+1","Flying Knee","Crippling Poison+1","Quick Slash","Adrenaline","Acrobatics"],"special_seed":0,"relics":["Ring of the Snake","Smiling Mask","War Paint","Ancient Tea Set","Mummified Hand"],"potions_floor_usage":[],"damage_taken":[{"damage":0.0,"enemies":"Jaw Worm","floor":1.0,"turns":4.0},{"damage":1.0,"enemies":"Small Slimes","floor":2.0,"turns":3.0},{"damage":0.0,"enemies":"Cultist","floor":5.0,"turns":4.0},{"damage":23.0,"enemies":"Lagavulin","floor":6.0,"turns":10.0},{"damage":0.0,"enemies":"2 Fungi Beasts","floor":7.0,"turns":3.0},{"damage":4.0,"enemies":"Blue Slaver","floor":10.0,"turns":5.0},{"damage":9.0,"enemies":"3 Sentries","floor":12.0,"turns":7.0},{"damage":10.0,"enemies":"Lagavulin","floor":14.0,"turns":6.0},{"damage":23,"enemies":"The Guardian","floor":16,"turns":8}],"seed_played":"2234835895229045950","potions_obtained":[{"floor":5.0,"key":"GhostInAJar"},{"floor":7.0,"key":"Ancient Potion"},{"floor":12.0,"key":"GhostInAJar"}],"is_trial":false,"path_per_floor":["M","M","?","$","M","E","M","R","T","M","R","E","?","E","R","B"],"character_chosen":"THE_SILENT","items_purchased":["Explosive Potion"],"campfire_rested":0,"item_purchase_floors":[4],"current_hp_per_floor":[65,64,64,64,64,41,41,41,41,37,37,28,28,18,18,0],"gold":230,"neow_bonus":"TEN_PERCENT_HP_BONUS","is_prod":false,"is_daily":false,"chose_seed":false,"campfire_upgraded":3,"win_rate":0,"timestamp":1560709040,"path_taken":["M","M","?","$","M","E","M","R","T","M","R","E","?","E","R","BOSS"],"build_version":"2019-01-23","purchased_purges":0,"victory":false,"max_hp_per_floor":[72,72,72,72,72,72,72,72,72,72,72,72,72,72,72,72],"card_choices":[{"not_picked":["Underhanded Strike","Tactician"],"picked":"Flechettes","floor":1.0},{"not_picked":["Prepared","Slice"],"picked":"Noxious Fumes","floor":2.0},{"not_picked":["Acrobatics","Cloak And Dagger"],"picked":"Flying Knee","floor":5.0},{"not_picked":["Sucker Punch","Riddle With Holes","Slice"],"picked":"SKIP","floor":6.0},{"not_picked":["Finisher","Blade Dance"],"picked":"Crippling Poison","floor":7.0},{"not_picked":["Bane","Expertise"],"picked":"Quick Slash","floor":10.0},{"not_picked":["Sucker Punch","Prepared"],"picked":"Adrenaline","floor":12.0},{"not_picked":["Blade Dance","Prepared"],"picked":"Acrobatics","floor":14.0}],"player_experience":1188781,"relics_obtained":[{"floor":6.0,"key":"Smiling Mask"},{"floor":9.0,"key":"War Paint"},{"floor":12.0,"key":"Ancient Tea Set"},{"floor":14.0,"key":"Mummified Hand"}],"event_choices":[{"damage_healed":0.0,"max_hp_gain":0.0,"max_hp_loss":0.0,"gold_gain":0.0,"event_name":"The Cleric","player_choice":"Leave","floor":3.0,"gold_loss":0.0,"damage_taken":0.0},{"damage_healed":0.0,"max_hp_gain":0.0,"max_hp_loss":0.0,"gold_gain":0.0,"event_name":"Liars Game","player_choice":"Ignored","floor":13.0,"gold_loss":0.0,"damage_taken":0.0}],"is_beta":false,"boss_relics":[],"items_purged_floors":[],"is_endless":false,"potions_floor_spawned":[5,7,10,12],"killed_by":"The Guardian","ascension_level":20}