{"gold_per_floor":[119,269,269,269,26,59,110,137,137,137,147,161,175,191,191,265,265,280,290,205,24,40,40,71,85,110,110,124,156,156,168,168,168],"floor_reached":33,"playtime":2110,"items_purged":["Doubt","Strike_R"],"score":694,"play_id":"d8ba5eb0-35c9-47b2-a5b6-7c60c47360bd","local_time":"20190704075913","is_ascension_mode":true,"campfire_choices":[{"data":"Bash","floor":10.0,"key":"SMITH"},{"data":"Inflame","floor":15.0,"key":"SMITH"},{"data":"Limit Break","floor":23,"key":"SMITH"},{"data":"Armaments","floor":30,"key":"SMITH"},{"data":"True Grit","floor":32,"key":"SMITH"}],"neow_cost":"NONE","seed_source_timestamp":1163675651357600,"circlet_count":0,"master_deck":["AscendersBane","Strike_R","Strike_R","Strike_R","Strike_R","Defend_R","Defend_R","Defend_R","Defend_R","Bash+1","Sword Boomerang","Armaments+1","Clothesline","Offering","Inflame+1","Offering","True Grit+1","Limit Break+1","Inflame","Twin Strike","Disarm+1","Whirlwind","Spot Weakness+1"],"special_seed":0,"relics":["Black Blood","NeowsBlessing","Meat on the Bone","PreservedInsect","Torii","Orichalcum","Blue Candle","Matryoshka","Potion Belt","Ornamental Fan","Bag of Preparation","Champion Belt"],"potions_floor_usage":[22,22,22,22,24,29,31],"damage_taken":[{"damage":0.0,"enemies":"Cultist","floor":1.0,"turns":1.0},{"damage":0.0,"enemies":"3 Sentries","floor":6.0,"turns":1.0},{"damage":0.0,"enemies":"Lagavulin","floor":8.0,"turns":1.0},{"damage":1.0,"enemies":"Small Slimes","floor":11.0,"turns":3.0},{"damage":9.0,"enemies":"2 Louse","floor":12.0,"turns":3.0},{"damage":2.0,"enemies":"Looter","floor":13.0,"turns":3.0},{"damage":21.0,"enemies":"Large Slime","floor":14.0,"turns":6.0},{"damage":29.0,"enemies":"The Guardian","floor":16.0,"turns":13.0},{"damage":23.0,"enemies":"Shell Parasite","floor":18.0,"turns":4.0},{"damage":30.0,"enemies":"Spheric Guardian","floor":19.0,"turns":4.0},{"damage":20,"enemies":"3 Cultists","floor":22,"turns":5},{"damage":15,"enemies":"Book of Stabbing","floor":24,"turns":3},{"damage":25,"enemies":"Snake Plant","floor":25,"turns":3},{"damage":18,"enemies":"Snecko","floor":28,"turns":4},{"damage":7,"enemies":"Slavers","floor":29,"turns":2},{"damage":32,"enemies":"Cultist and Chosen","floor":31,"turns":6},{"damage":63,"enemies":"Automaton","floor":33,"turns":6}],"seed_played":"-7587056780450820840","potions_obtained":[{"floor":12.0,"key":"EntropicBrew"},{"floor":13.0,"key":"SkillPotion"},{"floor":18.0,"key":"Fire Potion"},{"floor":28,"key":"Block Potion"}],"is_trial":false,"path_per_floor":["M","?","?","?","$","E","T","E","T","R","M","M","M","M","R","B",null,"M","M","?","$","M","R","E","M","T","?","M","E","R","M","R","B"],"character_chosen":"IRONCLAD","items_purchased":["PreservedInsect","Limit Break"],"campfire_rested":0,"item_purchase_floors":[5,21],"current_hp_per_floor":[74,74,79,61,61,67,67,73,73,73,78,75,79,64,64,53,73,60,52,52,52,56,56,51,48,48,48,52,55,55,45,45,0],"gold":168,"neow_bonus":"THREE_ENEMY_KILL","is_prod":false,"is_daily":false,"chose_seed":false,"campfire_upgraded":5,"win_rate":0,"timestamp":1562241553,"path_taken":["M","?","?","?","$","E","?","E","T","R","M","M","M","M","R","BOSS","M","M","?","$","M","R","E","M","T","?","M","E","R","M","R","BOSS"],"build_version":"2019-07-01","purchased_purges":2,"victory":false,"max_hp_per_floor":[75,75,80,80,80,80,80,80,80,80,80,80,80,80,80,80,80,80,80,80,80,80,80,80,80,80,80,80,80,80,80,80,80],"card_choices":[{"not_picked":["Perfected Strike","Anger"],"picked":"Sword Boomerang","floor":1.0},{"not_picked":["Anger","Dropkick","Rupture"],"picked":"SKIP","floor":6.0},{"not_picked":["Anger","Cleave","Rage"],"picked":"SKIP","floor":8.0},{"not_picked":["Warcry","Body Slam"],"picked":"Armaments","floor":11.0},{"not_picked":["Searing Blow","Heavy Blade"],"picked":"Clothesline","floor":12.0},{"not_picked":["Twin Strike","Rupture"],"picked":"Offering","floor":13.0},{"not_picked":["Fire Breathing","Corruption"],"picked":"Inflame","floor":14.0},{"not_picked":["Demon Form","Double Tap"],"picked":"Offering","floor":16.0},{"not_picked":["Pommel Strike","Headbutt"],"picked":"True Grit","floor":18.0},{"not_picked":["Havoc","Perfected Strike","Wild Strike"],"picked":"SKIP","floor":19.0},{"not_picked":["Sword Boomerang","Flex+1"],"picked":"Inflame","floor":22},{"not_picked":["Cleave","Pommel Strike"],"picked":"Twin Strike","floor":24},{"not_picked":["Uppercut","Clothesline+1"],"picked":"Disarm+1","floor":25},{"not_picked":["Sentinel","Cleave"],"picked":"Whirlwind","floor":28},{"not_picked":["Fiend Fire","Body Slam"],"picked":"Spot Weakness+1","floor":29},{"not_picked":["Body Slam","Cleave","Carnage"],"picked":"SKIP","floor":31}],"player_experience":1270864,"relics_obtained":[{"floor":6.0,"key":"Torii"},{"floor":7.0,"key":"Orichalcum"},{"floor":8.0,"key":"Blue Candle"},{"floor":9.0,"key":"Matryoshka"},{"floor":24,"key":"Ornamental Fan"},{"floor":26,"key":"Bag of Preparation"},{"floor":29,"key":"Champion Belt"}],"event_choices":[{"damage_healed":0.0,"max_hp_gain":0.0,"max_hp_loss":0.0,"gold_gain":150.0,"event_name":"Liars Game","player_choice":"AGREE","floor":2.0,"gold_loss":0.0,"damage_taken":0.0,"cards_obtained":["Doubt"]},{"damage_healed":0.0,"max_hp_gain":5.0,"max_hp_loss":0.0,"gold_gain":0.0,"event_name":"Big Fish","player_choice":"Donut","floor":3.0,"gold_loss":0.0,"damage_taken":0.0},{"damage_healed":0.0,"max_hp_gain":0.0,"max_hp_loss":0.0,"gold_gain":0.0,"event_name":"Scrap Ooze","player_choice":"Success","floor":4.0,"gold_loss":0.0,"damage_taken":18.0,"relics_obtained":["Meat on the Bone"]},{"damage_healed":0.0,"max_hp_gain":0.0,"max_hp_loss":0.0,"gold_gain":0.0,"event_name":"Addict","player_choice":"Obtained Relic","floor":20.0,"gold_loss":85.0,"damage_taken":0.0,"relics_obtained":["Potion Belt"]},{"damage_healed":0,"gold_gain":0,"player_choice":"Ignored","damage_taken":0,"max_hp_gain":0,"max_hp_loss":0,"event_name":"Vampires","floor":27,"gold_loss":0}],"is_beta":false,"boss_relics":[{"not_picked":["Ectoplasm","Orrery"],"picked":"Black Blood"}],"items_purged_floors":[5,21],"is_endless":false,"potions_floor_spawned":[12,13,16,18,19,28],"killed_by":"Automaton","ascension_level":20}