{"gold_per_floor":[115,129,129,279,292,292,318,1,1,34,79,109,109,123,123,201,201,221,221,238,252,252,252,313,327,351,351,368,400,400,413,413,487,487,501,97,112,131,181,181,208,21,21,34,51,51,63,75,75,75,75,75,75,75,110,110],"floor_reached":56,"playtime":3321,"items_purged":["Doubt","Strike_G"],"score":1928,"play_id":"d69e3461-bb43-4b57-8507-4ba743aa084e","local_time":"20190623191252","is_ascension_mode":true,"campfire_choices":[{"data":"Neutralize","floor":6.0,"key":"SMITH"},{"data":"Apotheosis","floor":13.0,"key":"SMITH"},{"data":"Malaise","floor":15.0,"key":"SMITH"},{"floor":23.0,"key":"REST"},{"floor":27.0,"key":"REST"},{"floor":30.0,"key":"RECALL"},{"floor":32.0,"key":"REST"},{"floor":40.0,"key":"REST"},{"floor":46.0,"key":"REST"},{"floor":49.0,"key":"REST"},{"floor":53.0,"key":"REST"}],"neow_cost":"NONE","seed_source_timestamp":252024191514000,"circlet_count":0,"master_deck":["AscendersBane","Defend_G","Defend_G+1","Defend_G","Defend_G+1","Defend_G","Strike_G","Strike_G","Strike_G","Strike_G","Survivor","Neutralize+1","Masterful Stab","Deadly Poison","Noxious Fumes","Glass Knife","Apotheosis+1","Caltrops","Deflect","Malaise+1","Adrenaline","Crippling Poison","Backflip","PiercingWail+1","Backstab","Wraith Form v2","After Image","PiercingWail","Noxious Fumes","Malaise+1","Backflip","Footwork","Well Laid Plans","Dark Shackles","Backflip","Catalyst","PiercingWail+1","Backflip"],"special_seed":0,"relics":["Ring of the Snake","Ginger","Bag of Preparation","Gremlin Horn","Mummified Hand","War Paint","Bag of Marbles","Fusion Hammer","Tiny Chest","Regal Pillow","Pantograph","Philosopher\u0027s Stone","DollysMirror","Vajra","Pocketwatch"],"potions_floor_usage":[],"damage_taken":[{"damage":1.0,"enemies":"Small Slimes","floor":1.0,"turns":6.0},{"damage":2.0,"enemies":"Jaw Worm","floor":2.0,"turns":4.0},{"damage":0.0,"enemies":"Cultist","floor":5.0,"turns":3.0},{"damage":14.0,"enemies":"3 Sentries","floor":7.0,"turns":8.0},{"damage":11.0,"enemies":"Gremlin Nob","floor":10.0,"turns":3.0},{"damage":20.0,"enemies":"3 Sentries","floor":12.0,"turns":4.0},{"damage":0.0,"enemies":"3 Louse","floor":14.0,"turns":2.0},{"damage":4.0,"enemies":"The Guardian","floor":16.0,"turns":8.0},{"damage":0.0,"enemies":"3 Byrds","floor":18.0,"turns":3.0},{"damage":0.0,"enemies":"Chosen","floor":20.0,"turns":4.0},{"damage":2.0,"enemies":"Snake Plant","floor":21.0,"turns":4.0},{"damage":20.0,"enemies":"Book of Stabbing","floor":24.0,"turns":5.0},{"damage":11.0,"enemies":"Shelled Parasite and Fungi","floor":25.0,"turns":6.0},{"damage":9.0,"enemies":"Centurion and Healer","floor":28.0,"turns":7.0},{"damage":0.0,"enemies":"Gremlin Leader","floor":29.0,"turns":4.0},{"damage":0.0,"enemies":"Snecko","floor":31.0,"turns":5.0},{"damage":38.0,"enemies":"Automaton","floor":33.0,"turns":12.0},{"damage":0.0,"enemies":"Orb Walker","floor":35.0,"turns":4.0},{"damage":0.0,"enemies":"3 Darklings","floor":37.0,"turns":3.0},{"damage":0.0,"enemies":"Transient","floor":38.0,"turns":6.0},{"damage":6.0,"enemies":"Reptomancer","floor":41.0,"turns":6.0},{"damage":1.0,"enemies":"Jaw Worm Horde","floor":44.0,"turns":6.0},{"damage":0.0,"enemies":"4 Shapes","floor":45.0,"turns":5.0},{"damage":0.0,"enemies":"Maw","floor":47.0,"turns":7.0},{"damage":0.0,"enemies":"Sphere and 2 Shapes","floor":48.0,"turns":5.0},{"damage":16.0,"enemies":"Donu and Deca","floor":50.0,"turns":9.0},{"damage":30.0,"enemies":"Awakened One","floor":51.0,"turns":25.0},{"damage":51.0,"enemies":"Shield and Spear","floor":55.0,"turns":9.0},{"damage":45,"enemies":"The Heart","floor":56,"turns":8}],"seed_played":"744362309287915772","potions_obtained":[{"floor":0.0,"key":"Fire Potion"},{"floor":0.0,"key":"Block Potion"},{"floor":7.0,"key":"Regen Potion"},{"floor":12.0,"key":"Weak Potion"},{"floor":16.0,"key":"Energy Potion"},{"floor":20.0,"key":"SteroidPotion"},{"floor":24.0,"key":"Fire Potion"},{"floor":33.0,"key":"EssenceOfSteel"},{"floor":41.0,"key":"Block Potion"},{"floor":44.0,"key":"SkillPotion"}],"is_trial":false,"path_per_floor":["M","M","?","?","M","R","E","$","T","E","T","E","R","M","R","B",null,"M","?","M","M","?","R","E","M","T","R","M","E","R","M","R","B",null,"M","$","M","M","?","R","E","$","T","M","M","R","M","M","R","B","B",null,"R","$","E","B"],"character_chosen":"THE_SILENT","items_purchased":["Apotheosis","Poison Potion","Noxious Fumes","DollysMirror","Well Laid Plans","Dark Shackles"],"campfire_rested":7,"item_purchase_floors":[8,8,36,36,42,42],"current_hp_per_floor":[58,56,45,45,45,45,31,31,31,32,32,12,12,12,12,8,52,52,34,34,32,32,53,33,22,22,58,49,49,49,49,71,33,62,62,62,62,62,55,71,65,65,65,64,64,71,71,71,71,55,41,64,71,71,20,0],"gold":110,"neow_bonus":"THREE_SMALL_POTIONS","is_prod":false,"is_daily":false,"chose_seed":false,"campfire_upgraded":3,"win_rate":0,"timestamp":1561331572,"path_taken":["M","M","?","?","M","R","E","$","T","E","?","E","R","?","R","BOSS","M","?","M","M","?","R","E","M","T","R","?","E","R","M","R","BOSS","M","$","M","M","?","R","E","$","T","?","?","R","M","M","R","BOSS","BOSS","R","$","E","BOSS"],"build_version":"2019-01-23","purchased_purges":2,"victory":false,"max_hp_per_floor":[66,66,66,66,66,66,66,66,66,66,66,66,66,66,66,66,66,66,71,71,71,71,71,71,71,71,71,71,71,71,71,71,71,71,71,71,71,71,71,71,71,71,71,71,71,71,71,71,71,71,71,71,71,71,71,71],"card_choices":[{"not_picked":["Blade Dance","Dodge and Roll"],"picked":"Masterful Stab","floor":1.0},{"not_picked":["Blade Dance","Dodge and Roll"],"picked":"Deadly Poison","floor":2.0},{"not_picked":["Bouncing Flask","Underhanded Strike"],"picked":"Noxious Fumes","floor":5.0},{"not_picked":["Poisoned Stab","Blade Dance"],"picked":"Glass Knife","floor":7.0},{"not_picked":["Underhanded Strike","Dagger Spray"],"picked":"Caltrops","floor":10.0},{"not_picked":["Cloak And Dagger","Riddle With Holes"],"picked":"Deflect","floor":12.0},{"not_picked":["Masterful Stab","Dagger Throw"],"picked":"Malaise","floor":14.0},{"not_picked":["Venomology","Phantasmal Killer"],"picked":"Adrenaline","floor":16.0},{"not_picked":["Acrobatics","Blade Dance"],"picked":"Crippling Poison","floor":18.0},{"not_picked":["Endless Agony","Quick Slash"],"picked":"Backflip","floor":20.0},{"not_picked":["Poisoned Stab","Blade Dance","Sucker Punch"],"picked":"SKIP","floor":21.0},{"not_picked":["Deflect","Endless Agony"],"picked":"PiercingWail+1","floor":24.0},{"not_picked":["Underhanded Strike","Choke","Reflex"],"picked":"SKIP","floor":25.0},{"not_picked":["Deflect","Deadly Poison"],"picked":"Backstab","floor":28.0},{"not_picked":["Accuracy","Skewer","Dagger Spray"],"picked":"SKIP","floor":29.0},{"not_picked":["Acrobatics","Poisoned Stab"],"picked":"Wraith Form v2","floor":31.0},{"not_picked":["Die Die Die","Glass Knife"],"picked":"After Image","floor":33.0},{"not_picked":["Flying Knee","Setup"],"picked":"PiercingWail","floor":35.0},{"not_picked":["Sucker Punch","Slice+1"],"picked":"Backflip","floor":37.0},{"not_picked":["Calculated Gamble","Concentrate","Prepared"],"picked":"SKIP","floor":38.0},{"not_picked":["Bouncing Flask","Tools of the Trade"],"picked":"Footwork","floor":41.0},{"not_picked":["Deflect","Dagger Throw"],"picked":"Backflip","floor":44.0},{"not_picked":["Sucker Punch","Flechettes"],"picked":"Catalyst","floor":45.0},{"not_picked":["Cloak And Dagger+1","Deadly Poison","Glass Knife"],"picked":"SKIP","floor":47.0},{"not_picked":["Deadly Poison","Dodge and Roll"],"picked":"PiercingWail+1","floor":48.0},{"not_picked":["Finisher","Deflect","Backflip"],"picked":"SKIP","floor":55.0},{"not_picked":["Finisher","Deflect"],"picked":"Backflip","floor":55.0}],"player_experience":1215666,"relics_obtained":[{"floor":7.0,"key":"Bag of Preparation"},{"floor":9.0,"key":"Gremlin Horn"},{"floor":10.0,"key":"Mummified Hand"},{"floor":11.0,"key":"War Paint"},{"floor":12.0,"key":"Bag of Marbles"},{"floor":24.0,"key":"Tiny Chest"},{"floor":26.0,"key":"Regal Pillow"},{"floor":29.0,"key":"Pantograph"},{"floor":41.0,"key":"Vajra"},{"floor":55.0,"key":"Pocketwatch"}],"event_choices":[{"damage_healed":0.0,"max_hp_gain":0.0,"max_hp_loss":0.0,"gold_gain":0.0,"event_name":"Scrap Ooze","player_choice":"Success","floor":3.0,"gold_loss":0.0,"damage_taken":11.0,"relics_obtained":["Ginger"]},{"damage_healed":0.0,"max_hp_gain":0.0,"max_hp_loss":0.0,"gold_gain":150.0,"event_name":"Liars Game","player_choice":"AGREE","floor":4.0,"gold_loss":0.0,"damage_taken":0.0,"cards_obtained":["Doubt"]},{"damage_healed":0.0,"max_hp_gain":5.0,"max_hp_loss":0.0,"gold_gain":0.0,"event_name":"Forgotten Altar","player_choice":"Shed Blood","floor":19.0,"gold_loss":0.0,"damage_taken":23.0},{"damage_healed":0.0,"max_hp_gain":0.0,"max_hp_loss":0.0,"gold_gain":0.0,"event_name":"The Mausoleum","player_choice":"Ignored","floor":22.0,"gold_loss":0.0,"damage_taken":0.0},{"damage_healed":0.0,"max_hp_gain":0.0,"max_hp_loss":0.0,"gold_gain":50.0,"event_name":"FaceTrader","player_choice":"Touch","floor":39.0,"gold_loss":0.0,"damage_taken":7.0}],"is_beta":false,"boss_relics":[{"not_picked":["Snecko Eye","Ring of the Serpent"],"picked":"Fusion Hammer"},{"not_picked":["Calling Bell","Lizard Tail"],"picked":"Philosopher\u0027s Stone"}],"items_purged_floors":[8,36],"is_endless":false,"potions_floor_spawned":[7,12,16,20,24,28,33,41,44,45,47],"killed_by":"The Heart","ascension_level":20}