{"gold_per_floor":[111,4,4,4,22,22,35,62,62,78,105,105,130,140,140,217,217,230,242,242,34,48,48,81,81,107,139,21,21,21,21,21,98,98,108,8,32,32,51,51],"floor_reached":40,"playtime":2170,"items_purged":["Strike_B","Strike_B"],"score":840,"play_id":"3e439e4a-6b52-41e4-a22f-aee9ad7b4d91","local_time":"20190602173644","is_ascension_mode":true,"campfire_choices":[{"data":"Streamline","floor":6.0,"key":"SMITH"},{"floor":12.0,"key":"REST"},{"data":"Beam Cell","floor":15.0,"key":"SMITH"},{"data":"Recycle","floor":23.0,"key":"SMITH"},{"data":"Hologram","floor":25.0,"key":"SMITH"},{"floor":29.0,"key":"REST"},{"data":"Defragment","floor":32.0,"key":"SMITH"}],"neow_cost":"NONE","seed_source_timestamp":0,"circlet_count":0,"master_deck":["AscendersBane","Strike_B","Defend_B","Defend_B","Defend_B","Defend_B","Dualcast","Streamline+1","Sweeping Beam","Cold Snap","Hologram","Cold Snap","Gash","Beam Cell+1","Buffer","Leap","Sunder","Recycle+1","Hologram+1","FTL","Defragment+1","Double Energy+1"],"special_seed":0,"relics":["Cracked Core","Singing Bowl","Oddly Smooth Stone","Gremlin Horn","Kunai","Eternal Feather","PreservedInsect","Red Mask","Juzu Bracelet","Inserter","Centennial Puzzle"],"potions_floor_usage":[40],"damage_taken":[{"damage":7.0,"enemies":"Jaw Worm","floor":1.0,"turns":3.0},{"damage":1.0,"enemies":"Cultist","floor":5.0,"turns":3.0},{"damage":0.0,"enemies":"2 Louse","floor":7.0,"turns":1.0},{"damage":9.0,"enemies":"3 Sentries","floor":8.0,"turns":6.0},{"damage":21.0,"enemies":"Exordium Wildlife","floor":10.0,"turns":5.0},{"damage":9.0,"enemies":"Gremlin Nob","floor":11.0,"turns":3.0},{"damage":8.0,"enemies":"3 Sentries","floor":13.0,"turns":3.0},{"damage":11.0,"enemies":"3 Louse","floor":14.0,"turns":3.0},{"damage":14.0,"enemies":"The Guardian","floor":16.0,"turns":9.0},{"damage":0.0,"enemies":"3 Byrds","floor":18.0,"turns":2.0},{"damage":6.0,"enemies":"Chosen","floor":19.0,"turns":6.0},{"damage":12.0,"enemies":"Snake Plant","floor":22.0,"turns":4.0},{"damage":6.0,"enemies":"Masked Bandits","floor":24.0,"turns":2.0},{"damage":54.0,"enemies":"Slavers","floor":27.0,"turns":9.0},{"damage":13.0,"enemies":"Champ","floor":33.0,"turns":26.0},{"damage":18.0,"enemies":"3 Shapes","floor":35.0,"turns":10.0},{"damage":32.0,"enemies":"3 Darklings","floor":39.0,"turns":5.0},{"damage":47,"enemies":"Giant Head","floor":40,"turns":8}],"seed_played":"2377058940770073309","potions_obtained":[{"floor":1.0,"key":"Strength Potion"},{"floor":5.0,"key":"Fire Potion"},{"floor":7.0,"key":"PowerPotion"},{"floor":10.0,"key":"Strength Potion"},{"floor":16.0,"key":"EntropicBrew"},{"floor":18.0,"key":"Block Potion"},{"floor":22.0,"key":"Explosive Potion"},{"floor":39.0,"key":"Poison Potion"}],"is_trial":false,"path_per_floor":["M","$","?","$","M","R","M","E","T","M","E","R","E","M","R","B",null,"M","M","?","$","M","R","?","R","T","E","$","R","$","?","R","B",null,"M","$","T","$","M","E"],"character_chosen":"DEFECT","items_purchased":["Streamline","Weak Potion","PreservedInsect","Sunder","Defragment"],"campfire_rested":2,"item_purchase_floors":[2,2,21,21,28],"current_hp_per_floor":[64,64,64,64,63,63,63,56,56,35,26,50,42,31,31,17,64,64,60,60,60,48,60,54,66,66,12,12,48,48,48,60,49,75,57,57,57,57,27,0],"gold":51,"neow_bonus":"TEN_PERCENT_HP_BONUS","is_prod":false,"is_daily":false,"chose_seed":false,"campfire_upgraded":5,"win_rate":0,"timestamp":1559511404,"path_taken":["M","$","?","?","M","R","M","E","T","M","E","R","E","M","R","BOSS","M","M","?","$","M","R","?","R","T","E","?","R","$","?","R","BOSS","M","$","?","?","M","E"],"build_version":"2019-01-23","purchased_purges":2,"victory":false,"max_hp_per_floor":[78,78,78,78,78,78,78,80,80,80,80,80,80,80,80,80,80,80,82,82,82,82,82,82,82,82,82,82,82,82,82,82,84,84,84,84,84,84,86,86],"card_choices":[{"not_picked":["Blizzard","Double Energy","Fusion"],"picked":"SKIP","floor":1.0},{"not_picked":["Beam Cell","Turbo"],"picked":"Sweeping Beam","floor":5.0},{"not_picked":["Stack","Hello World"],"picked":"Cold Snap","floor":7.0},{"not_picked":["Reinforced Body","Scrape","Force Field"],"picked":"Singing Bowl","floor":8.0},{"not_picked":["Cold Snap","Streamline"],"picked":"Hologram","floor":10.0},{"not_picked":["Auto Shields","Gash"],"picked":"Cold Snap","floor":11.0},{"not_picked":["Rebound","Rainbow"],"picked":"Gash","floor":13.0},{"not_picked":["Sweeping Beam","Streamline"],"picked":"Beam Cell","floor":14.0},{"not_picked":["Thunder Strike","Rainbow"],"picked":"Buffer","floor":16.0},{"not_picked":["Storm+1","Rebound"],"picked":"Leap","floor":18.0},{"not_picked":["Consume","Double Energy","Rip and Tear"],"picked":"Singing Bowl","floor":19.0},{"not_picked":["Streamline","Blizzard"],"picked":"Recycle","floor":22.0},{"not_picked":["Lockon","Undo"],"picked":"Hologram","floor":24.0},{"not_picked":["Rainbow","Darkness+1"],"picked":"FTL","floor":27.0},{"not_picked":["Amplify","Biased Cognition","Thunder Strike"],"picked":"Singing Bowl","floor":33.0},{"not_picked":["Beam Cell","Storm"],"picked":"Double Energy+1","floor":35.0},{"not_picked":["Rebound","Beam Cell+1","Heatsinks"],"picked":"Singing Bowl","floor":39.0}],"player_experience":1131518,"relics_obtained":[{"floor":8.0,"key":"Singing Bowl"},{"floor":9.0,"key":"Oddly Smooth Stone"},{"floor":11.0,"key":"Gremlin Horn"},{"floor":13.0,"key":"Kunai"},{"floor":24.0,"key":"Red Mask"},{"floor":27.0,"key":"Juzu Bracelet"},{"floor":37.0,"key":"Centennial Puzzle"}],"event_choices":[{"cards_removed":["Strike_B"],"damage_healed":0.0,"max_hp_gain":0.0,"max_hp_loss":0.0,"gold_gain":0.0,"event_name":"Purifier","player_choice":"Purged","floor":3.0,"gold_loss":0.0,"damage_taken":0.0},{"damage_healed":0.0,"max_hp_gain":0.0,"max_hp_loss":0.0,"gold_gain":0.0,"event_name":"Masked Bandits","player_choice":"Fought Bandits","floor":24.0,"gold_loss":0.0,"damage_taken":0.0},{"cards_removed":["Zap"],"damage_healed":0.0,"max_hp_gain":0.0,"max_hp_loss":0.0,"gold_gain":0.0,"event_name":"Purifier","player_choice":"Purged","floor":31.0,"gold_loss":0.0,"damage_taken":0.0}],"is_beta":false,"boss_relics":[{"not_picked":["Pandora\u0027s Box","Lizard Tail"],"picked":"Eternal Feather"},{"not_picked":["FrozenCore","Nuclear Battery"],"picked":"Inserter"}],"items_purged_floors":[28,36],"is_endless":false,"potions_floor_spawned":[1,5,7,10,16,18,22,39],"killed_by":"Giant Head","ascension_level":20}