{"gold_per_floor":[119,129,129,149,149,183,203,203,256,40,54,88,115,115,115,210,210,229,5,0,0,0],"floor_reached":22,"playtime":840,"items_purged":["Strike_G"],"score":384,"play_id":"efc21aba-b8b4-4261-b5e8-814f8278154c","local_time":"20190624143739","is_ascension_mode":true,"campfire_choices":[{"floor":8.0,"key":"REST"},{"floor":15.0,"key":"REST"}],"neow_cost":"NONE","seed_source_timestamp":324863585673100,"circlet_count":0,"master_deck":["AscendersBane","Defend_G","Defend_G","Defend_G","Defend_G","Strike_G","Strike_G","Strike_G","Strike_G","Survivor","Neutralize+1","Flying Knee+1","Flying Knee+1","Well Laid Plans","Crippling Poison","Dodge and Roll","Deadly Poison","Infinite Blades","Infinite Blades","Doppelganger","Crippling Poison","Deadly Poison"],"special_seed":0,"relics":["Ring of the Snake","NeowsBlessing","Gremlin Horn","Boot","Whetstone","Odd Mushroom","Golden Idol","Black Star","Anchor"],"potions_floor_usage":[21],"damage_taken":[{"damage":0.0,"enemies":"Cultist","floor":1.0,"turns":1.0},{"damage":0.0,"enemies":"Small Slimes","floor":2.0,"turns":1.0},{"damage":0.0,"enemies":"2 Louse","floor":4.0,"turns":1.0},{"damage":44.0,"enemies":"Gremlin Nob","floor":6.0,"turns":5.0},{"damage":6.0,"enemies":"Red Slaver","floor":7.0,"turns":4.0},{"damage":11.0,"enemies":"Large Slime","floor":11.0,"turns":6.0},{"damage":13.0,"enemies":"Lagavulin","floor":12.0,"turns":7.0},{"damage":0.0,"enemies":"The Mushroom Lair","floor":13.0,"turns":4.0},{"damage":13.0,"enemies":"Hexaghost","floor":16.0,"turns":9.0},{"damage":16.0,"enemies":"Chosen","floor":18.0,"turns":5.0},{"damage":7,"enemies":"2 Thieves","floor":20,"turns":4},{"damage":15,"enemies":"Colosseum Slavers","floor":21,"turns":5},{"damage":10,"enemies":"3 Cultists","floor":22,"turns":3}],"seed_played":"7944067624128913509","potions_obtained":[{"floor":4.0,"key":"SpeedPotion"},{"floor":6.0,"key":"SpeedPotion"},{"floor":7.0,"key":"Ancient Potion"},{"floor":12.0,"key":"GhostInAJar"},{"floor":13.0,"key":"Swift Potion"}],"is_trial":false,"path_per_floor":["M","M","?","M","?","E","M","R","T","$","M","E","?","?","R","B",null,"M","$","M","?","M"],"character_chosen":"THE_SILENT","items_purchased":["Deadly Poison","Infinite Blades","Anchor","Block Potion"],"campfire_rested":2,"item_purchase_floors":[10,10,19,19],"current_hp_per_floor":[59,59,59,59,59,15,9,28,28,28,17,4,4,4,22,9,47,31,31,24,9,0],"gold":0,"neow_bonus":"THREE_ENEMY_KILL","is_prod":false,"is_daily":false,"chose_seed":false,"campfire_upgraded":0,"win_rate":0,"timestamp":1561401459,"path_taken":["M","?","?","M","?","E","M","R","T","$","?","E","?","?","R","BOSS","M","$","M","?","M"],"build_version":"2019-01-23","purchased_purges":1,"victory":false,"max_hp_per_floor":[66,66,66,66,66,66,66,66,66,66,66,66,66,60,60,60,60,60,60,60,60,60],"card_choices":[{"not_picked":["Dagger Throw","PiercingWail"],"picked":"Flying Knee","floor":1.0},{"not_picked":["Choke","Dagger Throw"],"picked":"Flying Knee","floor":2.0},{"not_picked":["Infinite Blades","Masterful Stab"],"picked":"Well Laid Plans","floor":4.0},{"not_picked":["Wraith Form v2","Sucker Punch"],"picked":"Crippling Poison","floor":6.0},{"not_picked":["Flying Knee","Setup"],"picked":"Dodge and Roll","floor":7.0},{"not_picked":["Dagger Throw","Flying Knee","Expertise"],"picked":"SKIP","floor":11.0},{"not_picked":["Acrobatics","Blade Dance"],"picked":"Infinite Blades","floor":12.0},{"not_picked":["A Thousand Cuts","Grand Finale"],"picked":"Doppelganger","floor":16.0},{"not_picked":["Cloak And Dagger","Acrobatics+1"],"picked":"Crippling Poison","floor":18.0},{"not_picked":["Outmaneuver","Dodge and Roll"],"picked":"Deadly Poison","floor":20}],"player_experience":1222455,"relics_obtained":[{"floor":6.0,"key":"Gremlin Horn"},{"floor":9.0,"key":"Boot"},{"floor":12.0,"key":"Whetstone"},{"floor":13.0,"key":"Odd Mushroom"}],"event_choices":[{"damage_healed":0.0,"max_hp_gain":0.0,"max_hp_loss":0.0,"gold_gain":0.0,"event_name":"Living Wall","player_choice":"Grow","floor":3.0,"gold_loss":0.0,"damage_taken":0.0,"cards_upgraded":["Neutralize"]},{"cards_removed":["Defend_G"],"damage_healed":0.0,"max_hp_gain":0.0,"max_hp_loss":0.0,"gold_gain":0.0,"event_name":"Purifier","player_choice":"Purged","floor":5.0,"gold_loss":0.0,"damage_taken":0.0},{"damage_healed":0.0,"max_hp_gain":0.0,"max_hp_loss":0.0,"gold_gain":0.0,"event_name":"Mushrooms","player_choice":"Fought Mushrooms","floor":13.0,"gold_loss":0.0,"damage_taken":0.0},{"damage_healed":0.0,"max_hp_gain":0.0,"max_hp_loss":6.0,"gold_gain":0.0,"event_name":"Golden Idol","player_choice":"Lose Max HP","floor":14.0,"gold_loss":0.0,"damage_taken":0.0,"relics_obtained":["Golden Idol"]},{"damage_healed":0,"gold_gain":0,"player_choice":"Fight","damage_taken":0,"max_hp_gain":0,"max_hp_loss":0,"event_name":"Colosseum","floor":21,"gold_loss":0},{"damage_healed":0,"gold_gain":0,"player_choice":"Fled From Nobs","damage_taken":0,"max_hp_gain":0,"max_hp_loss":0,"event_name":"Colosseum","floor":21,"gold_loss":0}],"is_beta":false,"boss_relics":[{"not_picked":["Cursed Key","HoveringKite"],"picked":"Black Star"}],"items_purged_floors":[10],"is_endless":false,"potions_floor_spawned":[4,6,7,12,13,21],"killed_by":"3 Cultists","ascension_level":20}