{"gold_per_floor":[10,28,28,28,28,73,85,120,205,217,254,266,278,329,341,482,494,530,575,573,606,618,630,3,16,16,30,55,55,74,74,74,195,195,208,208,229,654,876,876,897,20,20,33,33,33,46,81,81,81],"floor_reached":51,"playtime":3248,"items_purged":["Strike_G"],"score":937,"play_id":"9f1986a7-8da7-48a3-8f84-f91027197cc8","local_time":"20190723222633","is_ascension_mode":false,"campfire_choices":[{"data":"Footwork","floor":7.0,"key":"SMITH"},{"data":"Well Laid Plans","floor":10.0,"key":"SMITH"},{"data":"Neutralize","floor":13.0,"key":"SMITH"},{"floor":15.0,"key":"REST"},{"data":"Wraith Form v2","floor":23.0,"key":"SMITH"},{"data":"Apotheosis","floor":29.0,"key":"SMITH"},{"data":"Strike_G","floor":32.0,"key":"PURGE"},{"data":"Strike_G","floor":40,"key":"PURGE"},{"data":"Noxious Fumes","floor":46,"key":"SMITH"},{"data":"Parasite","floor":49,"key":"PURGE"}],"neow_cost":"NO_GOLD","seed_source_timestamp":144726126273400,"circlet_count":0,"master_deck":["Defend_G","Defend_G","Defend_G","Defend_G","Defend_G","Survivor","Neutralize+1","Poisoned Stab","Poisoned Stab+1","Footwork+1","Well Laid Plans+1","Sucker Punch","PiercingWail","Wraith Form v2+1","Dodge and Roll","Dash","Backflip","Bane","Noxious Fumes+1","Apotheosis+1","Deflect","PiercingWail+1","Cloak And Dagger+1","Calculated Gamble+1","Footwork","Malaise+1","Backflip+1","Backflip+1","Backflip+1","Malaise+1","The Bomb+1","Backflip+1","Prepared+1"],"special_seed":0,"relics":["Ring of the Snake","Golden Idol","MawBank","Happy Flower","Bottled Flame","Oddly Smooth Stone","Coffee Dripper","Red Mask","Bronze Scales","Paper Crane","Toxic Egg 2","Peace Pipe","Cursed Key","Old Coin","Mango","Lee\u0027s Waffle","Gremlin Horn","Centennial Puzzle"],"potions_floor_usage":[50,50,50],"damage_taken":[{"damage":0.0,"enemies":"2 Louse","floor":1.0,"turns":5.0},{"damage":0.0,"enemies":"Small Slimes","floor":2.0,"turns":3.0},{"damage":13.0,"enemies":"Lagavulin","floor":6.0,"turns":6.0},{"damage":0.0,"enemies":"Jaw Worm","floor":8.0,"turns":3.0},{"damage":0.0,"enemies":"Exordium Wildlife","floor":11.0,"turns":4.0},{"damage":19.0,"enemies":"Gremlin Nob","floor":14.0,"turns":4.0},{"damage":0.0,"enemies":"The Guardian","floor":16.0,"turns":10.0},{"damage":0.0,"enemies":"3 Byrds","floor":18.0,"turns":7.0},{"damage":15.0,"enemies":"Masked Bandits","floor":19.0,"turns":7.0},{"damage":3.0,"enemies":"2 Thieves","floor":20.0,"turns":4.0},{"damage":0.0,"enemies":"Cultist and Chosen","floor":21.0,"turns":8.0},{"damage":1.0,"enemies":"Snecko","floor":25.0,"turns":5.0},{"damage":0.0,"enemies":"Snake Plant","floor":27.0,"turns":5.0},{"damage":0.0,"enemies":"Shelled Parasite and Fungi","floor":28.0,"turns":5.0},{"damage":0.0,"enemies":"Centurion and Healer","floor":30.0,"turns":6.0},{"damage":0.0,"enemies":"Champ","floor":33.0,"turns":13.0},{"damage":0,"enemies":"Orb Walker","floor":35,"turns":5},{"damage":0,"enemies":"3 Darklings","floor":37,"turns":6},{"damage":1,"enemies":"Mind Bloom Boss Battle","floor":38,"turns":8},{"damage":1,"enemies":"4 Shapes","floor":41,"turns":11},{"damage":1,"enemies":"Transient","floor":44,"turns":5},{"damage":0,"enemies":"Maw","floor":47,"turns":9},{"damage":0,"enemies":"Reptomancer","floor":48,"turns":8},{"damage":0,"enemies":"Awakened One","floor":50,"turns":14}],"seed_played":"2479955797820260738","potions_obtained":[{"floor":1.0,"key":"Fruit Juice"},{"floor":8.0,"key":"Energy Potion"},{"floor":16.0,"key":"Swift Potion"},{"floor":19.0,"key":"LiquidBronze"},{"floor":20.0,"key":"Poison Potion"},{"floor":25.0,"key":"Poison Potion"}],"is_trial":false,"path_per_floor":["M","M","?","?","?","E","R","M","T","R","M","?","R","E","R","B",null,"M","?","M","M","T","R","$","M","T","M","M","R","M","?","R","B",null,"M","?","M","?","?","R","M","$","T","M","$","R","M","E","R","B",null],"character_chosen":"THE_SILENT","items_purchased":["Noxious Fumes","Apotheosis","Paper Crane","Deflect","PowerPotion","Malaise+1","The Bomb+1","Backflip+1","Mango","Lee\u0027s Waffle"],"campfire_rested":1,"item_purchase_floors":[24,24,24,24,24,42,42,42,42,42],"current_hp_per_floor":[70,70,65,65,47,34,34,34,34,34,34,34,34,15,34,34,65,70,55,52,52,52,52,52,51,51,51,51,51,51,51,51,51,70,70,66,66,65,65,65,64,87,87,86,86,86,86,86,84,84],"gold":81,"neow_bonus":"REMOVE_TWO","is_prod":false,"is_daily":false,"chose_seed":false,"campfire_upgraded":6,"win_rate":1,"timestamp":1563888393,"path_taken":["M","M","?","?","?","E","R","M","T","R","M","?","R","E","R","BOSS","M","?","M","M","?","R","?","M","T","M","M","R","M","?","R","BOSS","M","?","M","?","?","R","M","$","T","M","?","R","M","E","R","BOSS"],"build_version":"2019-07-17","purchased_purges":1,"victory":true,"max_hp_per_floor":[70,70,65,65,65,65,65,65,65,65,65,65,65,65,65,65,65,70,70,70,70,70,70,70,70,70,70,70,70,70,70,70,70,70,70,66,66,66,66,66,66,87,87,87,87,87,87,87,84,84],"card_choices":[{"not_picked":["Infinite Blades","Distraction"],"picked":"Poisoned Stab","floor":1.0},{"not_picked":["Tactician","Prepared"],"picked":"Poisoned Stab","floor":2.0},{"not_picked":["Backflip","Endless Agony"],"picked":"Footwork","floor":6.0},{"not_picked":["Bane","Deflect"],"picked":"Well Laid Plans","floor":8.0},{"not_picked":["Tools of the Trade","Bane"],"picked":"Sucker Punch","floor":11.0},{"not_picked":["Underhanded Strike","Dodge and Roll"],"picked":"PiercingWail","floor":14.0},{"not_picked":["Venomology","Die Die Die"],"picked":"Wraith Form v2","floor":16.0},{"not_picked":["Infinite Blades","Dagger Throw"],"picked":"Dodge and Roll","floor":18.0},{"not_picked":["Terror","Prepared"],"picked":"Dash","floor":19.0},{"not_picked":["PiercingWail","Setup"],"picked":"Backflip","floor":20.0},{"not_picked":["Tactician","PiercingWail"],"picked":"Bane","floor":21.0},{"not_picked":["Dagger Spray+1","A Thousand Cuts"],"picked":"PiercingWail+1","floor":25.0},{"not_picked":["Flying Knee+1","Slice"],"picked":"Cloak And Dagger+1","floor":27.0},{"not_picked":["Distraction+1","Prepared+1"],"picked":"Calculated Gamble+1","floor":28.0},{"not_picked":["Blade Dance+1","Dagger Spray"],"picked":"Footwork","floor":30.0},{"not_picked":["Envenom","Glass Knife"],"picked":"Malaise+1","floor":33.0},{"not_picked":["Flying Knee","Dagger Throw+1","Dagger Spray"],"picked":"SKIP","floor":35},{"not_picked":["Dagger Throw+1","Bane"],"picked":"Backflip+1","floor":37},{"not_picked":["Acrobatics+1","Well Laid Plans"],"picked":"Backflip+1","floor":38},{"not_picked":["Cloak And Dagger+1","Dagger Spray+1"],"picked":"Backflip+1","floor":41},{"not_picked":["Slice","Underhanded Strike","Infinite Blades+1"],"picked":"SKIP","floor":44},{"not_picked":["Poisoned Stab","Bullet Time+1","Terror+1"],"picked":"SKIP","floor":47},{"not_picked":["Sucker Punch","Quick Slash"],"picked":"Prepared+1","floor":48}],"player_experience":106948,"relics_obtained":[{"floor":6.0,"key":"Happy Flower"},{"floor":9.0,"key":"Bottled Flame"},{"floor":14.0,"key":"Oddly Smooth Stone"},{"floor":19.0,"key":"Red Mask"},{"floor":22.0,"key":"Bronze Scales"},{"floor":26.0,"key":"Toxic Egg 2"},{"floor":38,"key":"Old Coin"},{"floor":43,"key":"Gremlin Horn"},{"floor":48,"key":"Centennial Puzzle"}],"event_choices":[{"damage_healed":0.0,"max_hp_gain":0.0,"max_hp_loss":5.0,"gold_gain":0.0,"event_name":"Golden Idol","player_choice":"Lose Max HP","floor":3.0,"gold_loss":0.0,"damage_taken":0.0,"relics_obtained":["Golden Idol"]},{"damage_healed":0.0,"max_hp_gain":0.0,"max_hp_loss":0.0,"gold_gain":0.0,"event_name":"Living Wall","player_choice":"Grow","floor":4.0,"gold_loss":0.0,"damage_taken":0.0,"cards_upgraded":["Poisoned Stab"]},{"damage_healed":0.0,"max_hp_gain":0.0,"max_hp_loss":0.0,"gold_gain":0.0,"event_name":"Scrap Ooze","player_choice":"Success","floor":5.0,"gold_loss":0.0,"damage_taken":18.0,"relics_obtained":["MawBank"]},{"damage_healed":0.0,"max_hp_gain":0.0,"max_hp_loss":0.0,"gold_gain":0.0,"event_name":"Liars Game","player_choice":"Ignored","floor":12.0,"gold_loss":0.0,"damage_taken":0.0},{"damage_healed":0.0,"max_hp_gain":0.0,"max_hp_loss":0.0,"gold_gain":0.0,"event_name":"Masked Bandits","player_choice":"Fought Bandits","floor":19.0,"gold_loss":0.0,"damage_taken":0.0},{"damage_healed":0.0,"max_hp_gain":0.0,"max_hp_loss":0.0,"gold_gain":0.0,"event_name":"The Mausoleum","player_choice":"Opened","floor":31.0,"gold_loss":0.0,"damage_taken":0.0,"relics_obtained":["Peace Pipe"]},{"damage_healed":0,"gold_gain":0,"player_choice":"Max HP","damage_taken":0,"max_hp_gain":0,"max_hp_loss":4,"event_name":"Winding Halls","floor":36,"gold_loss":0},{"damage_healed":0,"gold_gain":0,"player_choice":"Fight","damage_taken":0,"max_hp_gain":0,"max_hp_loss":0,"event_name":"MindBloom","floor":38,"gold_loss":0},{"damage_healed":0,"gold_gain":222,"player_choice":"Wore Mask","damage_taken":0,"max_hp_gain":0,"max_hp_loss":0,"event_name":"Tomb of Lord Red Mask","floor":39,"gold_loss":0}],"is_beta":false,"boss_relics":[{"not_picked":["Astrolabe","Empty Cage"],"picked":"Coffee Dripper"},{"not_picked":["Snecko Eye","Velvet Choker"],"picked":"Cursed Key"}],"items_purged_floors":[24],"is_endless":false,"potions_floor_spawned":[1,8,16,19,20,25,37,38],"ascension_level":0}