{"gold_per_floor":[112,123,133,151,151,151,171,171,171,205,205,21,38,50,50,152,152,165,165,154,172,188,188,207,306,354,354,354,372,388,231,231,328,328,343,363,363,363,382,382,482,501,527,539,566,578,600,623,635,647],"floor_reached":51,"playtime":5304,"items_purged":["Writhe"],"score":682,"play_id":"0fe77fe6-5310-40b2-b605-ec00a0c928b6","local_time":"20190831215606","is_ascension_mode":false,"campfire_choices":[{"data":"Dash","floor":6.0,"key":"SMITH"},{"floor":11.0,"key":"REST"},{"data":"Footwork","floor":15.0,"key":"SMITH"},{"data":"Noxious Fumes","floor":23.0,"key":"SMITH"},{"data":"Cloak And Dagger","floor":27.0,"key":"SMITH"},{"floor":32.0,"key":"REST"},{"floor":40.0,"key":"DIG"},{"floor":44.0,"key":"DIG"},{"floor":46.0,"key":"DIG"},{"floor":49.0,"key":"REST"}],"neow_cost":"NONE","seed_source_timestamp":0,"circlet_count":0,"master_deck":["Strike_G","Strike_G","Strike_G","Defend_G","Defend_G","Defend_G+1","Defend_G+1","Survivor","Neutralize+1","Dash+1","Backflip","Well Laid Plans","Deadly Poison","Sucker Punch","PiercingWail","Prepared","Corpse Explosion","Footwork+1","Cloak And Dagger+1","Unload","Die Die Die","Noxious Fumes+1","Deflect","Defend_G","Dodge and Roll+1","Prepared+1","Catalyst","Cloak And Dagger+1","Prepared+1","Acrobatics+1","Prepared+1"],"special_seed":0,"relics":["Ring of the Snake","The Courier","Lantern","Orrery","Potion Belt","Shovel","Eternal Feather","Bag of Marbles","Calipers","MawBank","Strawberry","Juzu Bracelet"],"potions_floor_usage":[50,50,50],"damage_taken":[{"damage":0.0,"enemies":"Jaw Worm","floor":1.0,"turns":5.0},{"damage":0.0,"enemies":"Cultist","floor":2.0,"turns":4.0},{"damage":0.0,"enemies":"2 Louse","floor":3.0,"turns":2.0},{"damage":0.0,"enemies":"Blue Slaver","floor":4.0,"turns":5.0},{"damage":6.0,"enemies":"Looter","floor":7.0,"turns":4.0},{"damage":27.0,"enemies":"Lagavulin","floor":10.0,"turns":6.0},{"damage":0.0,"enemies":"2 Fungi Beasts","floor":13.0,"turns":2.0},{"damage":0.0,"enemies":"Blue Slaver","floor":14.0,"turns":4.0},{"damage":40.0,"enemies":"Slime Boss","floor":16.0,"turns":13.0},{"damage":12.0,"enemies":"Shell Parasite","floor":18.0,"turns":6.0},{"damage":6.0,"enemies":"2 Thieves","floor":20.0,"turns":4.0},{"damage":5.0,"enemies":"Chosen and Byrds","floor":21.0,"turns":7.0},{"damage":0.0,"enemies":"Cultist and Chosen","floor":22.0,"turns":5.0},{"damage":4.0,"enemies":"Centurion and Healer","floor":24.0,"turns":8.0},{"damage":13.0,"enemies":"Shelled Parasite and Fungi","floor":29.0,"turns":7.0},{"damage":27.0,"enemies":"3 Cultists","floor":30.0,"turns":4.0},{"damage":21.0,"enemies":"Automaton","floor":33.0,"turns":12.0},{"damage":0.0,"enemies":"3 Darklings","floor":35.0,"turns":5.0},{"damage":0.0,"enemies":"3 Shapes","floor":36.0,"turns":8.0},{"damage":47.0,"enemies":"Spire Growth","floor":39.0,"turns":7.0},{"damage":0.0,"enemies":"Mind Bloom Boss Battle","floor":41.0,"turns":8.0},{"damage":0.0,"enemies":"4 Shapes","floor":42.0,"turns":7.0},{"damage":14.0,"enemies":"Jaw Worm Horde","floor":45.0,"turns":4.0},{"damage":29.0,"enemies":"Sphere and 2 Shapes","floor":47.0,"turns":7.0},{"damage":16.0,"enemies":"Spire Growth","floor":48.0,"turns":7.0},{"damage":62,"enemies":"Donu and Deca","floor":50,"turns":10}],"seed_played":"7150615020695818129","potions_obtained":[{"floor":2.0,"key":"Dexterity Potion"},{"floor":3.0,"key":"AttackPotion"},{"floor":4.0,"key":"Energy Potion"},{"floor":13.0,"key":"Fire Potion"},{"floor":21.0,"key":"GhostInAJar"},{"floor":24.0,"key":"Block Potion"},{"floor":30.0,"key":"Poison Potion"},{"floor":39.0,"key":"Ancient Potion"},{"floor":41.0,"key":"GhostInAJar"},{"floor":42.0,"key":"Dexterity Potion"},{"floor":47.0,"key":"SmokeBomb"},{"floor":48.0,"key":"Strength Potion"}],"is_trial":false,"path_per_floor":["M","M","M","M","?","R","M","?","T","E","R","$","M","M","R","B",null,"M","?","M","M","M","R","M","?","T","R","?","M","M","$","R","B",null,"M","M","?","?","M","R","?","M","T","R","M","R","M","M","R","B",null],"character_chosen":"THE_SILENT","items_purchased":["Corpse Explosion","Footwork","Cloak And Dagger","Catalyst","Block Potion"],"campfire_rested":3,"item_purchase_floors":[12,12,12,31,31],"current_hp_per_floor":[70,70,70,70,56,56,50,50,50,23,44,44,44,44,44,4,70,58,58,52,47,47,47,43,43,43,43,43,30,3,3,24,3,70,70,70,70,70,23,38,38,38,38,63,49,67,38,22,63,1],"gold":659,"neow_bonus":"UPGRADE_CARD","is_prod":false,"is_daily":false,"chose_seed":false,"campfire_upgraded":4,"win_rate":0.0,"timestamp":1567259766,"path_taken":["M","M","M","M","?","R","M","?","T","E","R","$","M","M","R","BOSS","M","?","?","M","?","R","M","?","T","R","?","M","M","$","R","BOSS","M","M","?","?","M","R","?","M","T","R","M","R","M","M","R","BOSS"],"build_version":"2019-07-17","purchased_purges":1,"victory":true,"max_hp_per_floor":[70,70,70,70,70,70,70,70,70,70,70,70,70,70,70,70,70,70,70,70,70,70,70,70,70,70,70,70,70,70,70,70,70,70,70,70,70,70,70,70,70,70,70,77,77,77,77,77,77,77],"card_choices":[{"not_picked":["Blade Dance","Distraction"],"picked":"Dash","floor":1.0},{"not_picked":["Distraction","PiercingWail"],"picked":"Backflip","floor":2.0},{"not_picked":["Sucker Punch","Prepared"],"picked":"Well Laid Plans","floor":3.0},{"not_picked":["Accuracy","Flying Knee"],"picked":"Deadly Poison","floor":4.0},{"not_picked":["Quick Slash","Eviscerate"],"picked":"Sucker Punch","floor":7.0},{"not_picked":["Flying Knee","PiercingWail"],"picked":"Prepared","floor":10.0},{"not_picked":["Outmaneuver","Deadly Poison","Underhanded Strike"],"picked":"SKIP","floor":13.0},{"not_picked":["Dagger Spray","Quick Slash"],"picked":"Unload","floor":14.0},{"not_picked":["Doppelganger","A Thousand Cuts"],"picked":"Die Die Die","floor":16.0},{"not_picked":["Bane","Underhanded Strike"],"picked":"Noxious Fumes","floor":17.0},{"not_picked":["Riddle With Holes+1","Outmaneuver"],"picked":"Deflect","floor":18.0},{"not_picked":["Tactician","Terror","Finisher+1"],"picked":"SKIP","floor":20.0},{"not_picked":["Masterful Stab+1","Underhanded Strike"],"picked":"Dodge and Roll+1","floor":21.0},{"not_picked":["Eviscerate","Blur","Well Laid Plans"],"picked":"SKIP","floor":22.0},{"not_picked":["Predator","Backflip+1","Underhanded Strike"],"picked":"SKIP","floor":24.0},{"not_picked":["Terror","Blur","Masterful Stab+1"],"picked":"SKIP","floor":29.0},{"not_picked":["PiercingWail+1","Underhanded Strike+1"],"picked":"Prepared+1","floor":30.0},{"not_picked":["Endless Agony+1","Blade Dance+1"],"picked":"Cloak And Dagger+1","floor":35.0},{"not_picked":["Caltrops+1","Terror"],"picked":"Prepared+1","floor":36.0},{"not_picked":["Skewer","Quick Slash","Backflip+1"],"picked":"SKIP","floor":39.0},{"not_picked":["Reflex+1","Riddle With Holes+1"],"picked":"Acrobatics+1","floor":41.0},{"not_picked":["Acrobatics+1","Footwork","Caltrops+1"],"picked":"SKIP","floor":42.0},{"not_picked":["Heel Hook","Deflect","Quick Slash+1"],"picked":"SKIP","floor":45.0},{"not_picked":["Dodge and Roll+1","Deadly Poison+1","Quick Slash"],"picked":"SKIP","floor":47.0},{"not_picked":["Outmaneuver+1","Poisoned Stab+1"],"picked":"Prepared+1","floor":48.0}],"player_experience":219591,"relics_obtained":[{"floor":9.0,"key":"The Courier"},{"floor":10.0,"key":"Lantern"},{"floor":26.0,"key":"Potion Belt"},{"floor":40.0,"key":"Bag of Marbles"},{"floor":41.0,"key":"Calipers"},{"floor":43.0,"key":"MawBank"},{"floor":44.0,"key":"Strawberry"},{"floor":46.0,"key":"Juzu Bracelet"}],"event_choices":[{"damage_healed":0.0,"max_hp_gain":0.0,"max_hp_loss":0.0,"gold_gain":0.0,"event_name":"Shining Light","player_choice":"Entered Light","floor":5.0,"gold_loss":0.0,"damage_taken":14.0,"cards_upgraded":["Defend_G","Defend_G"]},{"damage_healed":0.0,"max_hp_gain":0.0,"max_hp_loss":0.0,"gold_gain":0.0,"cards_transformed":["Strike_G"],"event_name":"Transmorgrifier","player_choice":"Transformed","floor":8.0,"gold_loss":0.0,"damage_taken":0.0,"cards_obtained":["PiercingWail"]},{"cards_removed":["Defend_G"],"damage_healed":0.0,"max_hp_gain":0.0,"max_hp_loss":0.0,"gold_gain":0.0,"event_name":"NoteForYourself","player_choice":"Took Card","floor":19.0,"gold_loss":0.0,"damage_taken":0.0,"cards_obtained":["Defend_G"]},{"damage_healed":0.0,"max_hp_gain":0.0,"max_hp_loss":0.0,"gold_gain":99.0,"event_name":"Nest","player_choice":"Stole From Cult","floor":25.0,"gold_loss":0.0,"damage_taken":0.0},{"damage_healed":0.0,"max_hp_gain":0.0,"max_hp_loss":0.0,"gold_gain":0.0,"event_name":"The Mausoleum","player_choice":"Opened","floor":28.0,"gold_loss":0.0,"damage_taken":0.0,"relics_obtained":["Shovel"],"cards_obtained":["Writhe"]},{"damage_healed":0.0,"max_hp_gain":0.0,"max_hp_loss":0.0,"gold_gain":0.0,"event_name":"Mysterious Sphere","player_choice":"Ignored","floor":37.0,"gold_loss":0.0,"damage_taken":0.0},{"cards_removed":["Strike_G"],"damage_healed":0.0,"max_hp_gain":0.0,"max_hp_loss":0.0,"gold_gain":0.0,"event_name":"Falling","player_choice":"Removed Attack","floor":38.0,"gold_loss":0.0,"damage_taken":0.0},{"damage_healed":0.0,"max_hp_gain":0.0,"max_hp_loss":0.0,"gold_gain":0.0,"event_name":"MindBloom","player_choice":"Fight","floor":41.0,"gold_loss":0.0,"damage_taken":0.0}],"is_beta":false,"boss_relics":[{"not_picked":["White Beast Statue","Snecko Eye"],"picked":"Orrery"},{"not_picked":["Busted Crown","Coffee Dripper"],"picked":"Eternal Feather"}],"items_purged_floors":[31],"is_endless":false,"potions_floor_spawned":[2,3,4,13,21,24,30,39,41,42,47,48],"ascension_level":0}