{"gold_per_floor":[112,112,129,31,49,82,82,6,6,31,31,31,31,46,46,150,150,163,163,178,190,290,321,321,336,417,442,442,473,3,14,14,119,119,137,190,65,80,93,93,193,207,230,230,257,277,277,290,290,290],"floor_reached":51,"playtime":3507,"items_purged":["Strike_G","Strike_G","Defend_G"],"score":825,"play_id":"244498eb-9a38-43a1-94b2-6d42b4c7c739","local_time":"20190629193846","is_ascension_mode":false,"campfire_choices":[{"data":"Glass Knife","floor":7,"key":"SMITH"},{"data":"Deadly Poison","floor":11,"key":"SMITH"},{"data":"Well Laid Plans","floor":13,"key":"SMITH"},{"data":"Bouncing Flask","floor":15,"key":"SMITH"},{"data":"Crippling Poison","floor":24,"key":"SMITH"},{"data":"Leg Sweep","floor":28,"key":"SMITH"},{"data":"Burst","floor":32,"key":"SMITH"},{"data":"After Image","floor":40,"key":"SMITH"},{"data":"Night Terror","floor":44,"key":"SMITH"},{"data":"Neutralize","floor":47,"key":"SMITH"},{"data":"Well Laid Plans","floor":49,"key":"SMITH"}],"neow_cost":"NONE","seed_source_timestamp":688361016220062,"circlet_count":0,"master_deck":["Defend_G","Defend_G","Defend_G","Survivor","Neutralize+1","Backflip","Glass Knife+1","Deadly Poison+1","Dagger Throw+1","Leg Sweep+1","Poisoned Stab+1","Well Laid Plans+1","Bouncing Flask+1","Glass Knife","Reflex+1","Backstab+1","Tactician+1","Crippling Poison+1","Backflip+1","Burst+1","Blur","Finesse","Deflect","After Image+1","Leg Sweep+1","Venomology+1","Reflex+1","Deflect+1","PiercingWail","Slice+1","Night Terror+1","Slice","Escape Plan+1","Well Laid Plans+1"],"relics":["Ring of the Snake","NeowsBlessing","Unceasing Top","Paper Crane","Ninja Scroll","HoveringKite","FossilizedHelix","Shuriken","Nunchaku","Ornamental Fan","Pen Nib","Red Mask","Astrolabe","Tingsha","The Specimen","Whetstone","Calipers"],"potions_floor_usage":[23,36,50,50,50],"damage_taken":[{"damage":0,"enemies":"Cultist","floor":1,"turns":1},{"damage":0,"enemies":"Jaw Worm","floor":3,"turns":1},{"damage":0,"enemies":"Small Slimes","floor":5,"turns":1},{"damage":15,"enemies":"Lagavulin","floor":6,"turns":11},{"damage":0,"enemies":"Gremlin Nob","floor":10,"turns":4},{"damage":0,"enemies":"2 Fungi Beasts","floor":14,"turns":2},{"damage":2,"enemies":"Slime Boss","floor":16,"turns":10},{"damage":0,"enemies":"2 Thieves","floor":18,"turns":4},{"damage":0,"enemies":"Chosen","floor":20,"turns":4},{"damage":2,"enemies":"Snecko","floor":21,"turns":4},{"damage":0,"enemies":"Colosseum Slavers","floor":22,"turns":4},{"damage":2,"enemies":"Colosseum Nobs","floor":22,"turns":4},{"damage":2,"enemies":"Slavers","floor":23,"turns":4},{"damage":0,"enemies":"3 Cultists","floor":25,"turns":3},{"damage":0,"enemies":"Gremlin Leader","floor":27,"turns":4},{"damage":0,"enemies":"Masked Bandits","floor":29,"turns":3},{"damage":0,"enemies":"Chosen and Byrds","floor":31,"turns":4},{"damage":2,"enemies":"Collector","floor":33,"turns":11},{"damage":0,"enemies":"3 Darklings","floor":35,"turns":3},{"damage":0,"enemies":"2 Orb Walkers","floor":36,"turns":5},{"damage":0,"enemies":"Orb Walker","floor":38,"turns":3},{"damage":0,"enemies":"3 Darklings","floor":39,"turns":5},{"damage":0,"enemies":"Mind Bloom Boss Battle","floor":41,"turns":5},{"damage":0,"enemies":"Writhing Mass","floor":42,"turns":6},{"damage":0,"enemies":"Nemesis","floor":45,"turns":7},{"damage":0,"enemies":"4 Shapes","floor":46,"turns":3},{"damage":0,"enemies":"Spire Growth","floor":48,"turns":4},{"damage":0,"enemies":"Awakened One","floor":50,"turns":15}],"seed_played":"-4828373372549826024","potions_obtained":[{"floor":3,"key":"Swift Potion"},{"floor":6,"key":"GhostInAJar"},{"floor":10,"key":"Block Potion"},{"floor":23,"key":"GhostInAJar"},{"floor":38,"key":"Block Potion"},{"floor":39,"key":"PowerPotion"}],"is_trial":false,"path_per_floor":["M","?","M","$","M","E","R","$","T","E","R","$","R","M","R","B",null,"M","?","M","M","?","E","R","M","T","E","R","?","$","M","R","B",null,"M","?","$","M","M","R","?","M","T","R","E","M","R","M","R","B",null],"character_chosen":"THE_SILENT","items_purchased":["Dagger Throw","Well Laid Plans","Burst","Blur","Finesse","Dexterity Potion"],"campfire_rested":0,"item_purchase_floors":[4,8,30,30,30,30],"current_hp_per_floor":[70,70,70,70,70,55,55,55,55,55,55,55,55,55,55,53,70,70,70,70,68,66,64,64,64,64,64,64,64,64,64,64,62,70,70,70,70,70,70,70,70,70,70,70,70,70,70,70,70,70],"gold":290,"neow_bonus":"THREE_ENEMY_KILL","is_prod":false,"is_daily":false,"chose_seed":false,"campfire_upgraded":11,"win_rate":0.0,"timestamp":1561804726,"path_taken":["M","?","M","$","?","E","R","?","T","E","R","$","R","M","R","BOSS","M","?","M","?","?","E","R","M","T","E","R","?","$","M","R","BOSS","M","?","$","M","M","R","?","M","T","R","E","M","R","M","R","BOSS"],"build_version":"2019-01-23","purchased_purges":3,"victory":true,"max_hp_per_floor":[70,70,70,70,70,70,70,70,70,70,70,70,70,70,70,70,70,70,70,70,70,70,70,70,70,70,70,70,70,70,70,70,70,70,70,70,70,70,70,70,70,70,70,70,70,70,70,70,70,70],"card_choices":[{"not_picked":["Blade Dance","Terror"],"picked":"Backflip","floor":1},{"not_picked":["Dodge and Roll","Flying Knee"],"picked":"Deadly Poison","floor":3},{"not_picked":["Poisoned Stab","Underhanded Strike"],"picked":"Leg Sweep","floor":5},{"not_picked":["Dash","Flying Knee"],"picked":"Poisoned Stab","floor":6},{"not_picked":["Quick Slash","Sucker Punch","Blade Dance"],"picked":"SKIP","floor":10},{"not_picked":["Flying Knee","Venomology"],"picked":"Bouncing Flask","floor":14},{"not_picked":["Doppelganger","Tools of the Trade"],"picked":"Glass Knife","floor":16},{"not_picked":["Sucker Punch","Poisoned Stab"],"picked":"Reflex","floor":18},{"not_picked":["Finisher","Deadly Poison"],"picked":"Backstab+1","floor":20},{"not_picked":["Venomology","Underhanded Strike+1"],"picked":"Tactician+1","floor":21},{"not_picked":["Underhanded Strike","Dagger Spray+1"],"picked":"Crippling Poison","floor":23},{"not_picked":["Finisher","Dagger Throw","Skewer"],"picked":"SKIP","floor":25},{"not_picked":["Finisher","Dagger Throw","Skewer"],"picked":"SKIP","floor":25},{"not_picked":["Unload","Skewer"],"picked":"Backflip+1","floor":27},{"not_picked":["Slice","Blade Dance"],"picked":"Deflect","floor":31},{"not_picked":["Adrenaline","Die Die Die"],"picked":"After Image","floor":33},{"not_picked":["Blade Dance+1","Poisoned Stab"],"picked":"Deflect+1","floor":35},{"not_picked":["Blade Dance+1","Flying Knee","Sucker Punch"],"picked":"SKIP","floor":38},{"not_picked":["Poisoned Stab+1","Doppelganger"],"picked":"PiercingWail","floor":39},{"not_picked":["Flying Knee","Backflip"],"picked":"Slice+1","floor":41},{"not_picked":["Eviscerate","Underhanded Strike+1"],"picked":"Night Terror","floor":42},{"not_picked":["Endless Agony+1","Quick Slash"],"picked":"Slice","floor":45},{"not_picked":["Reflex","Finisher"],"picked":"Escape Plan+1","floor":46},{"not_picked":["Prepared","Reflex+1"],"picked":"Well Laid Plans","floor":48}],"player_experience":5664,"relics_obtained":[{"floor":6,"key":"Unceasing Top"},{"floor":9,"key":"Paper Crane"},{"floor":10,"key":"Ninja Scroll"},{"floor":22,"key":"FossilizedHelix"},{"floor":22,"key":"Shuriken"},{"floor":23,"key":"Nunchaku"},{"floor":26,"key":"Ornamental Fan"},{"floor":27,"key":"Pen Nib"},{"floor":29,"key":"Red Mask"},{"floor":36,"key":"Tingsha"},{"floor":41,"key":"The Specimen"},{"floor":43,"key":"Whetstone"},{"floor":45,"key":"Calipers"}],"event_choices":[{"damage_healed":0,"gold_gain":0,"cards_transformed":["Strike_G"],"player_choice":"Transformed","damage_taken":0,"max_hp_gain":0,"max_hp_loss":0,"event_name":"Transmorgrifier","floor":2,"gold_loss":0,"cards_obtained":["Glass Knife"]},{"damage_healed":0,"gold_gain":0,"player_choice":"Upgraded","damage_taken":0,"max_hp_gain":0,"max_hp_loss":0,"event_name":"Upgrade Shrine","floor":19,"gold_loss":0,"cards_upgraded":["Reflex"]},{"damage_healed":0,"gold_gain":0,"player_choice":"Fight","damage_taken":0,"max_hp_gain":0,"max_hp_loss":0,"event_name":"Colosseum","floor":22,"gold_loss":0},{"damage_healed":0,"gold_gain":0,"player_choice":"Fought Nobs","damage_taken":0,"max_hp_gain":0,"max_hp_loss":0,"event_name":"Colosseum","floor":22,"gold_loss":0},{"damage_healed":0,"gold_gain":0,"player_choice":"Fought Bandits","damage_taken":0,"max_hp_gain":0,"max_hp_loss":0,"event_name":"Masked Bandits","floor":29,"gold_loss":0},{"damage_healed":0,"gold_gain":0,"player_choice":"Fight","damage_taken":0,"max_hp_gain":0,"max_hp_loss":0,"event_name":"Mysterious Sphere","floor":36,"gold_loss":0},{"damage_healed":0,"gold_gain":0,"player_choice":"Fight","damage_taken":0,"max_hp_gain":0,"max_hp_loss":0,"event_name":"MindBloom","floor":41,"gold_loss":0}],"is_beta":false,"boss_relics":[{"not_picked":["Coffee Dripper","Calling Bell"],"picked":"HoveringKite"},{"not_picked":["Snecko Eye","Lizard Tail"],"picked":"Astrolabe"}],"items_purged_floors":[4,30,37],"is_endless":false,"potions_floor_spawned":[3,6,10,14,18,23,25,27,33,35,36,38,39,46],"ascension_level":0}