{"gold_per_floor":[117,132,145,165,1,1,31,43,78,90,102,152,164,199,211,354,366,401,413,440,46,71,71,96,96,96,186,39,55,75,115,115,240,240,263,63,188,212,237,237,237,255,255,255,291,306,326,106,106,106],"floor_reached":51,"playtime":2880,"items_purged":["Blizzard","Dualcast","Melter"],"score":834,"play_id":"b4860bf4-851b-4c44-93eb-01e7454f7375","local_time":"20190811194248","is_ascension_mode":false,"campfire_choices":[{"data":"Beam Cell","floor":6,"key":"SMITH"},{"data":"Streamline","floor":8,"key":"SMITH"},{"data":"Sweeping Beam","floor":10,"key":"SMITH"},{"data":"Defragment","floor":15,"key":"SMITH"},{"data":"Echo Form","floor":23,"key":"SMITH"},{"data":"Defragment","floor":25,"key":"SMITH"},{"floor":32,"key":"REST"},{"data":"Amplify","floor":40,"key":"SMITH"},{"data":"Defragment","floor":44,"key":"SMITH"},{"floor":49,"key":"REST"}],"neow_cost":"NONE","seed_source_timestamp":1777141807342000,"circlet_count":0,"master_deck":["Zap+1","Beam Cell+1","Streamline+1","Sweeping Beam+1","Sweeping Beam","Leap","FTL","Defragment+1","Gash","Conserve Battery","Coolheaded+1","Echo Form+1","Undo","FTL","Beam Cell","Skim","Hello World","Compile Driver","BootSequence","Necronomicurse","Leap+1","Defragment+1","Defragment","Defragment+1","FTL","Auto Shields+1","Amplify+1","Loop+1","Cold Snap+1","Hologram","Stack+1","Turbo+1","Coolheaded+1","Coolheaded","Heatsinks"],"relics":["Cracked Core","MawBank","Bronze Scales","Golden Idol","Strawberry","Pandora\u0027s Box","Necronomicon","Membership Card","Meat on the Bone","Bottled Lightning","Bag of Preparation","Incense Burner","Nuclear Battery","Gambling Chip","Dead Branch","Pen Nib","War Paint","Runic Capacitor"],"potions_floor_usage":[4,18,31,50,50,50],"damage_taken":[{"damage":2,"enemies":"Jaw Worm","floor":1,"turns":4},{"damage":0,"enemies":"Small Slimes","floor":2,"turns":2},{"damage":0,"enemies":"2 Louse","floor":3,"turns":2},{"damage":5,"enemies":"Looter","floor":4,"turns":2},{"damage":21,"enemies":"3 Sentries","floor":7,"turns":5},{"damage":9,"enemies":"Gremlin Nob","floor":12,"turns":3},{"damage":8,"enemies":"Red Slaver","floor":14,"turns":4},{"damage":19,"enemies":"Hexaghost","floor":16,"turns":8},{"damage":0,"enemies":"3 Byrds","floor":18,"turns":3},{"damage":3,"enemies":"Shell Parasite","floor":20,"turns":5},{"damage":0,"enemies":"Cultist and Chosen","floor":22,"turns":5},{"damage":5,"enemies":"Chosen and Byrds","floor":24,"turns":3},{"damage":14,"enemies":"Snake Plant","floor":29,"turns":4},{"damage":18,"enemies":"Shelled Parasite and Fungi","floor":30,"turns":5},{"damage":12,"enemies":"Book of Stabbing","floor":31,"turns":5},{"damage":41,"enemies":"Collector","floor":33,"turns":12},{"damage":0,"enemies":"3 Shapes","floor":35,"turns":3},{"damage":0,"enemies":"Mind Bloom Boss Battle","floor":37,"turns":6},{"damage":19,"enemies":"3 Darklings","floor":38,"turns":4},{"damage":0,"enemies":"Sphere and 2 Shapes","floor":39,"turns":7},{"damage":0,"enemies":"4 Shapes","floor":42,"turns":7},{"damage":0,"enemies":"Giant Head","floor":45,"turns":8},{"damage":17,"enemies":"Jaw Worm Horde","floor":46,"turns":3},{"damage":0,"enemies":"Sphere and 2 Shapes","floor":47,"turns":5},{"damage":0,"enemies":"Time Eater","floor":50,"turns":12}],"seed_played":"-1984458982153233651","potions_obtained":[{"floor":3,"key":"Energy Potion"},{"floor":4,"key":"GamblersBrew"},{"floor":7,"key":"SteroidPotion"},{"floor":16,"key":"SpeedPotion"},{"floor":18,"key":"SpeedPotion"},{"floor":31,"key":"Dexterity Potion"}],"is_trial":false,"path_per_floor":["M","M","M","M","$","R","E","R","T","R","?","E","?","M","R","B",null,"M","?","M","$","M","R","M","R","T","?","$","M","M","E","R","B",null,"M","$","?","M","M","R","?","M","T","R","E","M","M","$","R","B",null],"character_chosen":"DEFECT","items_purchased":["FTL","Defragment","Gash","Membership Card","Meat on the Bone","FocusPotion","Bag of Preparation","Defragment","FocusPotion","Gambling Chip","Runic Capacitor","Coolheaded","Heatsinks"],"campfire_rested":2,"item_purchase_floors":[5,5,5,21,21,21,28,28,28,36,48,48,48],"current_hp_per_floor":[73,73,73,68,68,68,47,47,47,47,47,45,50,42,42,23,81,81,65,62,62,62,62,57,57,57,41,41,39,33,33,57,28,81,81,81,81,62,62,62,62,62,62,62,62,45,45,45,69,69],"gold":106,"neow_bonus":"TRANSFORM_CARD","is_prod":false,"is_daily":false,"chose_seed":false,"campfire_upgraded":8,"win_rate":0,"timestamp":1565520168,"path_taken":["M","M","M","M","$","R","E","R","T","R","?","E","?","M","R","BOSS","M","?","M","$","M","R","M","R","T","?","$","?","M","E","R","BOSS","M","$","?","M","M","R","?","M","T","R","E","M","M","$","R","BOSS"],"build_version":"2019-07-17","purchased_purges":3,"victory":true,"max_hp_per_floor":[75,75,75,75,75,75,75,75,75,75,69,76,81,81,81,81,81,81,81,81,81,81,81,81,81,81,81,81,81,81,81,81,81,81,81,81,81,81,81,81,81,81,81,81,81,81,81,81,81,81],"card_choices":[{"not_picked":["Stack","Scrape"],"picked":"Streamline","floor":1},{"not_picked":["Loop","Reprogram"],"picked":"Sweeping Beam","floor":2},{"not_picked":["Double Energy","Stack"],"picked":"Sweeping Beam","floor":3},{"not_picked":["Gash","Redo"],"picked":"Leap","floor":4},{"not_picked":["Blizzard","Aggregate"],"picked":"Conserve Battery","floor":7},{"not_picked":["Blizzard","Double Energy","Meteor Strike"],"picked":"SKIP","floor":12},{"not_picked":["Go for the Eyes","Steam Power"],"picked":"Coolheaded","floor":14},{"not_picked":["Thunder Strike","Machine Learning"],"picked":"Echo Form","floor":16},{"not_picked":["Tempest+1","Doom and Gloom"],"picked":"BootSequence","floor":18},{"not_picked":["Rebound","Compile Driver"],"picked":"Melter","floor":20},{"not_picked":["Tempest+1","Steam"],"picked":"Leap+1","floor":22},{"not_picked":["Redo","Tempest+1"],"picked":"Defragment","floor":24},{"not_picked":["Double Energy","Go for the Eyes"],"picked":"Defragment","floor":29},{"not_picked":["Thunder Strike","Redo+1"],"picked":"FTL","floor":30},{"not_picked":["Compile Driver+1","Redo"],"picked":"Auto Shields+1","floor":31},{"not_picked":["Core Surge","Fission"],"picked":"Amplify","floor":33},{"not_picked":["Sweeping Beam+1","Blizzard+1","Aggregate"],"picked":"SKIP","floor":35},{"not_picked":["Storm+1","Barrage"],"picked":"Loop+1","floor":37},{"not_picked":["Redo","Darkness"],"picked":"Cold Snap+1","floor":38},{"not_picked":["Beam Cell","Redo"],"picked":"Hologram","floor":39},{"not_picked":["Go for the Eyes+1","Hyperbeam"],"picked":"Stack+1","floor":42},{"not_picked":["Steam Power","Leap","Sweeping Beam"],"picked":"SKIP","floor":45},{"not_picked":["Chaos+1","Static Discharge"],"picked":"Turbo+1","floor":46},{"not_picked":["Streamline","Melter+1"],"picked":"Coolheaded+1","floor":47}],"player_experience":141888,"relics_obtained":[{"floor":7,"key":"MawBank"},{"floor":9,"key":"Bronze Scales"},{"floor":12,"key":"Strawberry"},{"floor":19,"key":"Necronomicon"},{"floor":26,"key":"Bottled Lightning"},{"floor":31,"key":"Incense Burner"},{"floor":37,"key":"Dead Branch"},{"floor":43,"key":"Pen Nib"},{"floor":45,"key":"War Paint"}],"event_choices":[{"damage_healed":0,"gold_gain":0,"player_choice":"Lose Max HP","damage_taken":0,"relics_obtained":["Golden Idol"],"max_hp_gain":0,"max_hp_loss":6,"event_name":"Golden Idol","floor":11,"gold_loss":0},{"damage_healed":0,"gold_gain":0,"player_choice":"Donut","damage_taken":0,"max_hp_gain":5,"max_hp_loss":0,"event_name":"Big Fish","floor":13,"gold_loss":0},{"damage_healed":0,"gold_gain":0,"player_choice":"Obtained Book","damage_taken":16,"max_hp_gain":0,"max_hp_loss":0,"event_name":"Cursed Tome","floor":19,"gold_loss":0},{"damage_healed":0,"gold_gain":90,"player_choice":"GOLD ","damage_taken":16,"max_hp_gain":0,"max_hp_loss":0,"event_name":"Knowing Skull","floor":27,"potions_obtained":[],"gold_loss":0,"cards_obtained":[]},{"damage_healed":0,"gold_gain":0,"player_choice":"Fight","damage_taken":0,"max_hp_gain":0,"max_hp_loss":0,"event_name":"MindBloom","floor":37,"gold_loss":0},{"damage_healed":0,"gold_gain":0,"player_choice":"Ignored","damage_taken":0,"max_hp_gain":0,"max_hp_loss":0,"event_name":"NoteForYourself","floor":41,"gold_loss":0}],"is_beta":false,"boss_relics":[{"not_picked":["Orrery","Tiny House"],"picked":"Pandora\u0027s Box"},{"not_picked":["Calling Bell","Coffee Dripper"],"picked":"Nuclear Battery"}],"items_purged_floors":[21,36,48],"is_endless":false,"potions_floor_spawned":[3,4,7,16,18,29,31,33,37,39,45,47],"ascension_level":0}