{"gold_per_floor":[118,118,118,133,133,133,36,36,115,126,136,151,184,195,195,273,273,290,305,305,318,318,318,344,344,344,1,15,79,95,106,106,106],"floor_reached":33,"playtime":1799,"items_purged":["Strike_R"],"score":578,"play_id":"eeecccdb-7cd9-4ac4-9731-22579f798bb6","local_time":"20190605204746","daily_mods":["Uncertain Future"],"is_ascension_mode":true,"campfire_choices":[{"data":"Carnage","floor":6.0,"key":"SMITH"},{"data":"Body Slam","floor":8.0,"key":"SMITH"},{"data":"Armaments","floor":15.0,"key":"SMITH"},{"floor":23.0,"key":"REST"},{"floor":25.0,"key":"REST"},{"floor":32.0,"key":"REST"}],"neow_cost":"","seed_source_timestamp":0,"circlet_count":0,"master_deck":["AscendersBane","Strike_R","Strike_R","Strike_R","Defend_R","Defend_R+1","Defend_R+1","Defend_R","Bash","Carnage+1","Limit Break","Body Slam+1","Feel No Pain","Pommel Strike","Armaments+1","Disarm","Battle Trance","Demon Form","Iron Wave+1","Dual Wield","True Grit","Flame Barrier","Master of Strategy","Disarm","Shockwave"],"special_seed":0,"relics":["Burning Blood","Pear","Incense Burner","Fusion Hammer","Question Card","Darkstone Periapt","Matryoshka","Tiny Chest"],"potions_floor_usage":[33,33],"damage_taken":[{"damage":7.0,"enemies":"Small Slimes","floor":1.0,"turns":3.0},{"damage":16.0,"enemies":"Jaw Worm","floor":4.0,"turns":5.0},{"damage":6.0,"enemies":"Cultist","floor":10.0,"turns":3.0},{"damage":3.0,"enemies":"3 Louse","floor":11.0,"turns":4.0},{"damage":2.0,"enemies":"Red Slaver","floor":12.0,"turns":3.0},{"damage":8.0,"enemies":"Gremlin Nob","floor":13.0,"turns":3.0},{"damage":9.0,"enemies":"Looter","floor":14.0,"turns":3.0},{"damage":36.0,"enemies":"The Guardian","floor":16.0,"turns":13.0},{"damage":1.0,"enemies":"Spheric Guardian","floor":18.0,"turns":5.0},{"damage":0.0,"enemies":"Chosen","floor":19.0,"turns":4.0},{"damage":4.0,"enemies":"Shelled Parasite and Fungi","floor":21.0,"turns":8.0},{"damage":68.0,"enemies":"Book of Stabbing","floor":24.0,"turns":6.0},{"damage":3.0,"enemies":"Centurion and Healer","floor":28.0,"turns":7.0},{"damage":17.0,"enemies":"Gremlin Leader","floor":29.0,"turns":9.0},{"damage":7.0,"enemies":"Chosen and Byrds","floor":30.0,"turns":4.0},{"damage":1.0,"enemies":"Shelled Parasite and Fungi","floor":31.0,"turns":7.0},{"damage":110,"enemies":"Collector","floor":33,"turns":9}],"seed_played":"-6678696027829146731","potions_obtained":[{"floor":1.0,"key":"Swift Potion"},{"floor":10.0,"key":"PowerPotion"},{"floor":13.0,"key":"GamblersBrew"},{"floor":16.0,"key":"Swift Potion"},{"floor":18.0,"key":"Explosive Potion"},{"floor":24.0,"key":"SneckoOil"},{"floor":29.0,"key":"PowerPotion"},{"floor":31.0,"key":"Strength Potion"}],"is_trial":true,"path_per_floor":["M","?","?","M","?","R","$","R","T","M","M","M","E","M","R","B",null,"M","M","T","M","?","R","E","R","T","$","M","E","M","M","R","B"],"character_chosen":"IRONCLAD","items_purchased":["Body Slam","Feel No Pain","Flame Barrier","Master of Strategy"],"campfire_rested":3,"item_purchase_floors":[7,7,27,27],"current_hp_per_floor":[67,44,49,39,39,39,39,39,49,49,52,56,54,51,51,21,73,78,84,84,86,86,90,28,55,55,55,58,47,46,51,78,0],"gold":106,"neow_bonus":"","is_prod":false,"is_daily":false,"chose_seed":true,"campfire_upgraded":3,"win_rate":0,"timestamp":1559782066,"path_taken":["M","?","?","M","?","R","$","R","T","M","M","M","E","M","R","BOSS","M","M","?","M","?","R","E","R","T","$","M","E","?","M","R","BOSS"],"build_version":"2019-01-23","purchased_purges":1,"victory":false,"max_hp_per_floor":[75,75,80,80,80,80,80,80,90,90,90,90,90,90,90,90,90,90,90,90,90,90,90,90,90,90,90,90,90,90,90,90,90],"card_choices":[{"not_picked":["Anger","Dropkick"],"picked":"Carnage","floor":1.0},{"not_picked":["Evolve","Infernal Blade","Flex"],"picked":"SKIP","floor":4.0},{"not_picked":["Fire Breathing","Twin Strike"],"picked":"Pommel Strike","floor":10.0},{"not_picked":["Spot Weakness","Rampage"],"picked":"Armaments","floor":11.0},{"not_picked":["Heavy Blade","Flex"],"picked":"Disarm","floor":12.0},{"not_picked":["Bludgeon","Cleave","Intimidate"],"picked":"SKIP","floor":13.0},{"not_picked":["Power Through","Searing Blow"],"picked":"Battle Trance","floor":14.0},{"not_picked":["Exhume","Brutality"],"picked":"Demon Form","floor":16.0},{"not_picked":["Clash","Inflame"],"picked":"Iron Wave+1","floor":18.0},{"not_picked":["Bloodletting","Infernal Blade","Searing Blow"],"picked":"SKIP","floor":19.0},{"not_picked":["Havoc","Inflame","Armaments+1"],"picked":"Dual Wield","floor":21.0},{"not_picked":["Anger","Dark Embrace","Dropkick"],"picked":"True Grit","floor":24.0},{"not_picked":["Anger","Pommel Strike","Armaments","Thunderclap"],"picked":"SKIP","floor":28.0},{"not_picked":["Sentinel","Metallicize","Heavy Blade"],"picked":"Disarm","floor":29.0},{"not_picked":["Sword Boomerang","Metallicize","Havoc"],"picked":"Shockwave","floor":30.0},{"not_picked":["Pommel Strike","Iron Wave+1","Sever Soul","Infernal Blade+1"],"picked":"SKIP","floor":31.0}],"player_experience":1144011,"relics_obtained":[{"floor":9.0,"key":"Pear"},{"floor":13.0,"key":"Incense Burner"},{"floor":20.0,"key":"Question Card"},{"floor":24.0,"key":"Darkstone Periapt"},{"floor":26.0,"key":"Matryoshka"},{"floor":29.0,"key":"Tiny Chest"}],"event_choices":[{"damage_healed":0.0,"max_hp_gain":0.0,"max_hp_loss":0.0,"gold_gain":0.0,"event_name":"Shining Light","player_choice":"Entered Light","floor":2.0,"gold_loss":0.0,"damage_taken":23.0,"cards_upgraded":["Defend_R","Defend_R"]},{"damage_healed":0.0,"max_hp_gain":5.0,"max_hp_loss":0.0,"gold_gain":0.0,"event_name":"Big Fish","player_choice":"Donut","floor":3.0,"gold_loss":0.0,"damage_taken":0.0},{"damage_healed":0.0,"max_hp_gain":0.0,"max_hp_loss":0.0,"gold_gain":0.0,"cards_transformed":["Strike_R"],"event_name":"Transmorgrifier","player_choice":"Transformed","floor":5.0,"gold_loss":0.0,"damage_taken":0.0,"cards_obtained":["Limit Break"]},{"damage_healed":0.0,"max_hp_gain":0.0,"max_hp_loss":0.0,"gold_gain":0.0,"event_name":"WeMeetAgain","player_choice":"Ignored","floor":22.0,"gold_loss":0.0,"damage_taken":0.0}],"is_beta":false,"boss_relics":[{"not_picked":["Black Star","Eternal Feather"],"picked":"Fusion Hammer"}],"items_purged_floors":[27],"is_endless":false,"potions_floor_spawned":[1,10,13,16,18,24,29,31],"killed_by":"Collector","ascension_level":20}