{"gold_per_floor":[114,114,114,29,45,75,75,108,108,441,441,456,468,494,494,569,569,581,496,48,48,48,76,76,106,106,138,138,156,156,183,183,262,262,275,275,286,303,78,78,94,94,94,113,127,153,14,59,59,59,59,59,59,18,48,48],"floor_reached":57,"playtime":2668,"items_purged":["Strike_G+1","Strike_G+1"],"score":2993,"play_id":"1548b77b-f4bf-4a13-ac53-53acf0b1981e","local_time":"20190719190927","is_ascension_mode":true,"campfire_choices":[{"data":"Crippling Poison","floor":7.0,"key":"SMITH"},{"floor":15.0,"key":"REST"},{"floor":24.0,"key":"REST"},{"floor":28.0,"key":"DIG"},{"data":"Catalyst","floor":30.0,"key":"SMITH"},{"floor":32.0,"key":"DIG"},{"data":"Strike_G+1","floor":40.0,"key":"PURGE"},{"data":"Strike_G+1","floor":42.0,"key":"PURGE"},{"floor":49.0,"key":"RECALL"},{"data":"Panache","floor":53.0,"key":"PURGE"}],"neow_cost":"NONE","seed_source_timestamp":0,"circlet_count":0,"master_deck":["AscendersBane","Strike_G+1","Defend_G+1","Defend_G+1","Defend_G+1","Defend_G+1","Defend_G+1","Survivor","Neutralize+1","Flying Knee","Crippling Poison+1","Poisoned Stab","PiercingWail","Crippling Poison","Backflip","Catalyst","Doppelganger","Catalyst+1","Noxious Fumes","Catalyst+1","PiercingWail","Prepared+1","Malaise","Burst","Well Laid Plans","Noxious Fumes","Blur+1","Adrenaline","Catalyst+1","Footwork","Calculated Gamble","PiercingWail"],"special_seed":0,"relics":["Ring of the Snake","NeowsBlessing","Tough Bandages","Shovel","Incense Burner","Old Coin","Omamori","Sozu","Turnip","Mummified Hand","Gremlin Horn","Sundial","Blood Vial","Bottled Lightning","Art of War","Peace Pipe","Pantograph","Kunai","Philosopher\u0027s Stone","Oddly Smooth Stone","Pocketwatch","Pear"],"potions_floor_usage":[],"damage_taken":[{"damage":0.0,"enemies":"2 Louse","floor":1.0,"turns":1.0},{"damage":0.0,"enemies":"Jaw Worm","floor":5.0,"turns":1.0},{"damage":0.0,"enemies":"Gremlin Nob","floor":6.0,"turns":1.0},{"damage":22.0,"enemies":"Lagavulin","floor":8.0,"turns":7.0},{"damage":16.0,"enemies":"3 Sentries","floor":10.0,"turns":5.0},{"damage":0.0,"enemies":"Small Slimes","floor":12.0,"turns":4.0},{"damage":2.0,"enemies":"Blue Slaver","floor":13.0,"turns":6.0},{"damage":6.0,"enemies":"Lagavulin","floor":14.0,"turns":6.0},{"damage":38.0,"enemies":"Slime Boss","floor":16.0,"turns":19.0},{"damage":0.0,"enemies":"Spheric Guardian","floor":18.0,"turns":5.0},{"damage":10.0,"enemies":"Gremlin Leader","floor":23.0,"turns":6.0},{"damage":22.0,"enemies":"Slavers","floor":25.0,"turns":5.0},{"damage":1.0,"enemies":"Gremlin Leader","floor":27.0,"turns":4.0},{"damage":11.0,"enemies":"Chosen","floor":29.0,"turns":4.0},{"damage":4.0,"enemies":"Slavers","floor":31.0,"turns":5.0},{"damage":9.0,"enemies":"Champ","floor":33.0,"turns":5.0},{"damage":10.0,"enemies":"3 Darklings","floor":35.0,"turns":4.0},{"damage":0.0,"enemies":"3 Shapes","floor":37.0,"turns":6.0},{"damage":2.0,"enemies":"Sphere and 2 Shapes","floor":38.0,"turns":6.0},{"damage":2.0,"enemies":"Spire Growth","floor":41.0,"turns":3.0},{"damage":0.0,"enemies":"3 Darklings","floor":44.0,"turns":4.0},{"damage":9.0,"enemies":"Jaw Worm Horde","floor":45.0,"turns":4.0},{"damage":0.0,"enemies":"Giant Head","floor":46.0,"turns":3.0},{"damage":11.0,"enemies":"2 Orb Walkers","floor":48.0,"turns":4.0},{"damage":0.0,"enemies":"Time Eater","floor":50.0,"turns":4.0},{"damage":23.0,"enemies":"Awakened One","floor":51.0,"turns":14.0},{"damage":26.0,"enemies":"Shield and Spear","floor":55.0,"turns":5.0},{"damage":9,"enemies":"The Heart","floor":56,"turns":8}],"seed_played":"5808163362536299013","potions_obtained":[{"floor":6.0,"key":"Weak Potion"},{"floor":8.0,"key":"Explosive Potion"},{"floor":13.0,"key":"GhostInAJar"}],"is_trial":false,"path_per_floor":["M","?","?","$","M","E","R","E","T","E","?","M","M","E","R","B",null,"M","?","$","?","?","E","R","E","T","E","R","M","R","E","R","B",null,"M","?","M","M","$","R","M","R","T","M","M","E","$","?","R","B","B",null,"R","$","E","B",null],"character_chosen":"THE_SILENT","items_purchased":["Crippling Poison","Mummified Hand","Noxious Fumes","Catalyst","Adrenaline","Footwork","Calculated Gamble"],"campfire_rested":2,"item_purchase_floors":[4,20,20,20,39,47,54],"current_hp_per_floor":[59,64,64,64,64,64,64,42,42,26,26,26,24,18,39,1,54,54,54,54,54,54,44,65,43,43,44,44,35,35,33,33,51,66,58,58,60,60,60,60,60,60,60,62,55,57,57,48,48,71,48,65,65,65,51,69],"gold":48,"neow_bonus":"THREE_ENEMY_KILL","is_prod":false,"is_daily":false,"chose_seed":false,"campfire_upgraded":2,"win_rate":0,"timestamp":1563577767,"path_taken":["M","?","?","$","M","E","R","E","T","E","?","?","M","E","R","BOSS","M","?","$","?","?","E","R","E","T","E","R","M","R","E","R","BOSS","M","?","M","M","$","R","M","R","T","M","M","E","$","?","R","BOSS","BOSS","R","$","E","BOSS"],"build_version":"2019-07-17","purchased_purges":2,"victory":true,"max_hp_per_floor":[66,71,71,71,71,71,71,71,71,71,71,71,71,71,71,71,71,71,71,71,71,71,71,71,71,71,71,71,71,71,71,71,71,71,71,71,71,71,71,71,71,71,71,71,71,71,71,71,71,71,71,71,71,71,81,81],"card_choices":[{"not_picked":["Poisoned Stab","Distraction"],"picked":"Flying Knee","floor":1.0},{"not_picked":["Infinite Blades","Deflect"],"picked":"Poisoned Stab","floor":5.0},{"not_picked":["Dodge and Roll","Burst"],"picked":"PiercingWail","floor":6.0},{"not_picked":["Reflex","Backflip"],"picked":"Crippling Poison","floor":8.0},{"not_picked":["Dodge and Roll","Caltrops"],"picked":"Backflip","floor":10.0},{"not_picked":["Eviscerate","Deflect","Dodge and Roll"],"picked":"SKIP","floor":12.0},{"not_picked":["PiercingWail","Footwork"],"picked":"Catalyst","floor":13.0},{"not_picked":["Slice","Riddle With Holes","Distraction"],"picked":"SKIP","floor":14.0},{"not_picked":["Envenom","Grand Finale"],"picked":"Doppelganger","floor":16.0},{"not_picked":["Cloak And Dagger","Expertise"],"picked":"Catalyst+1","floor":18.0},{"not_picked":["Eviscerate","Reflex"],"picked":"PiercingWail","floor":23.0},{"not_picked":["Poisoned Stab","Quick Slash"],"picked":"Prepared+1","floor":25.0},{"not_picked":["Deflect","Accuracy","Flying Knee"],"picked":"SKIP","floor":27.0},{"not_picked":["Dagger Spray","Dodge and Roll"],"picked":"Malaise","floor":29.0},{"not_picked":["Accuracy","Dagger Spray","Poisoned Stab"],"picked":"SKIP","floor":31.0},{"not_picked":["Die Die Die","Wraith Form v2"],"picked":"Burst","floor":33.0},{"not_picked":["Calculated Gamble","Finisher"],"picked":"Well Laid Plans","floor":35.0},{"not_picked":["Jack Of All Trades","Trip"],"picked":"Panache","floor":36.0},{"not_picked":["Infinite Blades+1","Escape Plan"],"picked":"Noxious Fumes","floor":37.0},{"not_picked":["Catalyst+1","Flechettes+1"],"picked":"Blur+1","floor":38.0},{"not_picked":["Poisoned Stab+1","Distraction","Quick Slash"],"picked":"SKIP","floor":41.0},{"not_picked":["Cloak And Dagger","Riddle With Holes"],"picked":"Catalyst+1","floor":44.0},{"not_picked":["Sucker Punch+1","Dash","Deflect"],"picked":"SKIP","floor":45.0},{"not_picked":["Sucker Punch","Deadly Poison","Slice"],"picked":"SKIP","floor":46.0},{"not_picked":["Quick Slash","Cloak And Dagger+1"],"picked":"PiercingWail","floor":55.0}],"player_experience":1371849,"relics_obtained":[{"floor":6.0,"key":"Tough Bandages"},{"floor":8.0,"key":"Shovel"},{"floor":9.0,"key":"Incense Burner"},{"floor":10.0,"key":"Old Coin"},{"floor":14.0,"key":"Omamori"},{"floor":23.0,"key":"Sundial"},{"floor":25.0,"key":"Blood Vial"},{"floor":26.0,"key":"Bottled Lightning"},{"floor":27.0,"key":"Art of War"},{"floor":28.0,"key":"Peace Pipe"},{"floor":31.0,"key":"Pantograph"},{"floor":32.0,"key":"Kunai"},{"floor":46.0,"key":"Oddly Smooth Stone"},{"floor":48.0,"key":"Pocketwatch"},{"floor":55.0,"key":"Pear"}],"event_choices":[{"damage_healed":0.0,"max_hp_gain":5.0,"max_hp_loss":0.0,"gold_gain":0.0,"event_name":"Big Fish","player_choice":"Donut","floor":2.0,"gold_loss":0.0,"damage_taken":0.0},{"damage_healed":0.0,"max_hp_gain":0.0,"max_hp_loss":0.0,"gold_gain":0.0,"event_name":"Living Wall","player_choice":"Grow","floor":3.0,"gold_loss":0.0,"damage_taken":0.0,"cards_upgraded":["Neutralize"]},{"damage_healed":0.0,"max_hp_gain":0.0,"max_hp_loss":0.0,"gold_gain":0.0,"event_name":"Liars Game","player_choice":"Ignored","floor":11.0,"gold_loss":0.0,"damage_taken":0.0},{"damage_healed":0.0,"max_hp_gain":0.0,"max_hp_loss":0.0,"gold_gain":0.0,"event_name":"Addict","player_choice":"Obtained Relic","floor":19.0,"gold_loss":85.0,"damage_taken":0.0,"relics_obtained":["Turnip"]},{"damage_healed":0.0,"max_hp_gain":0.0,"max_hp_loss":0.0,"gold_gain":0.0,"event_name":"The Mausoleum","player_choice":"Opened","floor":21.0,"gold_loss":0.0,"damage_taken":0.0,"relics_obtained":["Gremlin Horn"],"cards_obtained":["Writhe"]},{"damage_healed":0.0,"max_hp_gain":0.0,"max_hp_loss":0.0,"gold_gain":0.0,"event_name":"Back to Basics","player_choice":"Simplicity","floor":22.0,"gold_loss":0.0,"damage_taken":0.0,"cards_upgraded":["Strike_G","Strike_G","Strike_G","Strike_G","Strike_G","Defend_G","Defend_G","Defend_G","Defend_G","Defend_G"]},{"damage_healed":0.0,"max_hp_gain":0.0,"max_hp_loss":0.0,"gold_gain":0.0,"event_name":"SensoryStone","player_choice":"Memory 1","floor":36.0,"gold_loss":0.0,"damage_taken":0.0},{"damage_healed":0.0,"max_hp_gain":0.0,"max_hp_loss":0.0,"gold_gain":0.0,"event_name":"Mysterious Sphere","player_choice":"Fight","floor":48.0,"gold_loss":0.0,"damage_taken":0.0}],"is_beta":false,"boss_relics":[{"not_picked":["WristBlade","Ectoplasm"],"picked":"Sozu"},{"not_picked":["Tiny House","Calling Bell"],"picked":"Philosopher\u0027s Stone"}],"items_purged_floors":[39,47],"is_endless":false,"potions_floor_spawned":[6,8,13,23,25,31,35,44],"ascension_level":20}