{"gold_per_floor":[117,117,117,17,30,58,78,78,78,78,111,178,205,2,2,81,81,93,110,30,30,62,92,92,117,117,42,42,42,73,88,88,160,160,172,172,172,182,192,192,212,212,259,259,259,285,285,285,285,285,285],"floor_reached":51,"playtime":2189,"items_purged":["Strike_R","Strike_R"],"score":1540,"play_id":"6dcc1907-e5db-42de-88ed-bea2daad2247","local_time":"20190720040255","is_ascension_mode":true,"campfire_choices":[{"data":"Armaments","floor":8.0,"key":"SMITH"},{"data":"Bash","floor":10.0,"key":"SMITH"},{"data":"Combust","floor":15.0,"key":"SMITH"},{"data":"Battle Trance","floor":24.0,"key":"SMITH"},{"data":"Juggernaut","floor":29.0,"key":"SMITH"},{"data":"Hemokinesis","floor":32.0,"key":"SMITH"},{"data":"Ghostly","floor":40.0,"key":"SMITH"},{"data":"Ghostly","floor":42.0,"key":"SMITH"},{"data":"Ghostly","floor":44.0,"key":"SMITH"},{"data":"Disarm","floor":47.0,"key":"SMITH"},{"data":"Flame Barrier","floor":49,"key":"SMITH"}],"neow_cost":"NONE","seed_source_timestamp":471367754523500,"circlet_count":0,"master_deck":["AscendersBane","Strike_R","Strike_R","Defend_R","Defend_R","Defend_R","Defend_R","Bash+1","Armaments+1","Flash of Steel","Body Slam","Offering","Disarm+1","Rampage","Dark Shackles","Juggernaut+1","Hemokinesis+1","Ghostly+1","Ghostly+1","Ghostly+1","Battle Trance+1","Barricade+1","Shrug It Off","Flame Barrier+1","Demon Form+1","Shrug It Off","Metallicize+1","Shame","Purity","Body Slam+1"],"special_seed":0,"relics":["Burning Blood","NeowsBlessing","Self Forming Clay","Singing Bowl","The Courier","Pear","Philosopher\u0027s Stone","Red Mask","Oddly Smooth Stone","Frozen Egg 2","Bronze Scales","Happy Flower","Cursed Key","Bottled Tornado"],"potions_floor_usage":[50],"damage_taken":[{"damage":0.0,"enemies":"2 Louse","floor":1.0,"turns":1.0},{"damage":0.0,"enemies":"Jaw Worm","floor":5.0,"turns":1.0},{"damage":0.0,"enemies":"Lagavulin","floor":6.0,"turns":1.0},{"damage":7.0,"enemies":"Small Slimes","floor":7.0,"turns":3.0},{"damage":22.0,"enemies":"3 Sentries","floor":11.0,"turns":8.0},{"damage":26.0,"enemies":"Lagavulin","floor":13.0,"turns":6.0},{"damage":42.0,"enemies":"The Guardian","floor":16.0,"turns":10.0},{"damage":15.0,"enemies":"Shell Parasite","floor":18.0,"turns":4.0},{"damage":29.0,"enemies":"2 Thieves","floor":19.0,"turns":4.0},{"damage":8.0,"enemies":"Masked Bandits","floor":22.0,"turns":4.0},{"damage":7.0,"enemies":"Book of Stabbing","floor":23.0,"turns":5.0},{"damage":22.0,"enemies":"Slavers","floor":25.0,"turns":4.0},{"damage":6.0,"enemies":"Gremlin Leader","floor":30.0,"turns":5.0},{"damage":15.0,"enemies":"Shelled Parasite and Fungi","floor":31.0,"turns":4.0},{"damage":11.0,"enemies":"Automaton","floor":33.0,"turns":12.0},{"damage":1.0,"enemies":"Orb Walker","floor":35.0,"turns":5.0},{"damage":1.0,"enemies":"3 Shapes","floor":38.0,"turns":7.0},{"damage":10.0,"enemies":"Spire Growth","floor":39.0,"turns":4.0},{"damage":7.0,"enemies":"Jaw Worm Horde","floor":41.0,"turns":5.0},{"damage":18.0,"enemies":"Nemesis","floor":46.0,"turns":9.0},{"damage":18,"enemies":"Awakened One","floor":50,"turns":18},{"damage":18,"enemies":"Time Eater","floor":51,"turns":1}],"seed_played":"-4232477122206674998","potions_obtained":[{"floor":5.0,"key":"Poison Potion"},{"floor":6.0,"key":"PowerPotion"},{"floor":11.0,"key":"GamblersBrew"},{"floor":16.0,"key":"LiquidBronze"},{"floor":18.0,"key":"Poison Potion"},{"floor":22.0,"key":"Explosive Potion"},{"floor":30.0,"key":"EssenceOfSteel"},{"floor":33.0,"key":"Strength Potion"},{"floor":35.0,"key":"Swift Potion"},{"floor":46.0,"key":"Strength Potion"}],"is_trial":false,"path_per_floor":["M","$","?","$","M","E","M","R","T","R","E","?","E","$","R","B",null,"M","M","$","?","?","E","R","E","T","?","$","R","E","M","R","B",null,"M","?","?","M","M","R","M","R","T","R","?","E","R","T","R","B","B"],"character_chosen":"IRONCLAD","items_purchased":["Flash of Steel","Combust","Dark Shackles"],"campfire_rested":0,"item_purchase_floors":[4,14,14],"current_hp_per_floor":[74,74,74,74,75,75,74,74,74,74,60,60,50,50,50,14,69,62,39,39,39,39,38,38,22,22,22,22,22,22,13,13,8,37,44,44,44,46,44,44,43,43,43,43,37,25,25,25,25,13,0],"gold":285,"neow_bonus":"THREE_ENEMY_KILL","is_prod":false,"is_daily":false,"chose_seed":false,"campfire_upgraded":11,"win_rate":0,"timestamp":1563609775,"path_taken":["M","$","?","$","M","E","M","R","T","R","E","?","E","?","R","BOSS","M","M","$","?","?","E","R","E","T","?","?","R","E","M","R","BOSS","M","?","?","M","M","R","M","R","T","R","?","E","R","?","R","BOSS","BOSS"],"build_version":"2019-07-17","purchased_purges":2,"victory":false,"max_hp_per_floor":[75,75,75,75,75,75,75,75,75,75,77,77,87,87,87,87,87,89,89,89,44,46,46,46,46,46,46,46,46,46,46,46,46,46,48,48,46,46,48,48,48,48,48,48,52,52,52,52,52,52,52],"card_choices":[{"not_picked":["Perfected Strike","Heavy Blade"],"picked":"Armaments","floor":1.0},{"not_picked":["Anger","Heavy Blade"],"picked":"Body Slam","floor":5.0},{"not_picked":["Twin Strike","Havoc"],"picked":"Offering","floor":6.0},{"not_picked":["Cleave","Havoc"],"picked":"Disarm","floor":7.0},{"not_picked":["Power Through","Bloodletting","Pummel"],"picked":"Singing Bowl","floor":11.0},{"not_picked":["Havoc","Thunderclap"],"picked":"Rampage","floor":13.0},{"not_picked":["Barricade","Offering"],"picked":"Juggernaut","floor":16.0},{"not_picked":["Pommel Strike","Power Through","Thunderclap"],"picked":"Singing Bowl","floor":18.0},{"not_picked":["Clothesline","Warcry"],"picked":"Hemokinesis","floor":19.0},{"not_picked":["Cleave","Intimidate","Entrench"],"picked":"Singing Bowl","floor":22.0},{"not_picked":["Sentinel","Cleave"],"picked":"Battle Trance","floor":23.0},{"not_picked":["Body Slam","Armaments"],"picked":"Barricade","floor":25.0},{"not_picked":["Clash","Wild Strike"],"picked":"Shrug It Off","floor":30.0},{"not_picked":["Dual Wield","Perfected Strike+1"],"picked":"Flame Barrier","floor":31.0},{"not_picked":["Bludgeon","Reaper"],"picked":"Demon Form+1","floor":33.0},{"not_picked":["Anger+1","Headbutt","Iron Wave+1"],"picked":"Singing Bowl","floor":35.0},{"not_picked":["Clash+1","Armaments"],"picked":"Shrug It Off","floor":38.0},{"not_picked":["Wild Strike","Warcry","Rage+1"],"picked":"Singing Bowl","floor":39.0},{"not_picked":["Spot Weakness+1","Perfected Strike"],"picked":"Metallicize+1","floor":41.0},{"not_picked":["Flash of Steel","Swift Strike"],"picked":"Purity","floor":45.0},{"not_picked":["Swift Strike","The Bomb","Secret Weapon"],"picked":"Singing Bowl","floor":45.0},{"not_picked":["Impatience","Secret Technique","Good Instincts"],"picked":"Singing Bowl","floor":45.0},{"not_picked":["Perfected Strike","Corruption+1"],"picked":"Body Slam+1","floor":46.0}],"player_experience":1374517,"relics_obtained":[{"floor":6.0,"key":"Self Forming Clay"},{"floor":9.0,"key":"Singing Bowl"},{"floor":11.0,"key":"The Courier"},{"floor":13.0,"key":"Pear"},{"floor":22.0,"key":"Red Mask"},{"floor":23.0,"key":"Oddly Smooth Stone"},{"floor":25.0,"key":"Frozen Egg 2"},{"floor":26.0,"key":"Bronze Scales"},{"floor":30.0,"key":"Happy Flower"},{"floor":46.0,"key":"Bottled Tornado"}],"event_choices":[{"damage_healed":0.0,"max_hp_gain":0.0,"max_hp_loss":0.0,"gold_gain":0.0,"event_name":"The Cleric","player_choice":"Leave","floor":3.0,"gold_loss":0.0,"damage_taken":0.0},{"damage_healed":0.0,"max_hp_gain":0.0,"max_hp_loss":0.0,"gold_gain":67.0,"event_name":"Golden Wing","player_choice":"Gained Gold","floor":12.0,"gold_loss":0.0,"damage_taken":0.0},{"damage_healed":0.0,"max_hp_gain":0.0,"max_hp_loss":45.0,"gold_gain":0.0,"event_name":"Ghosts","player_choice":"Became a Ghost","floor":21.0,"gold_loss":0.0,"damage_taken":0.0,"cards_obtained":["Ghostly","Ghostly","Ghostly"]},{"damage_healed":0.0,"max_hp_gain":0.0,"max_hp_loss":0.0,"gold_gain":0.0,"event_name":"Masked Bandits","player_choice":"Fought Bandits","floor":22.0,"gold_loss":0.0,"damage_taken":0.0},{"cards_removed":["Strike_R"],"damage_healed":0.0,"max_hp_gain":0.0,"max_hp_loss":0.0,"gold_gain":0.0,"event_name":"Beggar","player_choice":"Gave Gold","floor":27.0,"gold_loss":75.0,"damage_taken":0.0},{"cards_removed":["Combust"],"damage_healed":0.0,"max_hp_gain":0.0,"max_hp_loss":0.0,"gold_gain":0.0,"event_name":"Falling","player_choice":"Removed Power","floor":36.0,"gold_loss":0.0,"damage_taken":0.0},{"damage_healed":0.0,"max_hp_gain":0.0,"max_hp_loss":2.0,"gold_gain":0.0,"event_name":"Winding Halls","player_choice":"Max HP","floor":37.0,"gold_loss":0.0,"damage_taken":0.0},{"damage_healed":0.0,"max_hp_gain":0.0,"max_hp_loss":0.0,"gold_gain":0.0,"event_name":"SensoryStone","player_choice":"Memory 3","floor":45.0,"gold_loss":0.0,"damage_taken":10.0}],"is_beta":false,"boss_relics":[{"not_picked":["Orrery","Tiny House"],"picked":"Philosopher\u0027s Stone"},{"not_picked":["Black Star","Eternal Feather"],"picked":"Cursed Key"}],"items_purged_floors":[14,20],"is_endless":false,"potions_floor_spawned":[5,6,11,16,18,22,30,33,35,46],"killed_by":"Time Eater","ascension_level":20}