{"gold_per_floor":[110,129,148,148,36,36,70,70,96,45,45,73,53,73,73,73],"floor_reached":16,"playtime":509,"items_purged":["Strike_R"],"score":216,"play_id":"167722d2-99a4-42fa-9e7d-fefd491607fb","local_time":"20190702210128","is_ascension_mode":true,"campfire_choices":[{"data":"Bludgeon","floor":6.0,"key":"SMITH"},{"data":"Feel No Pain","floor":8.0,"key":"SMITH"},{"data":"Havoc","floor":15.0,"key":"SMITH"}],"neow_cost":"TEN_PERCENT_HP_LOSS","seed_source_timestamp":1039376617919800,"circlet_count":0,"master_deck":["AscendersBane","Strike_R","Strike_R","Strike_R","Strike_R","Defend_R","Defend_R","Defend_R","Defend_R","Bash","Bludgeon+1","Havoc+1","Thunderclap","Seeing Red","Feel No Pain+1","Clothesline","Pummel"],"special_seed":0,"relics":["Burning Blood","Oddly Smooth Stone","Vajra","Smiling Mask","Bag of Preparation"],"potions_floor_usage":[16],"damage_taken":[{"damage":7.0,"enemies":"Jaw Worm","floor":1.0,"turns":2.0},{"damage":7.0,"enemies":"Small Slimes","floor":2.0,"turns":3.0},{"damage":11.0,"enemies":"2 Louse","floor":3.0,"turns":4.0},{"damage":6.0,"enemies":"3 Sentries","floor":7.0,"turns":7.0},{"damage":24.0,"enemies":"Lagavulin","floor":12.0,"turns":6.0},{"damage":6.0,"enemies":"Lots of Slimes","floor":14.0,"turns":4.0},{"damage":38,"enemies":"The Guardian","floor":16,"turns":9}],"seed_played":"-8780587152871293792","potions_obtained":[{"floor":1.0,"key":"FearPotion"},{"floor":3.0,"key":"Swift Potion"},{"floor":12.0,"key":"Block Potion"}],"is_trial":false,"path_per_floor":["M","M","M","?","$","R","E","R","T","?","?","E","?","M","R","B"],"character_chosen":"IRONCLAD","items_purchased":["Feel No Pain"],"campfire_rested":0,"item_purchase_floors":[5],"current_hp_per_floor":[67,66,61,61,61,61,61,61,61,61,56,38,38,38,38,0],"gold":73,"neow_bonus":"THREE_RARE_CARDS","is_prod":false,"is_daily":false,"chose_seed":false,"campfire_upgraded":3,"win_rate":0,"timestamp":1562115688,"path_taken":["M","M","M","?","$","R","E","R","T","?","?","E","?","M","R","BOSS"],"build_version":"2019-07-01","purchased_purges":1,"victory":false,"max_hp_per_floor":[68,68,68,68,68,68,68,68,68,68,68,68,68,68,68,68],"card_choices":[{"not_picked":["Impervious","Barricade"],"picked":"Bludgeon","floor":0.0},{"not_picked":["Reckless Charge","Shrug It Off"],"picked":"Havoc","floor":1.0},{"not_picked":["Sword Boomerang","Heavy Blade"],"picked":"Thunderclap","floor":2.0},{"not_picked":["Shrug It Off","True Grit"],"picked":"Seeing Red","floor":3.0},{"not_picked":["Cleave","Body Slam"],"picked":"Clothesline","floor":7.0},{"not_picked":["Double Tap","Pommel Strike"],"picked":"Pummel","floor":12.0},{"not_picked":["Sword Boomerang","Clash","Perfected Strike"],"picked":"SKIP","floor":14.0}],"player_experience":1264082,"relics_obtained":[{"floor":7.0,"key":"Oddly Smooth Stone"},{"floor":9.0,"key":"Vajra"},{"floor":12.0,"key":"Bag of Preparation"}],"event_choices":[{"damage_healed":0.0,"max_hp_gain":0.0,"max_hp_loss":0.0,"gold_gain":0.0,"event_name":"The Cleric","player_choice":"Leave","floor":4.0,"gold_loss":0.0,"damage_taken":0.0},{"damage_healed":0.0,"max_hp_gain":0.0,"max_hp_loss":0.0,"gold_gain":0.0,"event_name":"World of Goop","player_choice":"Left Gold","floor":10.0,"gold_loss":51.0,"damage_taken":0.0},{"damage_healed":0.0,"max_hp_gain":0.0,"max_hp_loss":0.0,"gold_gain":0.0,"event_name":"Scrap Ooze","player_choice":"Success","floor":11.0,"gold_loss":0.0,"damage_taken":5.0,"relics_obtained":["Smiling Mask"]},{"damage_healed":0.0,"max_hp_gain":0.0,"max_hp_loss":0.0,"gold_gain":0.0,"event_name":"The Woman in Blue","player_choice":"Bought 1 Potion","floor":13.0,"gold_loss":0.0,"damage_taken":0.0}],"is_beta":false,"boss_relics":[],"items_purged_floors":[5],"is_endless":false,"potions_floor_spawned":[1,3,12],"killed_by":"The Guardian","ascension_level":20}