{"gold_per_floor":[118,118,130,1,17,17,17,33,33,33,62,12,40,40,40,139,139,152,38,38,48,48,48,67,67,67,96,111,26,54,68,68,163,163,174,174,174,174,193,219,219,219,219,52,69,69,100,120,120,120],"floor_reached":51,"playtime":2421,"items_purged":["Strike_B","Defend_B+1"],"score":851,"play_id":"49b4b71c-301a-4471-a40a-0a46aee59e61","local_time":"20190704012813","is_ascension_mode":false,"campfire_choices":[{"data":"Zap","floor":6,"key":"SMITH"},{"data":"Ball Lightning","floor":10,"key":"SMITH"},{"data":"White Noise","floor":15,"key":"SMITH"},{"data":"Coolheaded","floor":23,"key":"SMITH"},{"data":"Coolheaded","floor":32,"key":"SMITH"},{"data":"Metamorphosis","floor":41,"key":"SMITH"},{"floor":46,"key":"REST"},{"data":"Madness","floor":49,"key":"SMITH"}],"neow_cost":"NONE","seed_source_timestamp":1056058594142099,"circlet_count":0,"master_deck":["Defend_B+1","Zap+1","Dualcast","Compile Driver","Coolheaded+1","Coolheaded+1","Glacier","Chill","Ball Lightning+1","Self Repair+1","White Noise+1","Core Surge","Defragment+1","Doom and Gloom","Coolheaded+1","Storm+1","Defragment+1","Beam Cell+1","Echo Form+1","FTL","Secret Technique","Metamorphosis+1","Beam Cell","All For One","Madness","Madness+1","Defragment+1","Doom and Gloom+1","White Noise","Hologram+1"],"relics":["Cracked Core","Mummified Hand","Frozen Egg 2","Darkstone Periapt","Sozu","FaceOfCleric","Kunai","Lantern","Shuriken","Question Card","Cursed Key","Bottled Lightning","Sundial"],"potions_floor_usage":[16,16,50],"damage_taken":[{"damage":5,"enemies":"Small Slimes","floor":1,"turns":4},{"damage":0,"enemies":"2 Louse","floor":3,"turns":3},{"damage":0,"enemies":"Cultist","floor":5,"turns":4},{"damage":0,"enemies":"Red Slaver","floor":8,"turns":4},{"damage":0,"enemies":"3 Sentries","floor":11,"turns":9},{"damage":23,"enemies":"Gremlin Nob","floor":13,"turns":5},{"damage":19,"enemies":"Hexaghost","floor":16,"turns":16},{"damage":0,"enemies":"3 Byrds","floor":18,"turns":3},{"damage":6,"enemies":"2 Thieves","floor":21,"turns":3},{"damage":0,"enemies":"Chosen and Byrds","floor":24,"turns":4},{"damage":3,"enemies":"Book of Stabbing","floor":27,"turns":6},{"damage":2,"enemies":"Centurion and Healer","floor":28,"turns":2},{"damage":0,"enemies":"Slavers","floor":30,"turns":3},{"damage":0,"enemies":"Shelled Parasite and Fungi","floor":31,"turns":4},{"damage":3,"enemies":"Automaton","floor":33,"turns":9},{"damage":0,"enemies":"3 Shapes","floor":35,"turns":3},{"damage":2,"enemies":"3 Darklings","floor":39,"turns":6},{"damage":0,"enemies":"Giant Head","floor":40,"turns":5},{"damage":28,"enemies":"Writhing Mass","floor":45,"turns":4},{"damage":11,"enemies":"Reptomancer","floor":47,"turns":4},{"damage":0,"enemies":"4 Shapes","floor":48,"turns":3},{"damage":3,"enemies":"Awakened One","floor":50,"turns":5}],"seed_played":"-4725332472214943335","potions_obtained":[{"floor":8,"key":"GamblersBrew"},{"floor":11,"key":"SpeedPotion"},{"floor":16,"key":"Energy Potion"}],"is_trial":false,"path_per_floor":["M","?","M","$","M","R","?","M","T","R","E","?","E","?","R","B",null,"M","$","?","M","?","R","M","$","T","E","M","?","E","M","R","B",null,"M","?","?","?","M","E","R","?","T","$","M","R","E","M","R","B",null],"character_chosen":"DEFECT","items_purchased":["Glacier","Fire Potion","Doom and Gloom","Defragment+1"],"campfire_rested":1,"item_purchase_floors":[4,4,19,44],"current_hp_per_floor":[70,55,55,55,55,55,48,48,48,48,48,48,35,35,35,26,75,75,75,75,76,76,76,77,77,77,78,79,79,80,81,81,82,82,83,73,73,73,84,85,85,74,74,74,47,72,72,73,73,81],"gold":120,"neow_bonus":"THREE_CARDS","is_prod":false,"is_daily":false,"chose_seed":false,"campfire_upgraded":7,"win_rate":0,"timestamp":1562171293,"path_taken":["M","?","M","$","M","R","?","M","T","R","E","?","E","?","R","BOSS","M","$","?","?","?","R","M","$","T","E","M","?","E","M","R","BOSS","M","?","?","?","M","E","R","?","T","$","M","R","E","M","R","BOSS"],"build_version":"2019-07-01","purchased_purges":2,"victory":true,"max_hp_per_floor":[75,75,75,75,75,75,75,75,75,75,75,75,75,75,75,75,75,75,75,75,76,76,76,77,77,77,78,79,79,80,81,81,82,82,83,83,83,83,84,85,85,85,85,85,86,86,87,88,88,89],"card_choices":[{"not_picked":["Reprogram","Coolheaded"],"picked":"Compile Driver","floor":0},{"not_picked":["Beam Cell","Redo"],"picked":"Coolheaded","floor":1},{"not_picked":["Cold Snap","Stack"],"picked":"Coolheaded","floor":3},{"not_picked":["Steam Power","Turbo"],"picked":"Chill","floor":5},{"not_picked":["White Noise","Leap"],"picked":"Ball Lightning","floor":8},{"not_picked":["Compile Driver","Force Field"],"picked":"Self Repair","floor":11},{"not_picked":["Ball Lightning","Rainbow"],"picked":"White Noise","floor":13},{"not_picked":["Reboot","Rainbow"],"picked":"Core Surge","floor":16},{"not_picked":["Turbo+1","Beam Cell"],"picked":"Defragment+1","floor":18},{"not_picked":["Recycle","Tempest+1"],"picked":"Coolheaded+1","floor":21},{"not_picked":["Sweeping Beam","Leap","Gash"],"picked":"SKIP","floor":24},{"not_picked":["Cold Snap+1","Static Discharge+1"],"picked":"Defragment+1","floor":27},{"not_picked":["Conserve Battery","Beam Cell","Skim"],"picked":"SKIP","floor":28},{"not_picked":["Stack+1","Reprogram"],"picked":"Beam Cell+1","floor":30},{"not_picked":["Reprogram","Turbo","Steam","Barrage"],"picked":"SKIP","floor":31},{"not_picked":["Rainbow","Reboot","Machine Learning+1"],"picked":"Echo Form+1","floor":33},{"not_picked":["Streamline","Steam Power+1","Recycle"],"picked":"FTL","floor":35},{"not_picked":["Blind","Trip","Sadistic Nature+1"],"picked":"Secret Technique","floor":36},{"not_picked":["Discovery","Bandage Up","Trip"],"picked":"Metamorphosis","floor":36},{"not_picked":["Skim+1","Stack","Steam"],"picked":"Beam Cell","floor":39},{"not_picked":["Cold Snap+1","Rebound+1","Static Discharge+1"],"picked":"All For One","floor":40},{"not_picked":["Gash","Go for the Eyes","Coolheaded"],"picked":"Doom and Gloom+1","floor":45},{"not_picked":["Coolheaded","Sweeping Beam+1","Compile Driver+1"],"picked":"White Noise","floor":47},{"not_picked":["Coolheaded","Steam","BootSequence+1"],"picked":"Hologram+1","floor":48}],"player_experience":29081,"relics_obtained":[{"floor":9,"key":"Mummified Hand"},{"floor":11,"key":"Frozen Egg 2"},{"floor":13,"key":"Darkstone Periapt"},{"floor":26,"key":"Kunai"},{"floor":27,"key":"Lantern"},{"floor":30,"key":"Question Card"},{"floor":40,"key":"Bottled Lightning"},{"floor":47,"key":"Sundial"}],"event_choices":[{"damage_healed":0,"gold_gain":0,"player_choice":"Entered Light","damage_taken":15,"max_hp_gain":0,"max_hp_loss":0,"event_name":"Shining Light","floor":2,"gold_loss":0,"cards_upgraded":["Defend_B","Defend_B"]},{"cards_removed":["Strike_B"],"damage_healed":0,"gold_gain":0,"player_choice":"Card Removal","damage_taken":7,"max_hp_gain":0,"max_hp_loss":0,"event_name":"Golden Wing","floor":7,"gold_loss":0},{"cards_removed":["Strike_B"],"damage_healed":0,"gold_gain":0,"player_choice":"Card Removal","damage_taken":0,"max_hp_gain":0,"max_hp_loss":0,"event_name":"The Cleric","floor":12,"gold_loss":50},{"cards_removed":["Strike_B"],"damage_healed":0,"gold_gain":0,"player_choice":"Purged","damage_taken":0,"max_hp_gain":0,"max_hp_loss":0,"event_name":"Purifier","floor":14,"gold_loss":0},{"damage_healed":0,"gold_gain":0,"player_choice":"Trade","damage_taken":0,"relics_obtained":["FaceOfCleric"],"max_hp_gain":0,"max_hp_loss":0,"event_name":"FaceTrader","floor":20,"gold_loss":0},{"damage_healed":0,"gold_gain":0,"cards_transformed":["Defend_B","Defend_B"],"player_choice":"Became Test Subject","damage_taken":0,"max_hp_gain":0,"max_hp_loss":0,"event_name":"Drug Dealer","floor":22,"gold_loss":0,"cards_obtained":["Rip and Tear","Storm"]},{"damage_healed":0,"gold_gain":0,"player_choice":"Obtained Relic","damage_taken":0,"relics_obtained":["Shuriken"],"max_hp_gain":0,"max_hp_loss":0,"event_name":"Addict","floor":29,"gold_loss":85},{"damage_healed":0,"gold_gain":0,"player_choice":"Memory 3","damage_taken":10,"max_hp_gain":0,"max_hp_loss":0,"event_name":"SensoryStone","floor":36,"gold_loss":0},{"cards_removed":["Rip and Tear"],"damage_healed":0,"gold_gain":0,"player_choice":"Removed Attack","damage_taken":0,"max_hp_gain":0,"max_hp_loss":0,"event_name":"Falling","floor":37,"gold_loss":0},{"damage_healed":0,"gold_gain":0,"player_choice":"Ignored","damage_taken":0,"max_hp_gain":0,"max_hp_loss":0,"event_name":"Tomb of Lord Red Mask","floor":38,"gold_loss":0},{"damage_healed":0,"gold_gain":0,"player_choice":"Embrace Madness","damage_taken":11,"max_hp_gain":0,"max_hp_loss":0,"event_name":"Winding Halls","floor":42,"gold_loss":0,"cards_obtained":["Madness","Madness"]}],"is_beta":false,"boss_relics":[{"not_picked":["Lizard Tail","Calling Bell"],"picked":"Sozu"},{"not_picked":["Tiny House","Philosopher\u0027s Stone"],"picked":"Cursed Key"}],"items_purged_floors":[19,44],"is_endless":false,"potions_floor_spawned":[8,11,16,21,24,28,35,45],"ascension_level":0}