{"gold_per_floor":[109,120,195,44,44,69,89,89,89,120,138,173,173,506,506,506],"floor_reached":16,"playtime":605,"items_purged":["Strike_R"],"score":256,"play_id":"4429dbca-b32d-4081-9e70-b6ccfc018559","local_time":"20190829194707","is_ascension_mode":true,"campfire_choices":[{"data":"Bash","floor":8.0,"key":"SMITH"},{"data":"Double Tap","floor":13.0,"key":"SMITH"},{"data":"Hemokinesis","floor":15.0,"key":"SMITH"}],"neow_cost":"NONE","seed_source_timestamp":43048975870800,"circlet_count":0,"master_deck":["AscendersBane","Strike_R","Strike_R","Strike_R","Strike_R","Defend_R","Defend_R","Defend_R","Defend_R","Bash+1","Hemokinesis+1","Thunderclap","Combust","Second Wind","Pommel Strike","Double Tap+1","Rupture"],"special_seed":0,"relics":["Burning Blood","Regal Pillow","Meat on the Bone","Champion Belt","Anchor","Darkstone Periapt","The Courier","Old Coin"],"potions_floor_usage":[16],"damage_taken":[{"damage":1.0,"enemies":"Cultist","floor":1.0,"turns":3.0},{"damage":13.0,"enemies":"Small Slimes","floor":2.0,"turns":3.0},{"damage":39.0,"enemies":"Lagavulin","floor":6.0,"turns":6.0},{"damage":3.0,"enemies":"Jaw Worm","floor":7.0,"turns":3.0},{"damage":20.0,"enemies":"3 Sentries","floor":10.0,"turns":6.0},{"damage":3.0,"enemies":"Exordium Wildlife","floor":11.0,"turns":5.0},{"damage":35.0,"enemies":"Lagavulin","floor":12.0,"turns":6.0},{"damage":12.0,"enemies":"3 Sentries","floor":14.0,"turns":6.0},{"damage":40,"enemies":"The Guardian","floor":16,"turns":10}],"seed_played":"-6901800109067567621","potions_obtained":[{"floor":2.0,"key":"Strength Potion"},{"floor":6.0,"key":"Block Potion"},{"floor":10.0,"key":"Energy Potion"},{"floor":12.0,"key":"Energy Potion"},{"floor":14.0,"key":"Strength Potion"}],"is_trial":false,"path_per_floor":["M","M","?","$","?","E","M","R","T","E","M","E","R","E","R","B"],"character_chosen":"IRONCLAD","items_purchased":["Combust"],"campfire_rested":0,"item_purchase_floors":[4],"current_hp_per_floor":[73,66,55,55,44,23,38,38,38,36,51,34,34,40,40,0],"gold":506,"neow_bonus":"RANDOM_COMMON_RELIC","is_prod":false,"is_daily":false,"chose_seed":false,"campfire_upgraded":3,"win_rate":0,"timestamp":1567122427,"path_taken":["M","M","?","$","?","E","M","R","T","E","M","E","R","E","R","BOSS"],"build_version":"2019-07-17","purchased_purges":1,"victory":false,"max_hp_per_floor":[75,75,75,75,75,75,75,75,75,75,75,75,75,75,75,75],"card_choices":[{"not_picked":["Twin Strike","Corruption"],"picked":"Hemokinesis","floor":1.0},{"not_picked":["Battle Trance","Entrench"],"picked":"Thunderclap","floor":2.0},{"not_picked":["Sever Soul","Iron Wave"],"picked":"Second Wind","floor":6.0},{"not_picked":["Combust","Entrench","Thunderclap"],"picked":"SKIP","floor":7.0},{"not_picked":["Entrench","Dual Wield","Evolve"],"picked":"SKIP","floor":10.0},{"not_picked":["Dropkick","Battle Trance"],"picked":"Pommel Strike","floor":11.0},{"not_picked":["Thunderclap","Heavy Blade"],"picked":"Double Tap","floor":12.0},{"not_picked":["True Grit","Clothesline"],"picked":"Rupture","floor":14.0}],"player_experience":1522939,"relics_obtained":[{"floor":6.0,"key":"Champion Belt"},{"floor":9.0,"key":"Anchor"},{"floor":10.0,"key":"Darkstone Periapt"},{"floor":12.0,"key":"The Courier"},{"floor":14.0,"key":"Old Coin"}],"event_choices":[{"damage_healed":0.0,"max_hp_gain":0.0,"max_hp_loss":0.0,"gold_gain":75.0,"event_name":"World of Goop","player_choice":"Gather Gold","floor":3.0,"gold_loss":0.0,"damage_taken":11.0},{"damage_healed":0.0,"max_hp_gain":0.0,"max_hp_loss":0.0,"gold_gain":0.0,"event_name":"Scrap Ooze","player_choice":"Success","floor":5.0,"gold_loss":0.0,"damage_taken":11.0,"relics_obtained":["Meat on the Bone"]}],"is_beta":false,"boss_relics":[],"items_purged_floors":[4],"is_endless":false,"potions_floor_spawned":[2,6,10,12,14],"killed_by":"The Guardian","ascension_level":20}