{"gold_per_floor":[119,137,155,170,181,181,191,219,219,219,247,247,247,247,247,352,352,369,385,37,49,69,103,103,103,130,149,149,160,177,196,196,292,292,309,2,2,16,35,35,49,49,49,61,61,75,94,44,44,44],"floor_reached":51,"playtime":2200,"items_purged":["Strike_B","Strike_B"],"score":777,"play_id":"11181765-19e3-47b7-a321-e2a9bcda5285","local_time":"20190706113233","is_ascension_mode":false,"campfire_choices":[{"data":"Doom and Gloom","floor":6.0,"key":"SMITH"},{"floor":10.0,"key":"REST"},{"data":"Loop","floor":12.0,"key":"SMITH"},{"data":"Stack","floor":15.0,"key":"SMITH"},{"data":"Creative AI","floor":24,"key":"SMITH"},{"data":"The Bomb","floor":28,"key":"SMITH"},{"floor":32,"key":"REST"},{"floor":40,"key":"REST"},{"data":"Zap","floor":45,"key":"SMITH"},{"floor":49,"key":"REST"}],"neow_cost":"NONE","seed_source_timestamp":1265235549076582,"circlet_count":0,"master_deck":["Strike_B+1","Strike_B+1","Defend_B","Defend_B","Defend_B","Defend_B","Zap+1","Dualcast+1","Doom and Gloom+1","Loop+1","Chill","Loop+1","Ball Lightning","Core Surge","Defragment+1","Stack+1","Creative AI+1","Sweeping Beam+1","Cold Snap","The Bomb+1","Cold Snap+1","Conserve Battery","Coolheaded","Lockon+1","Auto Shields+1"],"special_seed":0,"relics":["FrozenCore","Whetstone","Odd Mushroom","Bottled Lightning","Mango","Busted Crown","Bronze Scales","Smiling Mask","Potion Belt","Pear"],"potions_floor_usage":[23,33,33,50,50,50,50],"damage_taken":[{"damage":0.0,"enemies":"2 Louse","floor":1.0,"turns":2.0},{"damage":11.0,"enemies":"Jaw Worm","floor":2.0,"turns":3.0},{"damage":0.0,"enemies":"Small Slimes","floor":3.0,"turns":2.0},{"damage":13.0,"enemies":"Red Slaver","floor":4.0,"turns":2.0},{"damage":10.0,"enemies":"3 Louse","floor":5.0,"turns":3.0},{"damage":11.0,"enemies":"Exordium Wildlife","floor":7.0,"turns":3.0},{"damage":17.0,"enemies":"The Mushroom Lair","floor":8.0,"turns":3.0},{"damage":17.0,"enemies":"Lagavulin","floor":11.0,"turns":5.0},{"damage":1.0,"enemies":"Hexaghost","floor":16.0,"turns":8.0},{"damage":17.0,"enemies":"2 Thieves","floor":18.0,"turns":5.0},{"damage":0.0,"enemies":"3 Byrds","floor":19.0,"turns":5.0},{"damage":1.0,"enemies":"3 Cultists","floor":21.0,"turns":5.0},{"damage":20.0,"enemies":"Sentry and Sphere","floor":22.0,"turns":4.0},{"damage":25,"enemies":"Book of Stabbing","floor":23,"turns":5},{"damage":0,"enemies":"Snecko","floor":27,"turns":6},{"damage":16,"enemies":"Snake Plant","floor":29,"turns":5},{"damage":0,"enemies":"Sentry and Sphere","floor":30,"turns":6},{"damage":4,"enemies":"Snecko","floor":31,"turns":6},{"damage":7,"enemies":"Collector","floor":33,"turns":6},{"damage":14,"enemies":"Orb Walker","floor":35,"turns":5},{"damage":16,"enemies":"3 Darklings","floor":38,"turns":5},{"damage":20,"enemies":"Spire Growth","floor":39,"turns":5},{"damage":0,"enemies":"Sphere and 2 Shapes","floor":41,"turns":3},{"damage":7,"enemies":"Writhing Mass","floor":44,"turns":6},{"damage":17,"enemies":"Transient","floor":46,"turns":5},{"damage":19,"enemies":"Spire Growth","floor":47,"turns":6},{"damage":0,"enemies":"Time Eater","floor":50,"turns":12}],"seed_played":"-6647346685936322545","potions_obtained":[{"floor":1.0,"key":"Regen Potion"},{"floor":4.0,"key":"FearPotion"},{"floor":5.0,"key":"Dexterity Potion"},{"floor":8.0,"key":"Weak Potion"},{"floor":11.0,"key":"LiquidBronze"},{"floor":22.0,"key":"Poison Potion"},{"floor":27,"key":"Fire Potion"},{"floor":35,"key":"Energy Potion"},{"floor":39,"key":"FocusPotion"},{"floor":46,"key":"SteroidPotion"}],"is_trial":false,"path_per_floor":["M","M","M","M","M","R","M","?","T","R","E","R","?","?","R","B",null,"M","M","$","M","M","E","R","?","T","M","R","M","M","M","R","B",null,"M","$","?","M","M","R","M","?","T","M","R","M","M","$","R","B",null],"character_chosen":"DEFECT","items_purchased":["Cold Snap","The Bomb","FocusPotion","PowerPotion","Coolheaded","Potion Belt","PowerPotion"],"campfire_rested":4,"item_purchase_floors":[20,20,20,36,36,36,48],"current_hp_per_floor":[75,64,64,51,41,41,30,13,13,35,32,32,37,18,18,17,94,77,77,77,76,56,31,31,31,31,31,31,15,15,11,39,32,94,80,80,80,64,44,70,70,70,80,73,73,56,37,37,66,66],"gold":44,"neow_bonus":"RANDOM_COMMON_RELIC","is_prod":false,"is_daily":false,"chose_seed":false,"campfire_upgraded":6,"win_rate":0,"timestamp":1562380353,"path_taken":["M","M","M","M","M","R","M","?","T","R","E","R","?","?","R","BOSS","M","M","$","M","M","E","R","?","T","?","R","M","M","M","R","BOSS","M","$","?","M","M","R","M","?","T","M","R","M","M","?","R","BOSS"],"build_version":"2019-07-05","purchased_purges":2,"victory":true,"max_hp_per_floor":[75,75,75,75,75,75,75,75,75,75,89,89,94,94,94,94,94,94,94,94,94,94,94,94,94,94,94,94,94,94,94,94,94,94,94,94,89,89,89,89,89,89,99,99,99,99,99,99,99,99],"card_choices":[{"not_picked":["Compile Driver","Go for the Eyes"],"picked":"Doom and Gloom","floor":1.0},{"not_picked":["Chill","Self Repair"],"picked":"Loop","floor":2.0},{"not_picked":["Sweeping Beam","Turbo"],"picked":"Chill","floor":3.0},{"not_picked":["Lockon","Stack"],"picked":"Loop","floor":4.0},{"not_picked":["Darkness","Go for the Eyes"],"picked":"Ball Lightning","floor":5.0},{"not_picked":["Stack","Beam Cell"],"picked":"Core Surge","floor":7.0},{"not_picked":["Redo","Hologram"],"picked":"Defragment","floor":8.0},{"not_picked":["Turbo","Go for the Eyes"],"picked":"Stack","floor":11.0},{"not_picked":["Hyperbeam","Core Surge"],"picked":"Creative AI","floor":16.0},{"not_picked":["Sweeping Beam"],"picked":"SKIP","floor":18.0},{"not_picked":[],"picked":"Sweeping Beam+1","floor":19.0},{"not_picked":[],"picked":"Cold Snap+1","floor":21.0},{"not_picked":["Hello World"],"picked":"SKIP","floor":22.0},{"not_picked":["Cold Snap+1"],"picked":"SKIP","floor":23},{"not_picked":["Blizzard"],"picked":"SKIP","floor":27},{"not_picked":[],"picked":"Conserve Battery","floor":29},{"not_picked":["Gash+1"],"picked":"SKIP","floor":30},{"not_picked":["Cold Snap"],"picked":"SKIP","floor":31},{"not_picked":["Cold Snap"],"picked":"SKIP","floor":31},{"not_picked":["Steam Power"],"picked":"SKIP","floor":35},{"not_picked":["Streamline"],"picked":"SKIP","floor":38},{"not_picked":["Beam Cell+1"],"picked":"SKIP","floor":39},{"not_picked":[],"picked":"Lockon+1","floor":41},{"not_picked":["Streamline"],"picked":"SKIP","floor":44},{"not_picked":[],"picked":"Auto Shields+1","floor":46},{"not_picked":["Blizzard+1"],"picked":"SKIP","floor":47}],"player_experience":36248,"relics_obtained":[{"floor":8.0,"key":"Odd Mushroom"},{"floor":9.0,"key":"Bottled Lightning"},{"floor":11.0,"key":"Mango"},{"floor":23,"key":"Bronze Scales"},{"floor":26,"key":"Smiling Mask"},{"floor":43,"key":"Pear"}],"event_choices":[{"damage_healed":0.0,"max_hp_gain":0.0,"max_hp_loss":0.0,"gold_gain":0.0,"event_name":"Mushrooms","player_choice":"Fought Mushrooms","floor":8.0,"gold_loss":0.0,"damage_taken":0.0},{"damage_healed":0.0,"max_hp_gain":5.0,"max_hp_loss":0.0,"gold_gain":0.0,"event_name":"Big Fish","player_choice":"Donut","floor":13.0,"gold_loss":0.0,"damage_taken":0.0},{"damage_healed":0.0,"max_hp_gain":0.0,"max_hp_loss":0.0,"gold_gain":0.0,"event_name":"Shining Light","player_choice":"Entered Light","floor":14.0,"gold_loss":0.0,"damage_taken":19.0,"cards_upgraded":["Dualcast","Loop"]},{"damage_healed":0,"gold_gain":0,"player_choice":"Forge","damage_taken":0,"max_hp_gain":0,"max_hp_loss":0,"event_name":"Accursed Blacksmith","floor":25,"gold_loss":0,"cards_upgraded":["Defragment"]},{"damage_healed":0,"gold_gain":0,"player_choice":"Max HP","damage_taken":0,"max_hp_gain":0,"max_hp_loss":5,"event_name":"Winding Halls","floor":37,"gold_loss":0},{"damage_healed":0,"gold_gain":0,"player_choice":"Memory 1","damage_taken":0,"max_hp_gain":0,"max_hp_loss":0,"event_name":"SensoryStone","floor":42,"gold_loss":0}],"is_beta":false,"boss_relics":[{"not_picked":["Nuclear Battery","Tiny House"],"picked":"Busted Crown"},{"not_picked":["Runic Dome","Lizard Tail"],"picked":"FrozenCore"}],"items_purged_floors":[20,36],"is_endless":false,"potions_floor_spawned":[1,4,5,8,11,22,27,29,31,35,39,46,47],"ascension_level":0}