{"gold_per_floor":[112,112,128,53,53,53,128,78,78,91,116,116,144,162,162,264,264,264,264,264,164,164,164,164,79,79,79,79,79,79,79,79,79,79,79,79,79,40,40,40,40,40,40,40,40,40,40,40,40,40],"floor_reached":51,"playtime":2007,"items_purged":["Strike_B","Strike_B"],"score":720,"play_id":"e42e63a8-4aa4-432b-8348-32d59748751b","local_time":"20190825125551","is_ascension_mode":false,"campfire_choices":[{"data":"Biased Cognition","floor":6.0,"key":"SMITH"},{"floor":12.0,"key":"REST"},{"data":"Blizzard","floor":15.0,"key":"SMITH"},{"data":"Electrodynamics","floor":24.0,"key":"SMITH"},{"floor":28.0,"key":"REST"},{"data":"Zap","floor":32.0,"key":"SMITH"},{"data":"Buffer","floor":40,"key":"SMITH"},{"data":"Glacier","floor":44,"key":"SMITH"},{"data":"Glacier","floor":49,"key":"SMITH"}],"neow_cost":"NONE","seed_source_timestamp":15921367453900,"circlet_count":0,"master_deck":["Zap+1","Biased Cognition+1","Cold Snap","BootSequence","Glacier+1","Blizzard+1","Glacier+1","Electrodynamics+1","Gash","Gash","Seek+1","Tempest+1","All For One","Core Surge","Beam Cell","Seek+1","Buffer+1","Glacier+1","Chaos+1","Redo+1","White Noise+1","Gash+1"],"special_seed":0,"relics":["Cracked Core","Bag of Preparation","Pantograph","Matryoshka","Meat on the Bone","Ectoplasm","Pen Nib","Ancient Tea Set","Juzu Bracelet","Toxic Egg 2","Bronze Scales","Pandora\u0027s Box","Torii","Omamori","Pear"],"potions_floor_usage":[50],"damage_taken":[{"damage":1.0,"enemies":"Cultist","floor":1.0,"turns":3.0},{"damage":1.0,"enemies":"2 Louse","floor":3.0,"turns":3.0},{"damage":0.0,"enemies":"Jaw Worm","floor":10.0,"turns":2.0},{"damage":7.0,"enemies":"3 Sentries","floor":11.0,"turns":7.0},{"damage":5.0,"enemies":"Lagavulin","floor":13.0,"turns":6.0},{"damage":0.0,"enemies":"Large Slime","floor":14.0,"turns":7.0},{"damage":14.0,"enemies":"The Guardian","floor":16.0,"turns":14.0},{"damage":2.0,"enemies":"Shell Parasite","floor":18.0,"turns":4.0},{"damage":0.0,"enemies":"Chosen","floor":20.0,"turns":4.0},{"damage":13.0,"enemies":"Slavers","floor":23.0,"turns":3.0},{"damage":41.0,"enemies":"Gremlin Leader","floor":27.0,"turns":6.0},{"damage":0.0,"enemies":"Shelled Parasite and Fungi","floor":30.0,"turns":2.0},{"damage":0.0,"enemies":"Chosen and Byrds","floor":31.0,"turns":5.0},{"damage":32,"enemies":"Automaton","floor":33,"turns":8},{"damage":0,"enemies":"3 Shapes","floor":35,"turns":2},{"damage":16,"enemies":"Mind Bloom Boss Battle","floor":36,"turns":6},{"damage":0,"enemies":"3 Darklings","floor":39,"turns":2},{"damage":0,"enemies":"Sphere and 2 Shapes","floor":41,"turns":2},{"damage":0,"enemies":"Writhing Mass","floor":42,"turns":4},{"damage":0,"enemies":"Jaw Worm Horde","floor":45,"turns":1},{"damage":0,"enemies":"3 Darklings","floor":47,"turns":2},{"damage":0,"enemies":"Maw","floor":48,"turns":6},{"damage":21,"enemies":"Time Eater","floor":50,"turns":9}],"seed_played":"-4206883659439883964","potions_obtained":[{"floor":3.0,"key":"Explosive Potion"},{"floor":13.0,"key":"GamblersBrew"},{"floor":16.0,"key":"FearPotion"},{"floor":20.0,"key":"Fruit Juice"},{"floor":31.0,"key":"LiquidBronze"}],"is_trial":false,"path_per_floor":["M","?","M","$","?","R","?","?","T","M","E","R","E","M","R","B",null,"M","?","M","$","?","E","R","?","T","E","R","$","M","M","R","B",null,"M","?","?","$","M","R","M","M","T","R","M","?","M","M","R","B",null],"character_chosen":"DEFECT","items_purchased":["Chaos+1"],"campfire_rested":2,"item_purchase_floors":[38],"current_hp_per_floor":[74,79,78,78,60,60,49,49,49,49,42,66,61,61,61,66,80,78,78,78,78,78,65,65,65,65,36,60,60,60,65,65,53,85,85,69,69,69,69,69,69,69,79,79,79,79,79,79,79,70],"gold":40,"neow_bonus":"ONE_RANDOM_RARE_CARD","is_prod":false,"is_daily":false,"chose_seed":false,"campfire_upgraded":7,"win_rate":0,"timestamp":1566730551,"path_taken":["M","?","M","$","?","R","?","?","T","?","E","R","E","M","R","BOSS","M","?","M","$","?","E","R","?","T","E","R","?","M","M","R","BOSS","M","?","?","$","M","R","M","M","T","R","M","?","M","M","R","BOSS"],"build_version":"2019-07-17","purchased_purges":2,"victory":true,"max_hp_per_floor":[75,80,80,80,80,80,80,80,80,80,80,80,80,80,80,80,80,80,80,80,80,80,80,80,80,80,80,80,80,80,85,85,85,85,85,85,81,81,81,81,81,81,91,91,91,91,91,91,91,91],"card_choices":[{"not_picked":["Redo","Tempest"],"picked":"Cold Snap","floor":1.0},{"not_picked":["Rip and Tear","Sweeping Beam"],"picked":"BootSequence","floor":3.0},{"not_picked":["Aggregate","Hello World","Stack"],"picked":"SKIP","floor":10.0},{"not_picked":["White Noise","Beam Cell"],"picked":"Glacier","floor":11.0},{"not_picked":["Doom and Gloom","Streamline"],"picked":"Blizzard","floor":13.0},{"not_picked":["Sweeping Beam","Cold Snap"],"picked":"Glacier","floor":14.0},{"not_picked":["Hyperbeam","Meteor Strike"],"picked":"Electrodynamics","floor":16.0},{"not_picked":["Streamline+1","Hello World"],"picked":"Gash","floor":18.0},{"not_picked":["Coolheaded","Storm","Scrape"],"picked":"SKIP","floor":20.0},{"not_picked":["Beam Cell","Leap+1"],"picked":"Gash","floor":23.0},{"not_picked":["Skim+1","Chill+1"],"picked":"Seek+1","floor":27.0},{"not_picked":["Coolheaded+1","Leap+1","Beam Cell"],"picked":"SKIP","floor":30.0},{"not_picked":["Coolheaded+1","Streamline"],"picked":"Tempest+1","floor":31.0},{"not_picked":["Hyperbeam","Multi-Cast+1"],"picked":"All For One","floor":33},{"not_picked":["Leap+1","Rip and Tear","Hologram+1"],"picked":"SKIP","floor":35},{"not_picked":["Stack+1","Hologram+1"],"picked":"Glacier+1","floor":36},{"not_picked":["Rip and Tear+1","Beam Cell","Undo+1"],"picked":"SKIP","floor":39},{"not_picked":["Glacier+1","Beam Cell+1"],"picked":"Redo+1","floor":41},{"not_picked":["Compile Driver+1","Beam Cell"],"picked":"White Noise+1","floor":42},{"not_picked":["Echo Form","Coolheaded+1","Conserve Battery+1"],"picked":"SKIP","floor":45},{"not_picked":["Recycle+1","Undo+1"],"picked":"Gash+1","floor":47},{"not_picked":["Steam+1","Leap+1","Hologram+1"],"picked":"SKIP","floor":48}],"player_experience":365250,"relics_obtained":[{"floor":9.0,"key":"Pantograph"},{"floor":11.0,"key":"Matryoshka"},{"floor":13.0,"key":"Meat on the Bone"},{"floor":23.0,"key":"Pen Nib"},{"floor":26.0,"key":"Juzu Bracelet"},{"floor":26.0,"key":"Toxic Egg 2"},{"floor":27.0,"key":"Bronze Scales"},{"floor":36,"key":"Torii"},{"floor":43,"key":"Omamori"},{"floor":43,"key":"Pear"}],"event_choices":[{"damage_healed":0.0,"max_hp_gain":5.0,"max_hp_loss":0.0,"gold_gain":0.0,"event_name":"Big Fish","player_choice":"Donut","floor":2.0,"gold_loss":0.0,"damage_taken":0.0},{"damage_healed":0.0,"max_hp_gain":0.0,"max_hp_loss":0.0,"gold_gain":0.0,"event_name":"Scrap Ooze","player_choice":"Success","floor":5.0,"gold_loss":0.0,"damage_taken":18.0,"relics_obtained":["Bag of Preparation"]},{"damage_healed":0.0,"max_hp_gain":0.0,"max_hp_loss":0.0,"gold_gain":75.0,"event_name":"World of Goop","player_choice":"Gather Gold","floor":7.0,"gold_loss":0.0,"damage_taken":11.0},{"cards_removed":["Defend_B"],"damage_healed":0.0,"max_hp_gain":0.0,"max_hp_loss":0.0,"gold_gain":0.0,"event_name":"The Cleric","player_choice":"Card Removal","floor":8.0,"gold_loss":50.0,"damage_taken":0.0},{"damage_healed":0.0,"max_hp_gain":0.0,"max_hp_loss":0.0,"gold_gain":0.0,"event_name":"The Mausoleum","player_choice":"Ignored","floor":19.0,"gold_loss":0.0,"damage_taken":0.0},{"cards_removed":["Strike_B"],"damage_healed":0.0,"max_hp_gain":0.0,"max_hp_loss":0.0,"gold_gain":0.0,"event_name":"Back to Basics","player_choice":"Elegance","floor":22.0,"gold_loss":0.0,"damage_taken":0.0},{"damage_healed":0.0,"max_hp_gain":0.0,"max_hp_loss":0.0,"gold_gain":0.0,"event_name":"Addict","player_choice":"Obtained Relic","floor":25.0,"gold_loss":85.0,"damage_taken":0.0,"relics_obtained":["Ancient Tea Set"]},{"damage_healed":0,"gold_gain":0,"player_choice":"Fight","damage_taken":0,"max_hp_gain":0,"max_hp_loss":0,"event_name":"MindBloom","floor":36,"gold_loss":0},{"damage_healed":0,"gold_gain":0,"player_choice":"Max HP","damage_taken":0,"max_hp_gain":0,"max_hp_loss":4,"event_name":"Winding Halls","floor":37,"gold_loss":0},{"cards_removed":["Dualcast"],"damage_healed":0,"gold_gain":0,"player_choice":"Purged","damage_taken":0,"max_hp_gain":0,"max_hp_loss":0,"event_name":"Purifier","floor":46,"gold_loss":0}],"is_beta":false,"boss_relics":[{"not_picked":["Fusion Hammer","Lizard Tail"],"picked":"Ectoplasm"},{"not_picked":["Philosopher\u0027s Stone","Tiny House"],"picked":"Pandora\u0027s Box"}],"items_purged_floors":[4,21],"is_endless":false,"potions_floor_spawned":[3,13,16,20,31,39,41,42,47],"ascension_level":0}