{"gold_per_floor":[112,30,30,49,67,95,95,121,121,149,149,179,197,197,197,274,274,291,291,305,322,335,335,350,364,364,364,464,493,493,76,76,151,151,163,463,76,92,105,105,123,123,123,152,165,179,205,39,39,39,39,39,39,39,64,64],"floor_reached":56,"playtime":3703,"items_purged":["Defend_B","Defend_B","Strike_B"],"score":2064,"play_id":"7f67067a-a02e-4586-a3f2-d1d4c2802fe3","local_time":"20190612104955","is_ascension_mode":true,"campfire_choices":[{"floor":7.0,"key":"REST"},{"floor":11.0,"key":"REST"},{"data":"Defragment","floor":15.0,"key":"SMITH"},{"data":"FTL","floor":23.0,"key":"SMITH"},{"floor":27.0,"key":"REST"},{"data":"Loop","floor":32.0,"key":"SMITH"},{"floor":40.0,"key":"RECALL"},{"floor":42.0,"key":"REST"},{"data":"1","floor":49.0,"key":"LIFT"},{"data":"2","floor":53.0,"key":"LIFT"}],"neow_cost":"NONE","seed_source_timestamp":1352871609004000,"circlet_count":0,"master_deck":["AscendersBane","Strike_B","Strike_B+1","Zap","Dualcast+1","Rebound","Go for the Eyes+1","Coolheaded","Steam","Beam Cell","Defragment+1","Defragment+1","FTL+1","Biased Cognition","Self Repair+1","Capacitor+1","Undo+1","Ball Lightning","Defragment+1","Auto Shields+1","Coolheaded","Compile Driver","Sweeping Beam+1","Buffer","Ball Lightning","Hologram","Loop+1","Ball Lightning","All For One","Steam","Glacier","Glacier","Electrodynamics","Conserve Battery+1","Cold Snap"],"special_seed":0,"relics":["Cracked Core","Shuriken","Pear","Question Card","Dodecahedron","Bag of Marbles","Astrolabe","Regal Pillow","FossilizedHelix","Sundial","The Courier","MutagenicStrength","Whetstone","Lizard Tail","Happy Flower","Sling","Girya","Orichalcum","Bronze Scales"],"potions_floor_usage":[],"damage_taken":[{"damage":7.0,"enemies":"Jaw Worm","floor":1.0,"turns":3.0},{"damage":0.0,"enemies":"2 Louse","floor":4.0,"turns":1.0},{"damage":1.0,"enemies":"Cultist","floor":5.0,"turns":4.0},{"damage":31.0,"enemies":"Gremlin Nob","floor":6.0,"turns":4.0},{"damage":13.0,"enemies":"3 Sentries","floor":8.0,"turns":9.0},{"damage":25.0,"enemies":"Gremlin Nob","floor":10.0,"turns":4.0},{"damage":18.0,"enemies":"3 Sentries","floor":12.0,"turns":6.0},{"damage":2.0,"enemies":"Large Slime","floor":13.0,"turns":6.0},{"damage":13.0,"enemies":"The Guardian","floor":16.0,"turns":12.0},{"damage":21.0,"enemies":"Shell Parasite","floor":18.0,"turns":8.0},{"damage":2.0,"enemies":"Chosen","floor":20.0,"turns":4.0},{"damage":17.0,"enemies":"Snecko","floor":21.0,"turns":6.0},{"damage":0.0,"enemies":"Centurion and Healer","floor":22.0,"turns":9.0},{"damage":21.0,"enemies":"Chosen and Byrds","floor":24.0,"turns":8.0},{"damage":11.0,"enemies":"3 Cultists","floor":25.0,"turns":5.0},{"damage":30.0,"enemies":"Colosseum Slavers","floor":28.0,"turns":5.0},{"damage":31.0,"enemies":"Colosseum Nobs","floor":28.0,"turns":6.0},{"damage":24.0,"enemies":"Book of Stabbing","floor":29.0,"turns":6.0},{"damage":18.0,"enemies":"Collector","floor":33.0,"turns":10.0},{"damage":34.0,"enemies":"3 Darklings","floor":35.0,"turns":7.0},{"damage":0.0,"enemies":"Orb Walker","floor":38.0,"turns":4.0},{"damage":13.0,"enemies":"Transient","floor":39.0,"turns":6.0},{"damage":20.0,"enemies":"4 Shapes","floor":41.0,"turns":6.0},{"damage":20.0,"enemies":"Reptomancer","floor":44.0,"turns":7.0},{"damage":5.0,"enemies":"3 Darklings","floor":45.0,"turns":5.0},{"damage":14.0,"enemies":"Spire Growth","floor":46.0,"turns":8.0},{"damage":0.0,"enemies":"Nemesis","floor":47.0,"turns":11.0},{"damage":0.0,"enemies":"Time Eater","floor":50.0,"turns":13.0},{"damage":48.0,"enemies":"Donu and Deca","floor":51.0,"turns":12.0},{"damage":113,"enemies":"Shield and Spear","floor":55,"turns":9},{"damage":9,"enemies":"The Heart","floor":56,"turns":2}],"seed_played":"-3806171320407437555","potions_obtained":[{"floor":4.0,"key":"Regen Potion"},{"floor":5.0,"key":"Dexterity Potion"},{"floor":10.0,"key":"Energy Potion"},{"floor":16.0,"key":"Ancient Potion"},{"floor":25.0,"key":"Regen Potion"},{"floor":28.0,"key":"EssenceOfSteel"},{"floor":33.0,"key":"SteroidPotion"},{"floor":35.0,"key":"Ancient Potion"},{"floor":39.0,"key":"Swift Potion"},{"floor":44.0,"key":"Energy Potion"}],"is_trial":false,"path_per_floor":["M","$","?","M","M","E","R","E","T","E","R","E","M","?","R","B",null,"M","?","M","M","M","R","M","M","T","R","?","E","?","$","R","B",null,"M","?","$","M","M","R","M","R","T","E","M","M","E","$","R","B","B",null,"R","$","E","B"],"character_chosen":"DEFECT","items_purchased":["Go for the Eyes","Poison Potion","Loop","Whetstone","Regen Potion","Ball Lightning","Regen Potion","Happy Flower","Sling","FocusPotion"],"campfire_rested":4,"item_purchase_floors":[2,2,31,31,31,31,31,37,37,48],"current_hp_per_floor":[64,64,41,41,52,21,44,41,41,16,42,24,22,22,22,9,68,57,57,65,58,68,68,47,36,36,77,40,16,16,16,16,62,82,48,48,48,58,55,55,45,86,86,66,61,57,67,67,67,77,39,76,76,76,8,0],"gold":64,"neow_bonus":"TEN_PERCENT_HP_BONUS","is_prod":false,"is_daily":false,"chose_seed":false,"campfire_upgraded":3,"win_rate":0,"timestamp":1560350995,"path_taken":["M","$","?","M","M","E","R","E","T","E","R","E","M","?","R","BOSS","M","?","M","M","M","R","M","?","T","R","?","E","?","$","R","BOSS","M","?","?","M","?","R","M","R","T","E","M","M","E","$","R","BOSS","BOSS","R","$","E","BOSS"],"build_version":"2019-01-23","purchased_purges":3,"victory":false,"max_hp_per_floor":[78,78,78,78,78,78,78,88,88,88,88,88,88,88,88,88,88,88,88,88,88,88,88,88,88,88,88,88,88,88,88,88,88,88,88,88,88,88,88,88,88,88,88,88,88,88,88,88,88,88,88,88,88,88,88,88],"card_choices":[{"not_picked":["Redo","Skim"],"picked":"Rebound","floor":1.0},{"not_picked":["Loop","Redo"],"picked":"Coolheaded","floor":4.0},{"not_picked":["Gash","Steam Power"],"picked":"Steam","floor":5.0},{"not_picked":["Rebound","Chaos","Amplify"],"picked":"SKIP","floor":6.0},{"not_picked":["Gash","Skim"],"picked":"Beam Cell","floor":8.0},{"not_picked":["Coolheaded","Rebound","Beam Cell"],"picked":"Defragment","floor":10.0},{"not_picked":["Redo","Stack","Multi-Cast"],"picked":"Defragment","floor":12.0},{"not_picked":["Coolheaded","Redo","Defragment"],"picked":"FTL","floor":13.0},{"not_picked":["Meteor Strike","Seek","Hyperbeam"],"picked":"Biased Cognition","floor":16.0},{"not_picked":["Coolheaded","Redo","Leap"],"picked":"Ball Lightning","floor":18.0},{"not_picked":["Stack","Double Energy","Redo"],"picked":"Auto Shields+1","floor":20.0},{"not_picked":["Recycle","Gash","Redo"],"picked":"Coolheaded","floor":21.0},{"not_picked":["Stack","Gash+1","Reinforced Body+1"],"picked":"Compile Driver","floor":22.0},{"not_picked":["Stack","Coolheaded","Turbo+1"],"picked":"Sweeping Beam","floor":24.0},{"not_picked":["Leap","Auto Shields","Sweeping Beam"],"picked":"Buffer","floor":25.0},{"not_picked":["BootSequence","Doom and Gloom","Leap+1"],"picked":"Ball Lightning","floor":28.0},{"not_picked":["Chaos","Stack","Machine Learning"],"picked":"Hologram","floor":29.0},{"not_picked":["Amplify","Buffer","Reboot"],"picked":"All For One","floor":33.0},{"not_picked":["Doom and Gloom+1","Stack","Coolheaded"],"picked":"Steam","floor":35.0},{"not_picked":["Reinforced Body+1","Rebound","Turbo+1"],"picked":"Glacier","floor":38.0},{"not_picked":["Stack","Doom and Gloom+1","Gash","Ball Lightning+1"],"picked":"SKIP","floor":39.0},{"not_picked":["Coolheaded","Leap+1","Hologram"],"picked":"Glacier","floor":41.0},{"not_picked":["Stack","Leap+1","Gash","Steam Power"],"picked":"SKIP","floor":44.0},{"not_picked":["Conserve Battery","Barrage","Sweeping Beam","Melter"],"picked":"SKIP","floor":45.0},{"not_picked":["Undo","Barrage","Sweeping Beam"],"picked":"Electrodynamics","floor":46.0},{"not_picked":["Gash","Doom and Gloom","Recycle"],"picked":"Conserve Battery+1","floor":47.0},{"not_picked":["Reprogram","White Noise","Streamline+1"],"picked":"Cold Snap","floor":55}],"player_experience":1161517,"relics_obtained":[{"floor":6.0,"key":"Shuriken"},{"floor":8.0,"key":"Pear"},{"floor":9.0,"key":"Question Card"},{"floor":10.0,"key":"Dodecahedron"},{"floor":12.0,"key":"Bag of Marbles"},{"floor":26.0,"key":"Regal Pillow"},{"floor":28.0,"key":"FossilizedHelix"},{"floor":28.0,"key":"Sundial"},{"floor":29.0,"key":"The Courier"},{"floor":44.0,"key":"Girya"},{"floor":47.0,"key":"Orichalcum"},{"floor":55,"key":"Bronze Scales"}],"event_choices":[{"damage_healed":0.0,"max_hp_gain":0.0,"max_hp_loss":0.0,"gold_gain":0.0,"event_name":"Shining Light","player_choice":"Entered Light","floor":3.0,"gold_loss":0.0,"damage_taken":23.0,"cards_upgraded":["Go for the Eyes","Dualcast"]},{"damage_healed":0.0,"max_hp_gain":0.0,"max_hp_loss":0.0,"gold_gain":0.0,"event_name":"Living Wall","player_choice":"Grow","floor":14.0,"gold_loss":0.0,"damage_taken":0.0,"cards_upgraded":["Defragment"]},{"damage_healed":0.0,"max_hp_gain":0.0,"max_hp_loss":0.0,"gold_gain":0.0,"event_name":"Duplicator","player_choice":"Copied","floor":19.0,"gold_loss":0.0,"damage_taken":0.0,"cards_obtained":["Defragment"]},{"damage_healed":0.0,"max_hp_gain":0.0,"max_hp_loss":0.0,"gold_gain":0.0,"event_name":"Colosseum","player_choice":"Fight","floor":28.0,"gold_loss":0.0,"damage_taken":0.0},{"damage_healed":0.0,"max_hp_gain":0.0,"max_hp_loss":0.0,"gold_gain":0.0,"event_name":"Colosseum","player_choice":"Fought Nobs","floor":28.0,"gold_loss":0.0,"damage_taken":0.0},{"damage_healed":0.0,"max_hp_gain":0.0,"max_hp_loss":0.0,"gold_gain":0.0,"event_name":"Drug Dealer","player_choice":"Inject Mutagens","floor":30.0,"gold_loss":0.0,"damage_taken":0.0,"relics_obtained":["MutagenicStrength"]},{"damage_healed":0.0,"max_hp_gain":0.0,"max_hp_loss":0.0,"gold_gain":300.0,"event_name":"Wheel of Change","player_choice":"Gold","floor":36.0,"gold_loss":0.0,"damage_taken":0.0}],"is_beta":false,"boss_relics":[{"not_picked":["Coffee Dripper","Black Star"],"picked":"Astrolabe"},{"not_picked":["Eternal Feather","Calling Bell"],"picked":"Lizard Tail"}],"items_purged_floors":[31,37,48],"is_endless":false,"potions_floor_spawned":[4,5,10,16,18,25,28,28,33,35,39,44],"killed_by":"The Heart","ascension_level":20}