{"gold_per_floor":[109,119,133,152,11,11,28,28,28,28,63,63,89,103,103,208,208,222,222,13,13,24,24,37,53,53,53,65,92,92,119,131,248,260,288,315,63,163,183,210,226,242,265,299,299,317,317,330,330,330],"floor_reached":51,"playtime":3278,"items_purged":["Strike_R"],"score":916,"play_id":"32e5bf02-d4ac-4ce3-8af6-82fccf70ff9d","local_time":"20190816215339","is_ascension_mode":false,"campfire_choices":[{"data":"Bash","floor":6.0,"key":"SMITH"},{"data":"Clothesline","floor":10.0,"key":"SMITH"},{"data":"Barricade","floor":12.0,"key":"SMITH"},{"data":"Metallicize","floor":15.0,"key":"SMITH"},{"data":"Limit Break","floor":23.0,"key":"SMITH"},{"data":"Feed","floor":30.0,"key":"SMITH"},{"data":"Inflame","floor":32.0,"key":"SMITH"},{"data":"Spot Weakness","floor":45,"key":"SMITH"},{"data":"Strike_R","floor":47,"key":"PURGE"},{"data":"Strike_R","floor":49,"key":"PURGE"}],"neow_cost":"NONE","seed_source_timestamp":2216429733157800,"circlet_count":0,"master_deck":["Defend_R","Defend_R","Defend_R","Defend_R","Bash+1","Flex","Battle Trance","Thunderclap","Metallicize+1","Offering","Clothesline+1","Pummel","Barricade+1","Iron Wave","Shrug It Off","Feed+1","Warcry","Inflame+1","Limit Break+1","Shrug It Off","Spot Weakness+1","Burning Pact","Havoc+1","Reaper","Fiend Fire","Impervious+1","Warcry+1","Shrug It Off+1","Warcry+1","Warcry+1"],"special_seed":0,"relics":["Burning Blood","Bag of Preparation","Blood Vial","Dodecahedron","Coffee Dripper","Nilry\u0027s Codex","Toxic Egg 2","Pen Nib","MawBank","Busted Crown","Membership Card","Peace Pipe","Dream Catcher","Omamori","Anchor"],"potions_floor_usage":[50,50,50],"damage_taken":[{"damage":1.0,"enemies":"Cultist","floor":1.0,"turns":4.0},{"damage":6.0,"enemies":"Jaw Worm","floor":2.0,"turns":3.0},{"damage":3.0,"enemies":"Small Slimes","floor":3.0,"turns":3.0},{"damage":5.0,"enemies":"3 Louse","floor":4.0,"turns":3.0},{"damage":5.0,"enemies":"Gremlin Gang","floor":7.0,"turns":3.0},{"damage":25.0,"enemies":"3 Sentries","floor":11.0,"turns":8.0},{"damage":6.0,"enemies":"Lagavulin","floor":13.0,"turns":6.0},{"damage":6.0,"enemies":"Exordium Thugs","floor":14.0,"turns":3.0},{"damage":9.0,"enemies":"The Guardian","floor":16.0,"turns":17.0},{"damage":0.0,"enemies":"Shell Parasite","floor":18.0,"turns":10.0},{"damage":6.0,"enemies":"3 Byrds","floor":22.0,"turns":5.0},{"damage":11.0,"enemies":"Cultist and Chosen","floor":24.0,"turns":8.0},{"damage":6.0,"enemies":"3 Cultists","floor":25.0,"turns":8.0},{"damage":26.0,"enemies":"Shelled Parasite and Fungi","floor":28.0,"turns":6.0},{"damage":36.0,"enemies":"Book of Stabbing","floor":31.0,"turns":6.0},{"damage":54.0,"enemies":"Collector","floor":33.0,"turns":7.0},{"damage":9.0,"enemies":"Orb Walker","floor":35.0,"turns":3.0},{"damage":24.0,"enemies":"3 Darklings","floor":36.0,"turns":9.0},{"damage":6,"enemies":"Mind Bloom Boss Battle","floor":38,"turns":3},{"damage":7,"enemies":"Spire Growth","floor":39,"turns":3},{"damage":21,"enemies":"Nemesis","floor":40,"turns":13},{"damage":6,"enemies":"Transient","floor":41,"turns":5},{"damage":12,"enemies":"Maw","floor":42,"turns":7},{"damage":6,"enemies":"Giant Head","floor":44,"turns":7},{"damage":6,"enemies":"Writhing Mass","floor":46,"turns":12},{"damage":0,"enemies":"Jaw Worm Horde","floor":48,"turns":4},{"damage":12,"enemies":"Awakened One","floor":50,"turns":7}],"seed_played":"5362463541130769136","potions_obtained":[{"floor":1.0,"key":"Poison Potion"},{"floor":3.0,"key":"Weak Potion"},{"floor":7.0,"key":"Fruit Juice"},{"floor":13.0,"key":"Regen Potion"},{"floor":16.0,"key":"FearPotion"},{"floor":18.0,"key":"Swift Potion"},{"floor":24.0,"key":"Poison Potion"},{"floor":31.0,"key":"Poison Potion"},{"floor":40,"key":"Dexterity Potion"}],"is_trial":false,"path_per_floor":["M","M","M","M","$","R","M","?","T","R","E","R","E","M","R","B",null,"M","?","$","?","M","R","M","M","T","?","M","T","R","E","R","B",null,"M","M","$","?","M","E","M","M","T","E","R","M","R","M","R","B",null],"character_chosen":"IRONCLAD","items_purchased":["Offering","Inflame","Limit Break","Shrug It Off","Membership Card","Impervious+1"],"campfire_rested":0,"item_purchase_floors":[5,20,20,20,37,37],"current_hp_per_floor":[80,80,80,80,80,80,85,85,85,85,66,66,68,70,70,69,85,88,72,72,72,77,77,91,93,93,93,77,77,77,49,49,57,97,98,105,105,109,109,113,113,107,107,117,117,121,121,125,125,129],"gold":330,"neow_bonus":"THREE_CARDS","is_prod":false,"is_daily":false,"chose_seed":false,"campfire_upgraded":8,"win_rate":0,"timestamp":1565960019,"path_taken":["M","M","M","?","?","R","M","?","T","R","E","R","E","?","R","BOSS","M","?","$","?","M","R","M","M","T","?","?","?","R","E","R","BOSS","M","M","$","?","M","E","M","M","T","E","R","M","R","M","R","BOSS"],"build_version":"2019-07-17","purchased_purges":1,"victory":true,"max_hp_per_floor":[80,80,80,80,80,80,85,85,85,85,85,85,85,85,85,85,85,88,88,88,88,91,91,94,94,94,94,97,97,97,97,97,97,97,101,105,105,109,109,113,113,113,113,117,117,121,121,125,125,129],"card_choices":[{"not_picked":["Second Wind","Intimidate"],"picked":"Flex","floor":0.0},{"not_picked":["Clash","Clothesline"],"picked":"Battle Trance","floor":1.0},{"not_picked":["Intimidate","Heavy Blade","Blood for Blood"],"picked":"SKIP","floor":2.0},{"not_picked":["True Grit","Heavy Blade"],"picked":"Thunderclap","floor":3.0},{"not_picked":["Havoc","Hemokinesis"],"picked":"Metallicize","floor":4.0},{"not_picked":["Warcry","Thunderclap"],"picked":"Clothesline","floor":7.0},{"not_picked":["Shrug It Off","Havoc"],"picked":"Barricade","floor":11.0},{"not_picked":["Havoc","Heavy Blade"],"picked":"Iron Wave","floor":13.0},{"not_picked":["Cleave","Sword Boomerang"],"picked":"Shrug It Off","floor":14.0},{"not_picked":["Fiend Fire","Juggernaut"],"picked":"Feed","floor":16.0},{"not_picked":["Flex+1","Whirlwind"],"picked":"Warcry","floor":18.0},{"not_picked":["Inflame","Pommel Strike+1"],"picked":"Spot Weakness","floor":22.0},{"not_picked":["Power Through","Dropkick","Blood for Blood"],"picked":"SKIP","floor":24.0},{"not_picked":["Iron Wave","Perfected Strike+1"],"picked":"Burning Pact","floor":25.0},{"not_picked":["Iron Wave","Headbutt"],"picked":"Havoc+1","floor":28.0},{"not_picked":["Carnage","Armaments+1"],"picked":"Reaper","floor":31.0},{"not_picked":["Immolate","Dark Embrace"],"picked":"Fiend Fire","floor":33.0},{"not_picked":["Twin Strike+1"],"picked":"SKIP","floor":35.0},{"not_picked":["Iron Wave+1"],"picked":"SKIP","floor":36.0},{"not_picked":[],"picked":"Warcry+1","floor":38},{"not_picked":[],"picked":"Shrug It Off+1","floor":39},{"not_picked":["Intimidate+1"],"picked":"SKIP","floor":40},{"not_picked":[],"picked":"Warcry+1","floor":41},{"not_picked":["Thunderclap"],"picked":"SKIP","floor":42},{"not_picked":[],"picked":"Warcry+1","floor":44},{"not_picked":["Cleave+1"],"picked":"SKIP","floor":46},{"not_picked":["Twin Strike+1"],"picked":"SKIP","floor":48}],"player_experience":161620,"relics_obtained":[{"floor":9.0,"key":"Bag of Preparation"},{"floor":11.0,"key":"Blood Vial"},{"floor":13.0,"key":"Dodecahedron"},{"floor":19.0,"key":"Nilry\u0027s Codex"},{"floor":26.0,"key":"Toxic Egg 2"},{"floor":29.0,"key":"Pen Nib"},{"floor":31.0,"key":"MawBank"},{"floor":38,"key":"Peace Pipe"},{"floor":40,"key":"Dream Catcher"},{"floor":43,"key":"Omamori"},{"floor":44,"key":"Anchor"}],"event_choices":[{"damage_healed":0.0,"max_hp_gain":0.0,"max_hp_loss":0.0,"gold_gain":0.0,"cards_transformed":["Strike_R"],"event_name":"Transmorgrifier","player_choice":"Transformed","floor":8.0,"gold_loss":0.0,"damage_taken":0.0,"cards_obtained":["Pummel"]},{"damage_healed":0.0,"max_hp_gain":0.0,"max_hp_loss":0.0,"gold_gain":0.0,"event_name":"Cursed Tome","player_choice":"Obtained Book","floor":19.0,"gold_loss":0.0,"damage_taken":16.0},{"damage_healed":0.0,"max_hp_gain":0.0,"max_hp_loss":0.0,"gold_gain":0.0,"event_name":"Ghosts","player_choice":"Ignored","floor":21.0,"gold_loss":0.0,"damage_taken":0.0},{"cards_removed":["Strike_R"],"damage_healed":0.0,"max_hp_gain":0.0,"max_hp_loss":0.0,"gold_gain":0.0,"event_name":"Bonfire Elementals","player_choice":"Offered Basic","floor":27.0,"gold_loss":0.0,"damage_taken":0.0},{"damage_healed":0,"gold_gain":0,"player_choice":"Fight","damage_taken":0,"max_hp_gain":0,"max_hp_loss":0,"event_name":"MindBloom","floor":38,"gold_loss":0}],"is_beta":false,"boss_relics":[{"not_picked":["Tiny House","Fusion Hammer"],"picked":"Coffee Dripper"},{"not_picked":["Empty Cage","Orrery"],"picked":"Busted Crown"}],"items_purged_floors":[37],"is_endless":false,"potions_floor_spawned":[1,3,7,13,16,18,24,31,35,36,39,40],"ascension_level":0}