{"gold_per_floor":[115,130,130,142,142,142,168,168,168,185,33,49,59,59,59,157,157,169,179,196,196,213,213,239,239,239,239,250,76,105,139,139,242,242,261,62,62,62,62,62,12,12,12,25,247,317,317,333,333,333],"floor_reached":51,"playtime":2452,"items_purged":["Strike_G","Writhe","Defend_G"],"score":883,"play_id":"be2084e2-5e8f-4e98-97e1-a99658f96969","local_time":"20190706071712","is_ascension_mode":false,"campfire_choices":[{"data":"Noxious Fumes","floor":6.0,"key":"SMITH"},{"data":"Bouncing Flask","floor":8.0,"key":"SMITH"},{"data":"Neutralize","floor":15.0,"key":"SMITH"},{"data":"Corpse Explosion","floor":23.0,"key":"SMITH"},{"data":"Dodge and Roll","floor":25.0,"key":"SMITH"},{"data":"Blur","floor":27.0,"key":"SMITH"},{"data":"Well Laid Plans","floor":32.0,"key":"SMITH"},{"data":"Noxious Fumes","floor":40,"key":"SMITH"},{"data":"Blur","floor":42,"key":"SMITH"},{"data":"Acrobatics","floor":49,"key":"SMITH"}],"neow_cost":"NONE","seed_source_timestamp":1249698861209964,"circlet_count":0,"master_deck":["Defend_G","Defend_G","Defend_G","Survivor","Neutralize+1","Bouncing Flask+1","Noxious Fumes+1","Deadly Poison","Defend_B","Blur+1","Sucker Punch+1","Blur","Escape Plan","Dagger Spray","Corpse Explosion+1","PiercingWail","Blur+1","Dodge and Roll+1","PiercingWail","Well Laid Plans+1","Cloak And Dagger","Outmaneuver+1","Tools of the Trade+1","Noxious Fumes+1","Blur","Escape Plan","Acrobatics+1"],"special_seed":0,"relics":["Ring of the Snake","NeowsBlessing","Darkstone Periapt","Ancient Tea Set","Thread and Needle","Coffee Dripper","Mummified Hand","Whetstone","Ninja Scroll","Red Mask","Smiling Mask","Astrolabe","Frozen Egg 2","Question Card"],"potions_floor_usage":[50,50,50,50,50,50],"damage_taken":[{"damage":0.0,"enemies":"Small Slimes","floor":1.0,"turns":1.0},{"damage":0.0,"enemies":"Jaw Worm","floor":2.0,"turns":1.0},{"damage":0.0,"enemies":"Cultist","floor":4.0,"turns":1.0},{"damage":9.0,"enemies":"Lagavulin","floor":7.0,"turns":7.0},{"damage":9.0,"enemies":"Large Slime","floor":10.0,"turns":6.0},{"damage":0.0,"enemies":"3 Louse","floor":12.0,"turns":4.0},{"damage":0.0,"enemies":"2 Fungi Beasts","floor":13.0,"turns":4.0},{"damage":0.0,"enemies":"Hexaghost","floor":16.0,"turns":9.0},{"damage":0.0,"enemies":"3 Byrds","floor":18.0,"turns":5.0},{"damage":0.0,"enemies":"Shell Parasite","floor":19.0,"turns":5.0},{"damage":0.0,"enemies":"Snake Plant","floor":20.0,"turns":4.0},{"damage":5.0,"enemies":"Sentry and Sphere","floor":22.0,"turns":3.0},{"damage":0.0,"enemies":"Book of Stabbing","floor":24.0,"turns":6.0},{"damage":4.0,"enemies":"Shelled Parasite and Fungi","floor":28.0,"turns":5.0},{"damage":0.0,"enemies":"Masked Bandits","floor":30.0,"turns":2.0},{"damage":0.0,"enemies":"Gremlin Leader","floor":31.0,"turns":6.0},{"damage":5.0,"enemies":"Automaton","floor":33.0,"turns":9.0},{"damage":0.0,"enemies":"3 Darklings","floor":35.0,"turns":4.0},{"damage":0,"enemies":"Orb Walker","floor":44,"turns":6},{"damage":4,"enemies":"3 Darklings","floor":48,"turns":3},{"damage":0,"enemies":"Donu and Deca","floor":50,"turns":8}],"seed_played":"-4498609010023527950","potions_obtained":[{"floor":1.0,"key":"LiquidBronze"},{"floor":2.0,"key":"Swift Potion"},{"floor":7.0,"key":"Weak Potion"},{"floor":13.0,"key":"PowerPotion"},{"floor":24.0,"key":"EntropicBrew"},{"floor":30.0,"key":"Ancient Potion"},{"floor":31.0,"key":"Block Potion"},{"floor":33.0,"key":"Ancient Potion"}],"is_trial":false,"path_per_floor":["M","M","?","M","?","R","E","R","T","M","$","M","M","?","R","B",null,"M","M","M","?","M","R","E","R","T","R","M","$","?","E","R","B",null,"M","$","?","?","?","R","$","R","T","M","?","T","?","M","R","B",null],"character_chosen":"THE_SILENT","items_purchased":["Blur","Well Laid Plans","Blur","Escape Plan","Dexterity Potion"],"campfire_rested":0,"item_purchase_floors":[11,29,36,36,36],"current_hp_per_floor":[70,70,70,70,70,70,61,61,61,52,52,52,52,52,52,52,70,70,70,70,76,71,71,71,71,71,71,67,67,67,67,67,62,76,76,76,76,76,76,76,76,76,76,76,76,76,72,68,68,68],"gold":333,"neow_bonus":"THREE_ENEMY_KILL","is_prod":false,"is_daily":false,"chose_seed":false,"campfire_upgraded":10,"win_rate":1,"timestamp":1562365032,"path_taken":["M","M","?","M","?","R","E","R","T","?","$","M","M","?","R","BOSS","M","M","M","?","M","R","E","R","T","R","M","$","?","E","R","BOSS","M","$","?","?","?","R","$","R","T","?","?","?","?","M","R","BOSS"],"build_version":"2019-07-05","purchased_purges":3,"victory":true,"max_hp_per_floor":[70,70,70,70,70,70,70,70,70,70,70,70,70,70,70,70,70,70,70,70,76,76,76,76,76,76,76,76,76,76,76,76,76,76,76,76,76,76,76,76,76,76,76,76,76,76,72,72,72,72],"card_choices":[{"not_picked":["Dash","Endless Agony"],"picked":"Bouncing Flask","floor":1.0},{"not_picked":["Riddle With Holes","Infinite Blades"],"picked":"Noxious Fumes","floor":2.0},{"not_picked":["Outmaneuver","Underhanded Strike"],"picked":"Deadly Poison","floor":4.0},{"not_picked":["Deflect","Bane"],"picked":"Blur","floor":7.0},{"not_picked":["Dash","Flying Knee"],"picked":"Sucker Punch","floor":10.0},{"not_picked":["Dagger Throw","Deadly Poison"],"picked":"Escape Plan","floor":12.0},{"not_picked":["Caltrops","Acrobatics"],"picked":"Dagger Spray","floor":13.0},{"not_picked":["Unload","Bullet Time"],"picked":"Corpse Explosion","floor":16.0},{"not_picked":["Eviscerate","Deflect"],"picked":"PiercingWail","floor":18.0},{"not_picked":["Deadly Poison","Bane","Bouncing Flask"],"picked":"SKIP","floor":19.0},{"not_picked":["Underhanded Strike","Quick Slash"],"picked":"Blur","floor":20.0},{"not_picked":["Slice","Storm of Steel"],"picked":"Dodge and Roll","floor":22.0},{"not_picked":["Poisoned Stab","Flechettes"],"picked":"PiercingWail","floor":24.0},{"not_picked":["Dagger Spray","Underhanded Strike+1","Flying Knee"],"picked":"SKIP","floor":28.0},{"not_picked":["Dash","Blade Dance"],"picked":"Cloak And Dagger","floor":30.0},{"not_picked":["PiercingWail","Bane","Endless Agony+1"],"picked":"SKIP","floor":31.0},{"not_picked":["Heel Hook+1","Riddle With Holes"],"picked":"Noxious Fumes","floor":35.0},{"not_picked":["Sucker Punch+1","Quick Slash"],"picked":"Acrobatics","floor":44},{"not_picked":["Endless Agony","Flying Knee+1","Accuracy+1","Masterful Stab+1"],"picked":"SKIP","floor":48}],"player_experience":33796,"relics_obtained":[{"floor":7.0,"key":"Darkstone Periapt"},{"floor":9.0,"key":"Ancient Tea Set"},{"floor":24.0,"key":"Whetstone"},{"floor":26.0,"key":"Ninja Scroll"},{"floor":30.0,"key":"Red Mask"},{"floor":31.0,"key":"Smiling Mask"},{"floor":43,"key":"Frozen Egg 2"},{"floor":46,"key":"Question Card"}],"event_choices":[{"cards_removed":["Strike_G"],"damage_healed":0.0,"max_hp_gain":0.0,"max_hp_loss":0.0,"gold_gain":0.0,"event_name":"Living Wall","player_choice":"Forget","floor":3.0,"gold_loss":0.0,"damage_taken":0.0},{"cards_removed":["Strike_G"],"damage_healed":0.0,"max_hp_gain":0.0,"max_hp_loss":0.0,"gold_gain":0.0,"event_name":"NoteForYourself","player_choice":"Took Card","floor":5.0,"gold_loss":0.0,"damage_taken":0.0,"cards_obtained":["Defend_B"]},{"damage_healed":0.0,"max_hp_gain":0.0,"max_hp_loss":0.0,"gold_gain":0.0,"event_name":"Dead Adventurer","player_choice":"Searched \u00272\u0027 times","floor":14.0,"gold_loss":0.0,"damage_taken":0.0,"relics_obtained":["Thread and Needle"]},{"damage_healed":0.0,"max_hp_gain":0.0,"max_hp_loss":0.0,"gold_gain":0.0,"event_name":"The Mausoleum","player_choice":"Opened","floor":21.0,"gold_loss":0.0,"damage_taken":0.0,"relics_obtained":["Mummified Hand"],"cards_obtained":["Writhe"]},{"damage_healed":0.0,"max_hp_gain":0.0,"max_hp_loss":0.0,"gold_gain":0.0,"event_name":"Masked Bandits","player_choice":"Fought Bandits","floor":30.0,"gold_loss":0.0,"damage_taken":0.0},{"damage_healed":0,"gold_gain":0,"player_choice":"Ignored","damage_taken":0,"max_hp_gain":0,"max_hp_loss":0,"event_name":"Mysterious Sphere","floor":37,"gold_loss":0},{"damage_healed":0,"gold_gain":0,"player_choice":"Memory 1","damage_taken":0,"max_hp_gain":0,"max_hp_loss":0,"event_name":"SensoryStone","floor":38,"gold_loss":0},{"cards_removed":["Dagger Spray"],"damage_healed":0,"gold_gain":0,"player_choice":"Removed Attack","damage_taken":0,"max_hp_gain":0,"max_hp_loss":0,"event_name":"Falling","floor":39,"gold_loss":0},{"damage_healed":0,"gold_gain":222,"player_choice":"Wore Mask","damage_taken":0,"max_hp_gain":0,"max_hp_loss":0,"event_name":"Tomb of Lord Red Mask","floor":45,"gold_loss":0},{"damage_healed":0,"gold_gain":0,"player_choice":"Max HP","damage_taken":0,"max_hp_gain":0,"max_hp_loss":4,"event_name":"Winding Halls","floor":47,"gold_loss":0}],"is_beta":false,"boss_relics":[{"not_picked":["White Beast Statue","HoveringKite"],"picked":"Coffee Dripper"},{"not_picked":["Calling Bell","Lizard Tail"],"picked":"Astrolabe"}],"items_purged_floors":[11,29,41],"is_endless":false,"potions_floor_spawned":[1,2,7,13,24,30,31,33,35,44],"ascension_level":0}