{"gold_per_floor":[118,131,147,197,211,211,3,3,3,30,30,61,73,99,99,176,176,196,57,71,83,8,8,38,38,38,38,38,57,84,113,125,137],"floor_reached":33,"playtime":1078,"items_purged":["Strike_B","Strike_B"],"score":710,"play_id":"aaf8aa8c-2bef-4bef-8164-9a422ab5759d","local_time":"20190806092656","is_ascension_mode":true,"campfire_choices":[{"data":"Beam Cell","floor":6.0,"key":"SMITH"},{"data":"Zap","floor":8.0,"key":"SMITH"},{"data":"Sunder","floor":11.0,"key":"SMITH"},{"data":"Hologram","floor":15.0,"key":"SMITH"},{"data":"Defragment","floor":23,"key":"SMITH"},{"data":"Capacitor","floor":25,"key":"SMITH"},{"data":"Coolheaded","floor":27,"key":"SMITH"},{"data":"Barrage","floor":32,"key":"SMITH"}],"neow_cost":"NONE","seed_source_timestamp":832097346000000,"circlet_count":0,"master_deck":["AscendersBane","Defend_B+1","Defend_B","Defend_B","Defend_B","Zap+1","Dualcast+1","Beam Cell+1","Compile Driver","Ball Lightning","Doom and Gloom","Sunder+1","Coolheaded+1","Compile Driver","Hologram+1","Core Surge","Capacitor+1","Defragment+1","Conserve Battery","Barrage+1","Cold Snap","Conserve Battery+1","Core Surge"],"special_seed":0,"relics":["Cracked Core","Pen Nib","Ornamental Fan","Du-Vu Doll","Meat on the Bone","Coffee Dripper","War Paint","Letter Opener","MawBank"],"potions_floor_usage":[18,18,21,24,29,29,30,31],"damage_taken":[{"damage":1.0,"enemies":"Cultist","floor":1.0,"turns":4.0},{"damage":4.0,"enemies":"Jaw Worm","floor":2.0,"turns":3.0},{"damage":1.0,"enemies":"2 Louse","floor":3.0,"turns":2.0},{"damage":8.0,"enemies":"Blue Slaver","floor":5.0,"turns":2.0},{"damage":0.0,"enemies":"Gremlin Nob","floor":10.0,"turns":2.0},{"damage":12.0,"enemies":"3 Sentries","floor":12.0,"turns":4.0},{"damage":6.0,"enemies":"Exordium Thugs","floor":13.0,"turns":3.0},{"damage":0.0,"enemies":"Gremlin Nob","floor":14.0,"turns":2.0},{"damage":24.0,"enemies":"Hexaghost","floor":16.0,"turns":9.0},{"damage":12,"enemies":"3 Byrds","floor":18,"turns":4},{"damage":1,"enemies":"Spheric Guardian","floor":20,"turns":3},{"damage":1,"enemies":"Centurion and Healer","floor":21,"turns":4},{"damage":20,"enemies":"Book of Stabbing","floor":24,"turns":4},{"damage":1,"enemies":"Cultist and Chosen","floor":29,"turns":4},{"damage":15,"enemies":"Gremlin Leader","floor":30,"turns":5},{"damage":19,"enemies":"Shelled Parasite and Fungi","floor":31,"turns":4},{"damage":31,"enemies":"Champ","floor":33,"turns":3}],"seed_played":"7450191883153149345","potions_obtained":[{"floor":1.0,"key":"AttackPotion"},{"floor":3.0,"key":"SpeedPotion"},{"floor":12.0,"key":"Weak Potion"},{"floor":16.0,"key":"EntropicBrew"},{"floor":21,"key":"GamblersBrew"},{"floor":24,"key":"Block Potion"},{"floor":29,"key":"Weak Potion"},{"floor":30,"key":"AttackPotion"}],"is_trial":false,"path_per_floor":["M","M","M","?","M","R","$","R","T","E","R","E","M","E","R","B",null,"M","$","M","M","?","R","E","R","T","R","?","M","E","M","R","B"],"character_chosen":"DEFECT","items_purchased":["Sunder","Fire Potion","Capacitor"],"campfire_rested":0,"item_purchase_floors":[7,7,19],"current_hp_per_floor":[70,66,65,58,50,50,50,50,50,50,50,38,32,32,32,20,64,52,52,51,50,50,50,42,42,42,42,42,41,38,31,31,0],"gold":137,"neow_bonus":"TEN_PERCENT_HP_BONUS","is_prod":false,"is_daily":false,"chose_seed":false,"campfire_upgraded":8,"win_rate":0,"timestamp":1565098016,"path_taken":["M","?","M","?","M","R","$","R","T","E","R","E","M","E","R","BOSS","M","$","M","?","?","R","E","R","T","R","?","M","E","?","R","BOSS"],"build_version":"2019-07-17","purchased_purges":2,"victory":false,"max_hp_per_floor":[78,78,78,78,78,78,78,78,78,78,78,78,78,78,78,78,78,78,78,78,78,78,78,78,78,78,78,78,78,78,78,78,78],"card_choices":[{"not_picked":["Recycle","Steam Power"],"picked":"Beam Cell","floor":1.0},{"not_picked":["Stack","Undo"],"picked":"Compile Driver","floor":2.0},{"not_picked":["Chill","Redo"],"picked":"Ball Lightning","floor":3.0},{"not_picked":["Loop","Sweeping Beam"],"picked":"Doom and Gloom","floor":5.0},{"not_picked":["Double Energy","Compile Driver"],"picked":"Coolheaded","floor":10.0},{"not_picked":["Redo","Amplify","Hello World"],"picked":"SKIP","floor":12.0},{"not_picked":["Self Repair","Streamline"],"picked":"Compile Driver","floor":13.0},{"not_picked":["Compile Driver","Genetic Algorithm"],"picked":"Hologram","floor":14.0},{"not_picked":["Multi-Cast","Fission"],"picked":"Core Surge","floor":16.0},{"not_picked":["Chaos","Steam","Beam Cell"],"picked":"SKIP","floor":18},{"not_picked":["Steam","Auto Shields"],"picked":"Defragment","floor":20},{"not_picked":["Hologram","Rebound"],"picked":"Conserve Battery","floor":21},{"not_picked":["Streamline","Creative AI"],"picked":"Barrage","floor":24},{"not_picked":["Self Repair","Streamline"],"picked":"Cold Snap","floor":29},{"not_picked":["Double Energy","Rebound"],"picked":"Conserve Battery+1","floor":30},{"not_picked":["Stack","Heatsinks"],"picked":"Core Surge","floor":31}],"player_experience":1437107,"relics_obtained":[{"floor":9.0,"key":"Pen Nib"},{"floor":10.0,"key":"Ornamental Fan"},{"floor":12.0,"key":"Du-Vu Doll"},{"floor":14.0,"key":"Meat on the Bone"},{"floor":24,"key":"War Paint"},{"floor":26,"key":"Letter Opener"},{"floor":30,"key":"MawBank"}],"event_choices":[{"damage_healed":0.0,"max_hp_gain":0.0,"max_hp_loss":0.0,"gold_gain":50.0,"event_name":"FaceTrader","player_choice":"Touch","floor":4.0,"gold_loss":0.0,"damage_taken":7.0},{"cards_removed":["Strike_B"],"damage_healed":0,"gold_gain":0,"player_choice":"Gave Gold","damage_taken":0,"max_hp_gain":0,"max_hp_loss":0,"event_name":"Beggar","floor":22,"gold_loss":75},{"cards_removed":["Strike_B"],"damage_healed":0,"gold_gain":0,"player_choice":"Purged","damage_taken":0,"max_hp_gain":0,"max_hp_loss":0,"event_name":"Purifier","floor":28,"gold_loss":0}],"is_beta":false,"boss_relics":[{"not_picked":["Inserter","Busted Crown"],"picked":"Coffee Dripper"}],"items_purged_floors":[7,19],"is_endless":false,"potions_floor_spawned":[1,3,12,16,21,24,29,30],"killed_by":"Champ","ascension_level":20}