{"gold_per_floor":[115,115,134,152,152,152,182,182,236,254,273,287,318,333,333,437,437,451,466,197,296,312,312,587,605,628,628,377,404,404,329,329,427,427,443,443,2,19,34,34,63,63,115,115,135,147,147,147,147,147],"floor_reached":51,"playtime":2786,"items_purged":["Strike_B","Regret"],"score":707,"play_id":"8cdb7700-eeaa-4b2b-93e9-55b1fd429917","local_time":"20190831005907","is_ascension_mode":false,"campfire_choices":[{"data":"Dualcast","floor":6.0,"key":"SMITH"},{"floor":8.0,"key":"REST"},{"data":"Static Discharge","floor":15.0,"key":"SMITH"},{"data":"Creative AI","floor":23.0,"key":"SMITH"},{"data":"Blizzard","floor":27.0,"key":"SMITH"},{"floor":30.0,"key":"REST"},{"floor":32.0,"key":"REST"},{"floor":40,"key":"REST"},{"data":"Apotheosis","floor":44,"key":"SMITH"},{"floor":47,"key":"REST"},{"data":"Defragment","floor":49,"key":"SMITH"}],"neow_cost":"NONE","seed_source_timestamp":885411909579200,"circlet_count":0,"master_deck":["Strike_B+1","Defend_B","Defend_B+1","Defend_B","Defend_B","Zap+1","Dualcast+1","Gash","Coolheaded+1","Glacier","Multi-Cast","Cold Snap","Blizzard+1","Static Discharge+1","Creative AI+1","FTL","Conserve Battery","Ball Lightning+1","Coolheaded","Defragment+1","Reinforced Body","Creative AI","Defragment+1","Apotheosis+1","Loop","Impatience","Coolheaded+1","Force Field+1"],"special_seed":0,"relics":["Cracked Core","Lantern","Singing Bowl","Whetstone","Bag of Preparation","War Paint","Inserter","Blood Vial","Happy Flower","Ice Cream","Runic Pyramid","Chemical X","Emotion Chip","DataDisk"],"potions_floor_usage":[38,50,50,50],"damage_taken":[{"damage":7.0,"enemies":"Small Slimes","floor":1.0,"turns":2.0},{"damage":0.0,"enemies":"Jaw Worm","floor":3.0,"turns":3.0},{"damage":0.0,"enemies":"Cultist","floor":4.0,"turns":3.0},{"damage":15.0,"enemies":"3 Sentries","floor":7.0,"turns":9.0},{"damage":0.0,"enemies":"Looter","floor":10.0,"turns":2.0},{"damage":4.0,"enemies":"Gremlin Gang","floor":11.0,"turns":4.0},{"damage":0.0,"enemies":"3 Louse","floor":12.0,"turns":4.0},{"damage":17.0,"enemies":"Gremlin Nob","floor":13.0,"turns":4.0},{"damage":0.0,"enemies":"Looter","floor":14.0,"turns":3.0},{"damage":4.0,"enemies":"The Guardian","floor":16.0,"turns":12.0},{"damage":8.0,"enemies":"Chosen","floor":18.0,"turns":7.0},{"damage":6.0,"enemies":"3 Byrds","floor":19.0,"turns":5.0},{"damage":15.0,"enemies":"Centurion and Healer","floor":22.0,"turns":8.0},{"damage":21.0,"enemies":"Snake Plant","floor":25.0,"turns":3.0},{"damage":25.0,"enemies":"Slavers","floor":29.0,"turns":6.0},{"damage":17.0,"enemies":"Automaton","floor":33.0,"turns":9.0},{"damage":34.0,"enemies":"3 Darklings","floor":35.0,"turns":7.0},{"damage":10,"enemies":"3 Shapes","floor":38,"turns":3},{"damage":8,"enemies":"Jaw Worm Horde","floor":39,"turns":7},{"damage":5,"enemies":"Giant Head","floor":41,"turns":17},{"damage":8,"enemies":"Writhing Mass","floor":45,"turns":5},{"damage":0,"enemies":"4 Shapes","floor":46,"turns":7},{"damage":20,"enemies":"Time Eater","floor":50,"turns":14}],"seed_played":"-3816064850591555636","potions_obtained":[{"floor":1.0,"key":"FocusPotion"},{"floor":3.0,"key":"FearPotion"},{"floor":7.0,"key":"Swift Potion"},{"floor":12.0,"key":"Dexterity Potion"},{"floor":16.0,"key":"PowerPotion"},{"floor":35.0,"key":"Strength Potion"},{"floor":41,"key":"Dexterity Potion"}],"is_trial":false,"path_per_floor":["M","?","M","M","?","R","E","R","T","M","M","M","E","M","R","B",null,"M","M","$","?","M","R","?","M","T","R","$","E","R","?","R","B",null,"M","?","$","M","M","R","E","?","T","R","M","M","R","?","R","B",null],"character_chosen":"DEFECT","items_purchased":["Conserve Battery","Blood Vial","Defragment","Reinforced Body","Chemical X","Apotheosis","Block Potion"],"campfire_rested":5,"item_purchase_floors":[20,20,28,28,37,37,37],"current_hp_per_floor":[68,43,43,43,43,43,28,50,50,50,46,46,31,31,31,27,77,71,65,65,65,52,52,52,33,33,33,33,12,36,36,60,45,81,47,39,39,33,29,54,51,51,51,51,45,47,72,72,72,54],"gold":147,"neow_bonus":"UPGRADE_CARD","is_prod":false,"is_daily":false,"chose_seed":false,"campfire_upgraded":6,"win_rate":0,"timestamp":1567180747,"path_taken":["M","?","M","M","?","R","E","R","T","M","?","M","E","M","R","BOSS","M","M","$","?","M","R","?","?","T","R","$","E","R","?","R","BOSS","M","?","$","?","M","R","E","?","T","R","M","M","R","?","R","BOSS"],"build_version":"2019-07-17","purchased_purges":2,"victory":true,"max_hp_per_floor":[75,75,75,75,75,75,75,75,75,75,75,75,77,77,77,77,77,79,79,79,79,79,79,79,79,79,79,79,81,81,81,81,81,81,81,81,81,83,85,85,85,85,85,85,85,85,85,85,85,85],"card_choices":[{"not_picked":["Darkness","Stack"],"picked":"Gash","floor":1.0},{"not_picked":["Leap","Fusion"],"picked":"Gash","floor":3.0},{"not_picked":["Leap","Go for the Eyes"],"picked":"Coolheaded","floor":4.0},{"not_picked":["Chill","FTL"],"picked":"Glacier","floor":7.0},{"not_picked":["Fusion","Static Discharge"],"picked":"Multi-Cast","floor":10.0},{"not_picked":["Leap","Beam Cell"],"picked":"Cold Snap","floor":11.0},{"not_picked":["Compile Driver","Stack"],"picked":"Blizzard","floor":12.0},{"not_picked":["Compile Driver","Amplify","Redo"],"picked":"Singing Bowl","floor":13.0},{"not_picked":["Beam Cell","Steam Power"],"picked":"Static Discharge","floor":14.0},{"not_picked":["Hyperbeam","Fission"],"picked":"Creative AI","floor":16.0},{"not_picked":["Steam","Auto Shields","Sweeping Beam"],"picked":"Singing Bowl","floor":18.0},{"not_picked":["Cold Snap","Compile Driver"],"picked":"FTL","floor":19.0},{"not_picked":["Doom and Gloom","Barrage"],"picked":"Ball Lightning+1","floor":22.0},{"not_picked":["Gash","Storm+1"],"picked":"Coolheaded","floor":25.0},{"not_picked":["Sunder","Compile Driver","Coolheaded"],"picked":"Singing Bowl","floor":29.0},{"not_picked":["Thunder Strike","All For One"],"picked":"Creative AI","floor":33.0},{"not_picked":["Stack","Gash"],"picked":"Defragment+1","floor":35.0},{"not_picked":["Redo+1","Blizzard+1","Streamline+1"],"picked":"Singing Bowl","floor":38},{"not_picked":["Rebound","Static Discharge","Streamline+1"],"picked":"Singing Bowl","floor":39},{"not_picked":["Seek","Undo+1"],"picked":"Loop","floor":41},{"not_picked":["Apotheosis","Violence"],"picked":"Impatience","floor":42},{"not_picked":["Fusion+1","Gash+1"],"picked":"Coolheaded+1","floor":45},{"not_picked":["Genetic Algorithm","Steam+1"],"picked":"Force Field+1","floor":46}],"player_experience":295038,"relics_obtained":[{"floor":7.0,"key":"Whetstone"},{"floor":9.0,"key":"Bag of Preparation"},{"floor":13.0,"key":"War Paint"},{"floor":26.0,"key":"Happy Flower"},{"floor":29.0,"key":"Ice Cream"},{"floor":41,"key":"Emotion Chip"},{"floor":43,"key":"DataDisk"}],"event_choices":[{"damage_healed":0.0,"max_hp_gain":0.0,"max_hp_loss":0.0,"gold_gain":0.0,"event_name":"Scrap Ooze","player_choice":"Success","floor":2.0,"gold_loss":0.0,"damage_taken":25.0,"relics_obtained":["Lantern"]},{"cards_removed":["Gash"],"damage_healed":0.0,"max_hp_gain":0.0,"max_hp_loss":0.0,"gold_gain":0.0,"event_name":"WeMeetAgain","player_choice":"Gave Card","floor":5.0,"gold_loss":0.0,"damage_taken":0.0,"relics_obtained":["Singing Bowl"]},{"damage_healed":0.0,"max_hp_gain":0.0,"max_hp_loss":0.0,"gold_gain":99.0,"event_name":"Nest","player_choice":"Stole From Cult","floor":21.0,"gold_loss":0.0,"damage_taken":0.0},{"damage_healed":0.0,"max_hp_gain":0.0,"max_hp_loss":0.0,"gold_gain":275.0,"event_name":"Golden Shrine","player_choice":"Desecrate","floor":24.0,"gold_loss":0.0,"damage_taken":0.0,"cards_obtained":["Regret"]},{"cards_removed":["Strike_B"],"damage_healed":0.0,"max_hp_gain":0.0,"max_hp_loss":0.0,"gold_gain":0.0,"event_name":"Beggar","player_choice":"Gave Gold","floor":31.0,"gold_loss":75.0,"damage_taken":0.0},{"damage_healed":0.0,"max_hp_gain":0.0,"max_hp_loss":0.0,"gold_gain":0.0,"event_name":"Wheel of Change","player_choice":"Damaged","floor":36.0,"gold_loss":0.0,"damage_taken":8.0},{"damage_healed":0,"gold_gain":0,"player_choice":"Memory 1","damage_taken":0,"max_hp_gain":0,"max_hp_loss":0,"event_name":"SensoryStone","floor":42,"gold_loss":0},{"cards_removed":["Strike_B"],"damage_healed":0,"gold_gain":0,"player_choice":"Purged","damage_taken":0,"max_hp_gain":0,"max_hp_loss":0,"event_name":"Purifier","floor":48,"gold_loss":0}],"is_beta":false,"boss_relics":[{"not_picked":["Runic Dome","Orrery"],"picked":"Inserter"},{"not_picked":["Empty Cage","Philosopher\u0027s Stone"],"picked":"Runic Pyramid"}],"items_purged_floors":[20,28],"is_endless":false,"potions_floor_spawned":[1,3,7,12,16,18,19,25,35,41,45,46],"ascension_level":0}