{"gold_per_floor":[119,139,139,12,12,37,37,65,91,91,125,140,173,190,190,269,269,281,299,14,14,14],"floor_reached":22,"playtime":974,"items_purged":["Strike_R"],"score":474,"play_id":"0e69e62f-b5ed-42ef-b851-aa3680b6208c","local_time":"20190824190929","is_ascension_mode":true,"campfire_choices":[{"data":"Bash","floor":7.0,"key":"SMITH"},{"data":"Combust","floor":10.0,"key":"SMITH"},{"data":"Berserk","floor":15.0,"key":"SMITH"}],"neow_cost":"NONE","seed_source_timestamp":76245594155700,"circlet_count":0,"master_deck":["AscendersBane","Strike_R","Strike_R","Strike_R","Strike_R","Defend_R","Defend_R","Defend_R","Defend_R","Bash+1","Armaments+1","Pommel Strike","Disarm","Rampage+1","Combust+1","Uppercut","Berserk+1","True Grit","Feed","Inflame","Ghostly Armor","Master of Strategy"],"special_seed":0,"relics":["Burning Blood","NeowsBlessing","Regal Pillow","Bottled Flame","Vajra","Blood Vial","Incense Burner","Runic Pyramid"],"potions_floor_usage":[],"damage_taken":[{"damage":0.0,"enemies":"2 Louse","floor":1.0,"turns":1.0},{"damage":0.0,"enemies":"Cultist","floor":2.0,"turns":1.0},{"damage":0.0,"enemies":"Lagavulin","floor":6.0,"turns":1.0},{"damage":35.0,"enemies":"Gremlin Nob","floor":8.0,"turns":4.0},{"damage":45.0,"enemies":"3 Sentries","floor":11.0,"turns":7.0},{"damage":4.0,"enemies":"Small Slimes","floor":12.0,"turns":3.0},{"damage":13.0,"enemies":"Lagavulin","floor":13.0,"turns":7.0},{"damage":8.0,"enemies":"3 Louse","floor":14.0,"turns":4.0},{"damage":4.0,"enemies":"The Guardian","floor":16.0,"turns":11.0},{"damage":28.0,"enemies":"2 Thieves","floor":18.0,"turns":5.0},{"damage":27.0,"enemies":"Shell Parasite","floor":19.0,"turns":6.0},{"damage":42,"enemies":"Sentry and Sphere","floor":22,"turns":7}],"seed_played":"4352805572576840916","potions_obtained":[{"floor":11.0,"key":"Weak Potion"},{"floor":12.0,"key":"Explosive Potion"},{"floor":13.0,"key":"Regen Potion"}],"is_trial":false,"path_per_floor":["M","M","?","$","?","E","R","E","T","R","E","M","E","M","R","B",null,"M","M","$","?","M"],"character_chosen":"IRONCLAD","items_purchased":["Disarm","Rampage","Master of Strategy"],"campfire_rested":0,"item_purchase_floors":[4,4,20],"current_hp_per_floor":[74,75,75,75,80,80,80,51,51,51,12,16,11,23,23,27,67,51,35,35,35,0],"gold":14,"neow_bonus":"THREE_ENEMY_KILL","is_prod":false,"is_daily":false,"chose_seed":false,"campfire_upgraded":3,"win_rate":0,"timestamp":1566688169,"path_taken":["M","M","?","$","?","E","R","E","T","R","E","M","E","M","R","BOSS","M","M","$","?","M"],"build_version":"2019-07-17","purchased_purges":1,"victory":false,"max_hp_per_floor":[75,75,75,75,80,80,80,80,80,80,80,80,80,80,80,80,80,84,87,87,87,90],"card_choices":[{"not_picked":["Power Through","Reckless Charge"],"picked":"Armaments","floor":1.0},{"not_picked":["Headbutt","Iron Wave"],"picked":"Pommel Strike","floor":2.0},{"not_picked":["Body Slam","Juggernaut"],"picked":"Combust","floor":6.0},{"not_picked":["Warcry","Cleave","Sword Boomerang"],"picked":"SKIP","floor":8.0},{"not_picked":["Heavy Blade","Warcry","Body Slam"],"picked":"SKIP","floor":11.0},{"not_picked":["Twin Strike","Perfected Strike"],"picked":"Uppercut","floor":12.0},{"not_picked":["Burning Pact","Carnage"],"picked":"Berserk","floor":13.0},{"not_picked":["Sword Boomerang","Clash"],"picked":"True Grit","floor":14.0},{"not_picked":["Barricade","Exhume"],"picked":"Feed","floor":16.0},{"not_picked":["Sword Boomerang+1","Warcry"],"picked":"Inflame","floor":18.0},{"not_picked":["Hemokinesis","Sword Boomerang"],"picked":"Ghostly Armor","floor":19.0}],"player_experience":1499356,"relics_obtained":[{"floor":6.0,"key":"Regal Pillow"},{"floor":8.0,"key":"Bottled Flame"},{"floor":9.0,"key":"Vajra"},{"floor":11.0,"key":"Blood Vial"},{"floor":13.0,"key":"Incense Burner"}],"event_choices":[{"damage_healed":0.0,"max_hp_gain":0.0,"max_hp_loss":0.0,"gold_gain":0.0,"event_name":"Living Wall","player_choice":"Grow","floor":3.0,"gold_loss":0.0,"damage_taken":0.0,"cards_upgraded":["Armaments"]},{"damage_healed":0.0,"max_hp_gain":5.0,"max_hp_loss":0.0,"gold_gain":0.0,"event_name":"Big Fish","player_choice":"Donut","floor":5.0,"gold_loss":0.0,"damage_taken":0.0},{"damage_healed":0.0,"max_hp_gain":0.0,"max_hp_loss":0.0,"gold_gain":0.0,"event_name":"Upgrade Shrine","player_choice":"Upgraded","floor":21.0,"gold_loss":0.0,"damage_taken":0.0,"cards_upgraded":["Rampage"]}],"is_beta":false,"boss_relics":[{"not_picked":["Coffee Dripper","Lizard Tail"],"picked":"Runic Pyramid"}],"items_purged_floors":[20],"is_endless":false,"potions_floor_spawned":[11,12,13],"killed_by":"Sentry and Sphere","ascension_level":20}