{"gold_per_floor":[119,130,142,292,292,292,292,292,315,27,59,59,79,109,109,183,183,200,43,59,69,79,79,4,4,77,107,125,155,14,14,14,85,85,104,120,120,133,151,151,162,162,162,18,18],"floor_reached":45,"playtime":2760,"items_purged":["Doubt","Strike_B"],"score":1026,"play_id":"fbde480a-0456-4b6e-b657-ff31dee77128","local_time":"20190615142115","is_ascension_mode":true,"campfire_choices":[{"data":"Streamline","floor":6.0,"key":"SMITH"},{"data":"Beam Cell","floor":7.0,"key":"SMITH"},{"data":"Zap","floor":8.0,"key":"SMITH"},{"data":"Buffer","floor":15.0,"key":"SMITH"},{"floor":23.0,"key":"REST"},{"floor":25.0,"key":"REST"},{"floor":32.0,"key":"REST"},{"floor":40.0,"key":"RECALL"}],"neow_cost":"NONE","seed_source_timestamp":97864535990200,"circlet_count":0,"master_deck":["AscendersBane","Defend_B+1","Defend_B","Defend_B","Defend_B","Zap+1","Dualcast+1","Rebound","Streamline+1","Beam Cell+1","Cold Snap","Buffer+1","Coolheaded","Ball Lightning","Machine Learning","Cold Snap","Hologram","Melter","FTL","Compile Driver","Steam","Defragment","Rainbow","Conserve Battery+1","Defragment","Hologram","Coolheaded+1","Go for the Eyes","Flash of Steel"],"special_seed":0,"relics":["FrozenCore","NeowsBlessing","WingedGreaves","Potion Belt","Orichalcum","War Paint","FossilizedHelix","Inserter","Ornamental Fan","Juzu Bracelet","Strawberry"],"potions_floor_usage":[45],"damage_taken":[{"damage":0.0,"enemies":"Cultist","floor":1.0,"turns":1.0},{"damage":0.0,"enemies":"2 Louse","floor":2.0,"turns":1.0},{"damage":0.0,"enemies":"Jaw Worm","floor":3.0,"turns":1.0},{"damage":12.0,"enemies":"3 Sentries","floor":11.0,"turns":5.0},{"damage":7.0,"enemies":"3 Louse","floor":13.0,"turns":3.0},{"damage":0.0,"enemies":"Gremlin Nob","floor":14.0,"turns":4.0},{"damage":4.0,"enemies":"Slime Boss","floor":16.0,"turns":10.0},{"damage":0.0,"enemies":"Chosen","floor":18.0,"turns":5.0},{"damage":0.0,"enemies":"Spheric Guardian","floor":20.0,"turns":5.0},{"damage":31.0,"enemies":"3 Cultists","floor":21.0,"turns":5.0},{"damage":8.0,"enemies":"Snecko","floor":22.0,"turns":4.0},{"damage":30.0,"enemies":"Book of Stabbing","floor":27.0,"turns":4.0},{"damage":27.0,"enemies":"Shelled Parasite and Fungi","floor":28.0,"turns":4.0},{"damage":0.0,"enemies":"Gremlin Leader","floor":29.0,"turns":10.0},{"damage":26.0,"enemies":"Collector","floor":33.0,"turns":12.0},{"damage":0.0,"enemies":"3 Shapes","floor":35.0,"turns":8.0},{"damage":0.0,"enemies":"3 Darklings","floor":36.0,"turns":9.0},{"damage":16.0,"enemies":"Spire Growth","floor":38.0,"turns":8.0},{"damage":0.0,"enemies":"Sphere and 2 Shapes","floor":39.0,"turns":6.0},{"damage":0.0,"enemies":"Maw","floor":41.0,"turns":10.0},{"damage":60,"enemies":"Giant Head","floor":45,"turns":10}],"seed_played":"-1151037114275237620","potions_obtained":[{"floor":11.0,"key":"Poison Potion"},{"floor":13.0,"key":"EssenceOfSteel"},{"floor":14.0,"key":"GamblersBrew"},{"floor":16.0,"key":"Strength Potion"},{"floor":18.0,"key":"LiquidBronze"},{"floor":21.0,"key":"GamblersBrew"},{"floor":29.0,"key":"Energy Potion"},{"floor":33.0,"key":"Poison Potion"},{"floor":35.0,"key":"Dexterity Potion"},{"floor":38.0,"key":"Regen Potion"}],"is_trial":false,"path_per_floor":["M","M","M","?","?","R","R","R","T","$","E","?","M","E","R","B",null,"M","$","M","M","M","R","?","R","T","E","M","E","$","?","R","B",null,"M","M","?","M","M","R","M","?","T","$","E"],"character_chosen":"DEFECT","items_purchased":["Cold Snap","Orichalcum","Hologram","Defragment","PowerPotion","Flash of Steel","Dexterity Potion"],"campfire_rested":3,"item_purchase_floors":[10,10,19,30,30,44,44],"current_hp_per_floor":[64,64,64,64,53,53,53,53,53,53,41,41,34,34,34,30,61,61,61,61,30,22,43,43,64,64,34,7,14,14,14,37,11,61,61,61,61,45,60,60,60,60,60,60,0],"gold":18,"neow_bonus":"THREE_ENEMY_KILL","is_prod":false,"is_daily":false,"chose_seed":false,"campfire_upgraded":4,"win_rate":0,"timestamp":1560622875,"path_taken":["M","M","?","?","?","R","R","R","T","$","E","?","M","E","R","BOSS","M","?","M","M","?","R","?","R","T","E","M","E","?","?","R","BOSS","M","M","?","M","M","R","M","?","T","$","E"],"build_version":"2019-01-23","purchased_purges":2,"victory":false,"max_hp_per_floor":[71,71,71,71,71,71,71,71,71,71,71,71,71,71,71,71,71,71,71,71,71,71,71,71,71,71,71,71,78,78,78,78,78,78,78,78,78,78,78,78,78,78,78,78,78],"card_choices":[{"not_picked":["Barrage","Reprogram"],"picked":"Rebound","floor":1.0},{"not_picked":["Double Energy","Stack"],"picked":"Streamline","floor":2.0},{"not_picked":["Compile Driver","Static Discharge"],"picked":"Beam Cell","floor":3.0},{"not_picked":["Auto Shields","Turbo"],"picked":"Buffer","floor":11.0},{"not_picked":["Undo","Rip and Tear"],"picked":"Coolheaded","floor":13.0},{"not_picked":["Loop","Stack"],"picked":"Ball Lightning","floor":14.0},{"not_picked":["Biased Cognition","Thunder Strike"],"picked":"Machine Learning","floor":16.0},{"not_picked":["Static Discharge","Stack"],"picked":"Cold Snap","floor":18.0},{"not_picked":["BootSequence","Streamline"],"picked":"Melter","floor":20.0},{"not_picked":["Coolheaded","Rebound"],"picked":"FTL","floor":21.0},{"not_picked":["Heatsinks","Turbo"],"picked":"Compile Driver","floor":22.0},{"not_picked":["Skim","Hologram","Static Discharge+1"],"picked":"SKIP","floor":27.0},{"not_picked":["Melter+1","Amplify"],"picked":"Steam","floor":28.0},{"not_picked":["Static Discharge","Tempest","Beam Cell"],"picked":"SKIP","floor":29.0},{"not_picked":["Multi-Cast","Thunder Strike"],"picked":"Rainbow","floor":33.0},{"not_picked":["Redo","White Noise"],"picked":"Conserve Battery+1","floor":35.0},{"not_picked":["Fusion+1","Turbo"],"picked":"Defragment","floor":36.0},{"not_picked":["Lockon","Cold Snap"],"picked":"Hologram","floor":38.0},{"not_picked":["Go for the Eyes","Darkness"],"picked":"Coolheaded+1","floor":39.0},{"not_picked":["Streamline","Coolheaded+1"],"picked":"Go for the Eyes","floor":41.0}],"player_experience":1186021,"relics_obtained":[{"floor":9.0,"key":"Potion Belt"},{"floor":11.0,"key":"War Paint"},{"floor":14.0,"key":"FossilizedHelix"},{"floor":26.0,"key":"Ornamental Fan"},{"floor":27.0,"key":"Juzu Bracelet"},{"floor":29.0,"key":"Strawberry"}],"event_choices":[{"damage_healed":0.0,"max_hp_gain":0.0,"max_hp_loss":0.0,"gold_gain":150.0,"event_name":"Liars Game","player_choice":"AGREE","floor":4.0,"gold_loss":0.0,"damage_taken":0.0,"cards_obtained":["Doubt"]},{"damage_healed":0.0,"max_hp_gain":0.0,"max_hp_loss":0.0,"gold_gain":0.0,"event_name":"Scrap Ooze","player_choice":"Success","floor":5.0,"gold_loss":0.0,"damage_taken":11.0,"relics_obtained":["WingedGreaves"]},{"cards_removed":["Strike_B"],"damage_healed":0.0,"max_hp_gain":0.0,"max_hp_loss":0.0,"gold_gain":0.0,"event_name":"Purifier","player_choice":"Purged","floor":12.0,"gold_loss":0.0,"damage_taken":0.0},{"cards_removed":["Strike_B"],"damage_healed":0.0,"max_hp_gain":0.0,"max_hp_loss":0.0,"gold_gain":0.0,"event_name":"Beggar","player_choice":"Gave Gold","floor":24.0,"gold_loss":75.0,"damage_taken":0.0},{"cards_removed":["Strike_B"],"damage_healed":0.0,"max_hp_gain":0.0,"max_hp_loss":0.0,"gold_gain":0.0,"event_name":"Purifier","player_choice":"Purged","floor":37.0,"gold_loss":0.0,"damage_taken":0.0},{"damage_healed":0.0,"max_hp_gain":0.0,"max_hp_loss":0.0,"gold_gain":0.0,"event_name":"Mysterious Sphere","player_choice":"Ignored","floor":42.0,"gold_loss":0.0,"damage_taken":0.0}],"is_beta":false,"boss_relics":[{"not_picked":["Orrery","Eternal Feather"],"picked":"Inserter"},{"not_picked":["Cursed Key","Lizard Tail"],"picked":"FrozenCore"}],"items_purged_floors":[10,19],"is_endless":false,"potions_floor_spawned":[11,13,14,16,18,21,29,33,35,38],"killed_by":"Giant Head","ascension_level":20}