{"gold_per_floor":[114,130,144,219,169,169,185,185,185,197,197,222,222,242,242,338,338,349,399,416,429,277,277,311,144,144,144,155,70,90,90,90,185,185,199,216,216,235,235,235,254,254,254,306,332,282,7,27,27,27],"floor_reached":51,"playtime":2093,"items_purged":["Strike_B","Defend_B","Sunder+1"],"score":922,"play_id":"8f3e6562-7cee-4890-853c-e0dc03890f10","local_time":"20190719004533","is_ascension_mode":false,"campfire_choices":[{"data":"Sunder","floor":6.0,"key":"SMITH"},{"data":"Zap","floor":8.0,"key":"SMITH"},{"data":"Go for the Eyes","floor":11.0,"key":"SMITH"},{"data":"Shrug It Off","floor":15.0,"key":"SMITH"},{"data":"Defragment","floor":23,"key":"SMITH"},{"data":"Defragment","floor":27,"key":"SMITH"},{"data":"Double Energy","floor":32,"key":"PURGE"},{"data":"Beam Cell+1","floor":40,"key":"PURGE"},{"data":"Defend_B+1","floor":49,"key":"PURGE"}],"neow_cost":"NONE","seed_source_timestamp":684337492065962,"circlet_count":0,"master_deck":["Zap+1","Dualcast+1","Ball Lightning+1","Conserve Battery+1","Ball Lightning+1","Go for the Eyes+1","Coolheaded+1","Shrug It Off+1","Cold Snap+1","Echo Form+1","BootSequence+1","Hologram+1","Beam Cell+1","Defragment+1","Buffer+1","Defragment+1","Glacier+1","Amplify+1","Loop+1","Hologram+1","Deep Breath","Defragment+1"],"special_seed":0,"relics":["Cracked Core","Bronze Scales","Mercury Hourglass","Coffee Dripper","Peace Pipe","Bottled Lightning","Omamori","Cursed Key","Mark of the Bloom","Frozen Egg 2","PreservedInsect","Vajra"],"potions_floor_usage":[33,45,50,50],"damage_taken":[{"damage":0.0,"enemies":"2 Louse","floor":1.0,"turns":3.0},{"damage":5.0,"enemies":"Small Slimes","floor":2.0,"turns":3.0},{"damage":0.0,"enemies":"Cultist","floor":3.0,"turns":3.0},{"damage":0.0,"enemies":"Large Slime","floor":7.0,"turns":4.0},{"damage":0.0,"enemies":"Gremlin Gang","floor":10.0,"turns":3.0},{"damage":9.0,"enemies":"Lagavulin","floor":12.0,"turns":6.0},{"damage":0.0,"enemies":"2 Fungi Beasts","floor":14.0,"turns":2.0},{"damage":0.0,"enemies":"Slime Boss","floor":16.0,"turns":6.0},{"damage":0.0,"enemies":"2 Thieves","floor":18.0,"turns":2.0},{"damage":0,"enemies":"Chosen","floor":20,"turns":3},{"damage":4,"enemies":"Snecko","floor":21,"turns":4},{"damage":16,"enemies":"Slavers","floor":24,"turns":5},{"damage":0,"enemies":"Cultist and Chosen","floor":28,"turns":4},{"damage":0,"enemies":"Shelled Parasite and Fungi","floor":30,"turns":4},{"damage":0,"enemies":"Collector","floor":33,"turns":10},{"damage":8,"enemies":"3 Darklings","floor":35,"turns":3},{"damage":0,"enemies":"Orb Walker","floor":36,"turns":3},{"damage":0,"enemies":"Sphere and 2 Shapes","floor":38,"turns":5},{"damage":0,"enemies":"Writhing Mass","floor":41,"turns":5},{"damage":0,"enemies":"Nemesis","floor":45,"turns":7},{"damage":0,"enemies":"Transient","floor":48,"turns":5},{"damage":0,"enemies":"Donu and Deca","floor":50,"turns":6}],"seed_played":"4570670409988709372","potions_obtained":[{"floor":1.0,"key":"Explosive Potion"},{"floor":2.0,"key":"Energy Potion"},{"floor":10.0,"key":"PowerPotion"},{"floor":20,"key":"GamblersBrew"},{"floor":21,"key":"Fire Potion"},{"floor":38,"key":"Weak Potion"}],"is_trial":false,"path_per_floor":["M","M","M","?","?","R","M","R","T","M","R","E","?","M","R","B",null,"M","?","M","M","$","R","E","$","T","R","M","?","M","?","R","B",null,"M","M","?","M","?","R","M","?","T","T","E","$","$","M","R","B",null],"character_chosen":"DEFECT","items_purchased":["Defragment","Defragment","PowerPotion","Defragment+1","FocusPotion"],"campfire_rested":0,"item_purchase_floors":[22,25,46,47,47],"current_hp_per_floor":[75,70,70,59,59,59,59,59,59,59,59,50,50,50,50,50,75,75,75,75,71,71,71,55,55,55,55,55,55,55,55,55,55,75,67,67,67,67,67,67,67,67,67,67,67,67,67,67,67,67],"gold":27,"neow_bonus":"REMOVE_CARD","is_prod":false,"is_daily":false,"chose_seed":false,"campfire_upgraded":6,"win_rate":0,"timestamp":1563464733,"path_taken":["M","M","M","?","?","R","M","R","T","M","R","E","?","?","R","BOSS","M","?","?","M","$","R","E","$","T","R","M","?","M","?","R","BOSS","M","M","?","M","?","R","M","?","T","?","E","?","$","M","R","BOSS"],"build_version":"2019-07-17","purchased_purges":3,"victory":true,"max_hp_per_floor":[75,75,75,75,75,75,75,75,75,75,75,75,75,75,75,75,75,75,75,75,75,75,75,75,75,75,75,75,75,75,75,75,75,75,75,75,75,75,75,75,75,75,75,75,75,75,75,75,75,75],"card_choices":[{"not_picked":["Barrage","Hologram"],"picked":"Sunder","floor":1.0},{"not_picked":["Compile Driver","Reinforced Body"],"picked":"Ball Lightning","floor":2.0},{"not_picked":["Blizzard","Rebound"],"picked":"Conserve Battery","floor":3.0},{"not_picked":["Compile Driver","BootSequence"],"picked":"Ball Lightning","floor":7.0},{"not_picked":["Redo","Streamline"],"picked":"Go for the Eyes","floor":10.0},{"not_picked":["Scrape","Thunder Strike"],"picked":"Coolheaded","floor":12.0},{"not_picked":["Conserve Battery","Force Field"],"picked":"Cold Snap","floor":14.0},{"not_picked":["Thunder Strike","Meteor Strike"],"picked":"Echo Form","floor":16.0},{"not_picked":["Beam Cell","Scrape"],"picked":"BootSequence","floor":18.0},{"not_picked":["Go for the Eyes","Conserve Battery"],"picked":"Hologram","floor":20},{"not_picked":["Redo","Rip and Tear"],"picked":"Beam Cell","floor":21},{"not_picked":["Rebound+1","Coolheaded"],"picked":"Buffer","floor":24},{"not_picked":["Redo","Barrage"],"picked":"Glacier","floor":28},{"not_picked":["Auto Shields","Cold Snap","Go for the Eyes"],"picked":"SKIP","floor":30},{"not_picked":["Multi-Cast","All For One"],"picked":"Amplify","floor":33},{"not_picked":["Gash+1","Static Discharge"],"picked":"Loop+1","floor":35},{"not_picked":["Beam Cell+1","Sweeping Beam","Chaos+1"],"picked":"SKIP","floor":36},{"not_picked":["Conserve Battery+1","Fusion","Redo+1"],"picked":"SKIP","floor":38},{"not_picked":["Steam+1","Sweeping Beam"],"picked":"Hologram+1","floor":41},{"not_picked":["Panacea","Bandage Up"],"picked":"Deep Breath","floor":42},{"not_picked":["Barrage","FTL+1","Fusion+1"],"picked":"SKIP","floor":45},{"not_picked":["Steam Power","Consume","Hello World+1"],"picked":"SKIP","floor":48}],"player_experience":71702,"relics_obtained":[{"floor":9.0,"key":"Bronze Scales"},{"floor":12.0,"key":"Mercury Hourglass"},{"floor":24,"key":"Peace Pipe"},{"floor":26,"key":"Bottled Lightning"},{"floor":43,"key":"Frozen Egg 2"},{"floor":44,"key":"PreservedInsect"},{"floor":45,"key":"Vajra"}],"event_choices":[{"damage_healed":0.0,"max_hp_gain":0.0,"max_hp_loss":0.0,"gold_gain":75.0,"event_name":"World of Goop","player_choice":"Gather Gold","floor":4.0,"gold_loss":0.0,"damage_taken":11.0},{"cards_removed":["Strike_B"],"damage_healed":0.0,"max_hp_gain":0.0,"max_hp_loss":0.0,"gold_gain":0.0,"event_name":"The Cleric","player_choice":"Card Removal","floor":5.0,"gold_loss":50.0,"damage_taken":0.0},{"cards_removed":["Strike_B"],"damage_healed":0.0,"max_hp_gain":0.0,"max_hp_loss":0.0,"gold_gain":0.0,"event_name":"NoteForYourself","player_choice":"Took Card","floor":13.0,"gold_loss":0.0,"damage_taken":0.0,"cards_obtained":["Shrug It Off"]},{"damage_healed":0,"gold_gain":100,"player_choice":"Bet on Murderer","damage_taken":0,"max_hp_gain":0,"max_hp_loss":0,"event_name":"The Joust","floor":19,"gold_loss":50},{"damage_healed":0,"gold_gain":0,"player_choice":"Obtained Relic","damage_taken":0,"relics_obtained":["Omamori"],"max_hp_gain":0,"max_hp_loss":0,"event_name":"Addict","floor":29,"gold_loss":85},{"damage_healed":0,"gold_gain":0,"cards_transformed":["Defend_B","Defend_B"],"player_choice":"Became Test Subject","damage_taken":0,"max_hp_gain":0,"max_hp_loss":0,"event_name":"Drug Dealer","floor":31,"gold_loss":0,"cards_obtained":["Beam Cell","Double Energy"]},{"damage_healed":0,"gold_gain":0,"player_choice":"Upgrade","damage_taken":0,"relics_obtained":["Mark of the Bloom"],"max_hp_gain":0,"max_hp_loss":0,"event_name":"MindBloom","floor":37,"gold_loss":0,"cards_upgraded":["Defend_B","Dualcast","Ball Lightning","Conserve Battery","Ball Lightning","Coolheaded","Cold Snap","Echo Form","BootSequence","Hologram","Beam Cell","Buffer","Glacier","Beam Cell","Amplify"]},{"damage_healed":0,"gold_gain":0,"player_choice":"Ignored","damage_taken":0,"max_hp_gain":0,"max_hp_loss":0,"event_name":"Tomb of Lord Red Mask","floor":39,"gold_loss":0},{"damage_healed":0,"gold_gain":0,"player_choice":"Memory 1","damage_taken":0,"max_hp_gain":0,"max_hp_loss":0,"event_name":"SensoryStone","floor":42,"gold_loss":0}],"is_beta":false,"boss_relics":[{"not_picked":["FrozenCore","Black Star"],"picked":"Coffee Dripper"},{"not_picked":["Runic Dome","Snecko Eye"],"picked":"Cursed Key"}],"items_purged_floors":[22,25,47],"is_endless":false,"potions_floor_spawned":[1,2,10,14,20,21,30,38,48],"ascension_level":0}