{"gold_per_floor":[109,24,35,35,0,0,33,33,33,73,73,87,27,68,68,161,161,179,179,179,179,210,210,239,239,262,262,297,310,310,39,39,117,117,134,134,148,14,28,28,28,40,40,74,74,74],"floor_reached":46,"playtime":2975,"items_purged":["Strike_G","Strike_G"],"score":1196,"play_id":"a9ba2433-3631-4504-9cc1-80b7020510d0","local_time":"20190825192740","is_ascension_mode":true,"campfire_choices":[{"data":"Crippling Poison","floor":6,"key":"SMITH"},{"floor":15,"key":"REST"},{"data":"Footwork","floor":23,"key":"SMITH"},{"data":"Glass Knife","floor":25,"key":"SMITH"},{"data":"RitualDagger","floor":30,"key":"SMITH"},{"data":"Well Laid Plans","floor":32,"key":"SMITH"},{"floor":40,"key":"RECALL"},{"data":"Night Terror","floor":45,"key":"SMITH"}],"neow_cost":"NONE","seed_source_timestamp":32524536098400,"circlet_count":0,"master_deck":["AscendersBane","Strike_G+1","Defend_G","Defend_G","Defend_G","Defend_G","Defend_G+1","Survivor+1","Neutralize","PiercingWail","Crippling Poison+1","Crippling Poison","Catalyst+1","Predator+1","Backstab","Escape Plan","Deadly Poison","Glass Knife+1","Backflip","Well Laid Plans+1","Choke","Deflect","Footwork+1","Blade Dance+1","RitualDagger+1","Catalyst","After Image+1","Acrobatics+1","Cloak And Dagger","Prepared+1","Dodge and Roll","Night Terror+1"],"relics":["Ring of the Snake","NeowsBlessing","Bloody Idol","The Courier","Ornamental Fan","Dream Catcher","Ginger","Runic Dome","Red Mask","Gremlin Horn","Potion Belt","Orichalcum","Whetstone","Coffee Dripper","Snake Skull","Vajra"],"potions_floor_usage":[10,16,33,33,44],"damage_taken":[{"damage":0,"enemies":"Cultist","floor":1,"turns":1},{"damage":0,"enemies":"2 Louse","floor":3,"turns":1},{"damage":0,"enemies":"3 Sentries","floor":7,"turns":1},{"damage":39,"enemies":"Gremlin Nob","floor":10,"turns":5},{"damage":0,"enemies":"Jaw Worm","floor":12,"turns":4},{"damage":11,"enemies":"3 Sentries","floor":14,"turns":6},{"damage":0,"enemies":"The Guardian","floor":16,"turns":7},{"damage":11,"enemies":"Shell Parasite","floor":18,"turns":5},{"damage":4,"enemies":"Masked Bandits","floor":22,"turns":3},{"damage":7,"enemies":"Book of Stabbing","floor":24,"turns":5},{"damage":5,"enemies":"Gremlin Leader","floor":28,"turns":5},{"damage":0,"enemies":"3 Byrds","floor":29,"turns":4},{"damage":17,"enemies":"Automaton","floor":33,"turns":6},{"damage":7,"enemies":"3 Darklings","floor":35,"turns":5},{"damage":0,"enemies":"3 Shapes","floor":37,"turns":3},{"damage":4,"enemies":"Sphere and 2 Shapes","floor":39,"turns":6},{"damage":44,"enemies":"Writhing Mass","floor":42,"turns":6},{"damage":19,"enemies":"Nemesis","floor":44,"turns":5},{"damage":19,"enemies":"3 Darklings","floor":46,"turns":2}],"seed_played":"-3125875105176301324","potions_obtained":[{"floor":3,"key":"Fire Potion"},{"floor":7,"key":"Regen Potion"},{"floor":14,"key":"FearPotion"},{"floor":28,"key":"Poison Potion"},{"floor":29,"key":"FearPotion"},{"floor":37,"key":"Regen Potion"},{"floor":44,"key":"Weak Potion"}],"is_trial":false,"path_per_floor":["M","$","M","?","?","R","E","?","T","E","?","M","$","E","R","B",null,"M","?","?","?","?","R","E","R","T","?","E","M","R","$","R","B",null,"M","?","M","$","M","R","?","M","T","E","R","M"],"character_chosen":"THE_SILENT","items_purchased":["Crippling Poison","LiquidBronze","Whetstone","Snake Skull"],"campfire_rested":1,"item_purchase_floors":[2,31,31,38],"current_hp_per_floor":[59,59,59,59,60,60,60,42,42,17,17,17,17,6,24,24,51,40,40,40,40,41,41,39,39,44,38,38,43,43,43,43,31,53,51,51,56,56,57,57,57,18,18,19,19,0],"gold":74,"neow_bonus":"THREE_ENEMY_KILL","is_prod":false,"is_daily":false,"chose_seed":false,"campfire_upgraded":6,"win_rate":0,"timestamp":1566775660,"path_taken":["M","$","M","?","?","R","E","?","T","E","?","M","$","E","R","BOSS","M","?","?","?","?","R","E","R","T","?","E","?","R","?","R","BOSS","M","?","?","$","M","R","?","M","T","E","R","M"],"build_version":"2019-07-17","purchased_purges":2,"victory":false,"max_hp_per_floor":[66,66,66,60,60,60,60,60,60,60,60,60,60,60,60,60,60,60,60,60,60,60,60,60,60,60,60,60,60,60,60,60,60,60,60,60,60,60,60,60,57,57,57,57,57,57],"card_choices":[{"not_picked":["Underhanded Strike","Acrobatics"],"picked":"PiercingWail","floor":1},{"not_picked":["Slice","Underhanded Strike"],"picked":"Crippling Poison","floor":3},{"not_picked":["Well Laid Plans","Caltrops"],"picked":"Catalyst","floor":7},{"not_picked":["Blur","Calculated Gamble"],"picked":"Predator","floor":10},{"not_picked":["Bane","Outmaneuver"],"picked":"Backstab","floor":12},{"not_picked":["Dodge and Roll","Deflect"],"picked":"Escape Plan","floor":14},{"not_picked":["PiercingWail","Choke"],"picked":"Deadly Poison","floor":15},{"not_picked":["Bullet Time","Phantasmal Killer"],"picked":"Glass Knife","floor":16},{"not_picked":["PiercingWail","Acrobatics"],"picked":"Backflip","floor":18},{"not_picked":["Quick Slash","Blade Dance"],"picked":"Footwork","floor":22},{"not_picked":["Catalyst","Slice"],"picked":"Blade Dance+1","floor":24},{"not_picked":["Sucker Punch","Blade Dance+1"],"picked":"Catalyst","floor":28},{"not_picked":["Finisher","Bane+1","Deadly Poison"],"picked":"SKIP","floor":29},{"not_picked":["A Thousand Cuts","Doppelganger"],"picked":"After Image","floor":33},{"not_picked":["Prepared","Heel Hook"],"picked":"Acrobatics+1","floor":35},{"not_picked":["Underhanded Strike","Dagger Throw+1"],"picked":"Cloak And Dagger","floor":37},{"not_picked":["Quick Slash+1","Choke+1"],"picked":"Prepared+1","floor":39},{"not_picked":["Blade Dance","Sucker Punch"],"picked":"Dodge and Roll","floor":42},{"not_picked":["Eviscerate+1","Escape Plan"],"picked":"Night Terror","floor":44}],"player_experience":1511092,"relics_obtained":[{"floor":7,"key":"The Courier"},{"floor":9,"key":"Ornamental Fan"},{"floor":10,"key":"Dream Catcher"},{"floor":14,"key":"Ginger"},{"floor":22,"key":"Red Mask"},{"floor":24,"key":"Gremlin Horn"},{"floor":26,"key":"Potion Belt"},{"floor":28,"key":"Orichalcum"},{"floor":44,"key":"Vajra"}],"event_choices":[{"damage_healed":0,"gold_gain":0,"player_choice":"Lose Max HP","damage_taken":0,"relics_obtained":["Golden Idol"],"max_hp_gain":0,"max_hp_loss":6,"event_name":"Golden Idol","floor":4,"gold_loss":0},{"damage_healed":15,"gold_gain":0,"player_choice":"Healed","damage_taken":0,"max_hp_gain":0,"max_hp_loss":0,"event_name":"The Cleric","floor":5,"gold_loss":35},{"damage_healed":0,"gold_gain":0,"player_choice":"Entered Light","damage_taken":18,"max_hp_gain":0,"max_hp_loss":0,"event_name":"Shining Light","floor":8,"gold_loss":0,"cards_upgraded":["Defend_G","Survivor"]},{"damage_healed":0,"gold_gain":0,"player_choice":"Grow","damage_taken":0,"max_hp_gain":0,"max_hp_loss":0,"event_name":"Living Wall","floor":11,"gold_loss":0,"cards_upgraded":["Catalyst"]},{"damage_healed":0,"gold_gain":0,"player_choice":"Gave Idol","damage_taken":0,"relics_obtained":["Bloody Idol"],"max_hp_gain":0,"max_hp_loss":0,"event_name":"Forgotten Altar","floor":19,"relics_lost":["Golden Idol"],"gold_loss":0},{"damage_healed":0,"gold_gain":0,"player_choice":"Read","damage_taken":0,"max_hp_gain":0,"max_hp_loss":0,"event_name":"The Library","floor":20,"gold_loss":0,"cards_obtained":["Well Laid Plans"]},{"damage_healed":0,"gold_gain":0,"cards_transformed":["Strike_G","Strike_G"],"player_choice":"Became Test Subject","damage_taken":0,"max_hp_gain":0,"max_hp_loss":0,"event_name":"Drug Dealer","floor":21,"gold_loss":0,"cards_obtained":["Choke","Deflect"]},{"damage_healed":0,"gold_gain":0,"player_choice":"Fought Bandits","damage_taken":0,"max_hp_gain":0,"max_hp_loss":0,"event_name":"Masked Bandits","floor":22,"gold_loss":0},{"damage_healed":0,"gold_gain":0,"player_choice":"Joined the Cult","damage_taken":6,"max_hp_gain":0,"max_hp_loss":0,"event_name":"Nest","floor":27,"gold_loss":0,"cards_obtained":["RitualDagger"]},{"damage_healed":0,"gold_gain":0,"player_choice":"Forge","damage_taken":0,"max_hp_gain":0,"max_hp_loss":0,"event_name":"Accursed Blacksmith","floor":36,"gold_loss":0,"cards_upgraded":["After Image"]},{"damage_healed":0,"gold_gain":0,"player_choice":"Max HP","damage_taken":0,"max_hp_gain":0,"max_hp_loss":3,"event_name":"Winding Halls","floor":41,"gold_loss":0}],"is_beta":false,"boss_relics":[{"not_picked":["Black Star","Velvet Choker"],"picked":"Runic Dome"},{"not_picked":["Calling Bell","Fusion Hammer"],"picked":"Coffee Dripper"}],"items_purged_floors":[13,31],"is_endless":false,"potions_floor_spawned":[3,7,14,28,29,37,44],"killed_by":"3 Darklings","ascension_level":20}