{"gold_per_floor":[114,114,134,145,161,161,194,194,194,209,220,220,230,257,257,358,358,377,396,396,396,34,34,68,144,191,191,70,89,63,153,153,252,252,266,266,37,48,148,148,163,180,180,180,199,213,232,250,250,250],"floor_reached":51,"playtime":3121,"items_purged":[],"score":696,"play_id":"cb5479e4-9477-468c-b60e-f9b9db67f841","local_time":"20190827211307","is_ascension_mode":false,"campfire_choices":[{"data":"Rip and Tear","floor":6.0,"key":"SMITH"},{"data":"Noxious Fumes","floor":8.0,"key":"SMITH"},{"data":"Zap","floor":12.0,"key":"SMITH"},{"floor":15.0,"key":"REST"},{"data":"Self Repair","floor":23,"key":"SMITH"},{"data":"Creative AI","floor":27,"key":"SMITH"},{"data":"Buffer","floor":32,"key":"SMITH"},{"data":"Defragment","floor":40,"key":"SMITH"},{"data":"Defragment","floor":44,"key":"SMITH"},{"data":"Loop","floor":49,"key":"SMITH"}],"neow_cost":"NONE","seed_source_timestamp":612321297568400,"circlet_count":0,"master_deck":["Defend_B","Defend_B","Defend_B","Defend_B","Zap+1","Dualcast","Barrage","Noxious Fumes+1","Rip and Tear+1","Sweeping Beam","Ball Lightning","Defragment+1","Defragment+1","Steam","Creative AI+1","Defragment","Seek","FTL+1","Reboot+1","Compile Driver+1","Static Discharge+1","BootSequence","Self Repair+1","Conserve Battery","Buffer+1","Coolheaded","Machine Learning","Fusion","Loop+1","Recycle+1","Undo+1","Consume+1","Hologram"],"special_seed":0,"relics":["FrozenCore","NeowsBlessing","Letter Opener","Ginger","Odd Mushroom","Astrolabe","Thread and Needle","Girya","Bottled Flame","Oddly Smooth Stone","Membership Card","Mercury Hourglass"],"potions_floor_usage":[24,42,50,50,50],"damage_taken":[{"damage":0.0,"enemies":"Jaw Worm","floor":1.0,"turns":1.0},{"damage":0.0,"enemies":"Cultist","floor":3.0,"turns":1.0},{"damage":0.0,"enemies":"Small Slimes","floor":4.0,"turns":1.0},{"damage":15.0,"enemies":"Exordium Wildlife","floor":5.0,"turns":5.0},{"damage":25.0,"enemies":"Gremlin Nob","floor":7.0,"turns":4.0},{"damage":0.0,"enemies":"Blue Slaver","floor":10.0,"turns":2.0},{"damage":8.0,"enemies":"Exordium Thugs","floor":11.0,"turns":4.0},{"damage":6.0,"enemies":"3 Louse","floor":13.0,"turns":3.0},{"damage":11.0,"enemies":"The Mushroom Lair","floor":14.0,"turns":4.0},{"damage":31.0,"enemies":"The Guardian","floor":16.0,"turns":8.0},{"damage":0.0,"enemies":"Spheric Guardian","floor":18.0,"turns":3.0},{"damage":0.0,"enemies":"3 Byrds","floor":19.0,"turns":3.0},{"damage":23,"enemies":"Book of Stabbing","floor":24,"turns":4},{"damage":10,"enemies":"Snake Plant","floor":29,"turns":4},{"damage":0,"enemies":"Champ","floor":33,"turns":14},{"damage":21,"enemies":"3 Darklings","floor":35,"turns":5},{"damage":0,"enemies":"3 Shapes","floor":38,"turns":9},{"damage":7,"enemies":"3 Darklings","floor":41,"turns":7},{"damage":0,"enemies":"Transient","floor":42,"turns":5},{"damage":0,"enemies":"Spire Growth","floor":45,"turns":9},{"damage":0,"enemies":"4 Shapes","floor":46,"turns":7},{"damage":0,"enemies":"Writhing Mass","floor":47,"turns":9},{"damage":3,"enemies":"Spire Growth","floor":48,"turns":9},{"damage":12,"enemies":"Awakened One","floor":50,"turns":24}],"seed_played":"-8320141798681623908","potions_obtained":[{"floor":5.0,"key":"Swift Potion"},{"floor":10.0,"key":"EssenceOfSteel"},{"floor":16.0,"key":"PowerPotion"},{"floor":18.0,"key":"EssenceOfSteel"},{"floor":19.0,"key":"LiquidBronze"},{"floor":38,"key":"FocusPotion"},{"floor":45,"key":"Strength Potion"},{"floor":46,"key":"Dexterity Potion"}],"is_trial":false,"path_per_floor":["M","?","M","M","M","R","E","R","T","M","M","R","M","?","R","B",null,"M","M","?","?","$","R","E","T","T","R","$","M","$","?","R","B",null,"M","?","$","M","?","R","M","M","T","R","M","M","M","M","R","B",null],"character_chosen":"DEFECT","items_purchased":["Thread and Needle","Self Repair","Conserve Battery","FocusPotion","Coolheaded","Membership Card","Loop"],"campfire_rested":1,"item_purchase_floors":[22,22,28,28,30,37,37],"current_hp_per_floor":[75,75,75,75,60,60,35,35,35,35,27,27,21,10,32,1,75,75,75,75,75,75,75,62,62,62,62,62,62,62,48,48,58,75,64,64,64,74,74,74,75,75,75,75,75,75,75,75,75,63],"gold":250,"neow_bonus":"THREE_ENEMY_KILL","is_prod":false,"is_daily":false,"chose_seed":false,"campfire_upgraded":9,"win_rate":0,"timestamp":1566907987,"path_taken":["M","?","M","M","M","R","E","R","T","M","M","R","?","?","R","BOSS","M","M","?","?","$","R","E","?","T","R","$","?","?","?","R","BOSS","M","?","$","M","?","R","M","M","T","R","?","M","M","M","R","BOSS"],"build_version":"2019-07-17","purchased_purges":0,"victory":true,"max_hp_per_floor":[75,75,75,75,75,75,75,75,75,75,75,75,75,75,75,75,75,75,75,75,75,75,75,75,75,75,75,75,75,75,75,75,75,75,75,75,75,75,75,75,75,75,75,75,75,75,75,75,75,75],"card_choices":[{"not_picked":["Go for the Eyes","Leap"],"picked":"Barrage","floor":1.0},{"not_picked":["Gash","Fusion"],"picked":"Rip and Tear","floor":3.0},{"not_picked":["Chaos","Hologram"],"picked":"Sweeping Beam","floor":4.0},{"not_picked":["Gash","Hologram"],"picked":"Ball Lightning","floor":5.0},{"not_picked":["Leap","Darkness"],"picked":"Defragment","floor":7.0},{"not_picked":["Gash","Reprogram"],"picked":"Defragment","floor":10.0},{"not_picked":["Lockon","Turbo"],"picked":"Steam","floor":11.0},{"not_picked":["Beam Cell","Steam"],"picked":"Creative AI","floor":13.0},{"not_picked":["Sweeping Beam","Barrage"],"picked":"Defragment","floor":14.0},{"not_picked":["Multi-Cast","Creative AI"],"picked":"Seek","floor":16.0},{"not_picked":["Rebound","Go for the Eyes"],"picked":"Static Discharge+1","floor":18.0},{"not_picked":["Conserve Battery","Rebound"],"picked":"BootSequence","floor":19.0},{"not_picked":["Gash","Darkness","Beam Cell"],"picked":"SKIP","floor":24},{"not_picked":["Compile Driver","Chaos+1"],"picked":"Buffer","floor":29},{"not_picked":["Fission","Hyperbeam"],"picked":"Machine Learning","floor":33},{"not_picked":["Stack+1","BootSequence+1"],"picked":"Fusion","floor":35},{"not_picked":["Steam","Turbo+1","Reprogram"],"picked":"SKIP","floor":38},{"not_picked":["Blizzard+1","Redo"],"picked":"Recycle+1","floor":41},{"not_picked":["Conserve Battery","Turbo+1"],"picked":"Undo+1","floor":42},{"not_picked":["Redo+1","Gash"],"picked":"Consume+1","floor":45},{"not_picked":["Tempest+1","Steam","Ball Lightning+1"],"picked":"SKIP","floor":46},{"not_picked":["Ball Lightning","Reprogram"],"picked":"Hologram","floor":47},{"not_picked":["BootSequence","Stack+1","Sweeping Beam+1"],"picked":"SKIP","floor":48}],"player_experience":240179,"relics_obtained":[{"floor":7.0,"key":"Letter Opener"},{"floor":9.0,"key":"Ginger"},{"floor":14.0,"key":"Odd Mushroom"},{"floor":24,"key":"Girya"},{"floor":25,"key":"Bottled Flame"},{"floor":26,"key":"Oddly Smooth Stone"},{"floor":43,"key":"Mercury Hourglass"}],"event_choices":[{"cards_removed":["Strike_B"],"damage_healed":0.0,"max_hp_gain":0.0,"max_hp_loss":0.0,"gold_gain":0.0,"event_name":"NoteForYourself","player_choice":"Took Card","floor":2.0,"gold_loss":0.0,"damage_taken":0.0,"cards_obtained":["Noxious Fumes"]},{"damage_healed":0.0,"max_hp_gain":0.0,"max_hp_loss":0.0,"gold_gain":0.0,"event_name":"Mushrooms","player_choice":"Fought Mushrooms","floor":14.0,"gold_loss":0.0,"damage_taken":0.0},{"damage_healed":0.0,"max_hp_gain":0.0,"max_hp_loss":0.0,"gold_gain":0.0,"event_name":"Vampires","player_choice":"Ignored","floor":20.0,"gold_loss":0.0,"damage_taken":0.0},{"damage_healed":0,"gold_gain":0,"player_choice":"Ignored","damage_taken":0,"max_hp_gain":0,"max_hp_loss":0,"event_name":"The Mausoleum","floor":21,"gold_loss":0},{"damage_healed":0,"gold_gain":90,"player_choice":"GOLD ","damage_taken":14,"max_hp_gain":0,"max_hp_loss":0,"event_name":"Knowing Skull","floor":31,"potions_obtained":[],"gold_loss":0,"cards_obtained":[]},{"damage_healed":0,"gold_gain":0,"player_choice":"Ignored","damage_taken":0,"max_hp_gain":0,"max_hp_loss":0,"event_name":"Tomb of Lord Red Mask","floor":36,"gold_loss":0},{"damage_healed":0,"gold_gain":100,"player_choice":"Pray","damage_taken":0,"max_hp_gain":0,"max_hp_loss":0,"event_name":"Golden Shrine","floor":39,"gold_loss":0}],"is_beta":false,"boss_relics":[{"not_picked":["Philosopher\u0027s Stone","Coffee Dripper"],"picked":"Astrolabe"},{"not_picked":["Busted Crown","Black Star"],"picked":"FrozenCore"}],"items_purged_floors":[],"is_endless":false,"potions_floor_spawned":[5,10,16,18,19,38,45,46],"ascension_level":0}