{"gold_per_floor":[218,236,49,49,65,65,94,94,118,118,150,169,197,209,209,282,282,302,313,324,44,61,89,89,104,104,131,131,146,146,172,172,246,246,263,312,44,58,76,76,76,76,125,0,0,0,28,28,28,28,28,28,28,28,63,63],"floor_reached":56,"playtime":3231,"items_purged":["Strike_R","Strike_R"],"score":2006,"play_id":"e418b789-30af-4894-b5df-afd17dd106d8","local_time":"20190611165813","is_ascension_mode":true,"campfire_choices":[{"data":"Bash","floor":6.0,"key":"SMITH"},{"data":"Combust","floor":8.0,"key":"SMITH"},{"data":"Inflame","floor":10.0,"key":"SMITH"},{"data":"True Grit","floor":15.0,"key":"SMITH"},{"data":"Perfected Strike","floor":24.0,"key":"SMITH"},{"data":"Whirlwind","floor":28.0,"key":"SMITH"},{"data":"Offering","floor":32.0,"key":"SMITH"},{"floor":40.0,"key":"REST"},{"floor":46.0,"key":"RECALL"},{"floor":49.0,"key":"REST"},{"floor":53.0,"key":"REST"}],"neow_cost":"NONE","seed_source_timestamp":1289714752645900,"circlet_count":0,"master_deck":["AscendersBane","Strike_R","Strike_R","Defend_R","Defend_R+1","Defend_R","Bash+1","Combust+1","Pommel Strike","Armaments+1","Inflame+1","Infernal Blade","Battle Trance","True Grit+1","Shrug It Off","Limit Break","Sentinel","Perfected Strike+1","Flame Barrier+1","Whirlwind+1","Disarm+1","True Grit","Offering+1","Feed","Immolate","Shrug It Off+1","Corruption","Reaper","Body Slam","The Bomb","Dark Shackles"],"special_seed":0,"relics":["Burning Blood","Oddly Smooth Stone","Happy Flower","Mercury Hourglass","Thread and Needle","Snecko Eye","TheAbacus","The Courier","Charon\u0027s Ashes","Juzu Bracelet","Gremlin Horn","Fusion Hammer","StoneCalendar","Dream Catcher","Red Mask","Bird Faced Urn","War Paint"],"potions_floor_usage":[56],"damage_taken":[{"damage":6.0,"enemies":"Cultist","floor":1.0,"turns":3.0},{"damage":14.0,"enemies":"Small Slimes","floor":2.0,"turns":3.0},{"damage":4.0,"enemies":"2 Louse","floor":5.0,"turns":3.0},{"damage":3.0,"enemies":"3 Sentries","floor":7.0,"turns":4.0},{"damage":30.0,"enemies":"Lagavulin","floor":11.0,"turns":6.0},{"damage":6.0,"enemies":"Gremlin Gang","floor":12.0,"turns":3.0},{"damage":8.0,"enemies":"Gremlin Nob","floor":13.0,"turns":3.0},{"damage":2.0,"enemies":"Exordium Wildlife","floor":14.0,"turns":3.0},{"damage":37.0,"enemies":"The Guardian","floor":16.0,"turns":12.0},{"damage":5.0,"enemies":"3 Byrds","floor":18.0,"turns":4.0},{"damage":3.0,"enemies":"Spheric Guardian","floor":19.0,"turns":5.0},{"damage":6.0,"enemies":"Snecko","floor":20.0,"turns":6.0},{"damage":3.0,"enemies":"3 Cultists","floor":22.0,"turns":3.0},{"damage":2.0,"enemies":"Slavers","floor":23.0,"turns":3.0},{"damage":2.0,"enemies":"Sentry and Sphere","floor":25.0,"turns":4.0},{"damage":9.0,"enemies":"Book of Stabbing","floor":27.0,"turns":4.0},{"damage":6.0,"enemies":"Snake Plant","floor":29.0,"turns":4.0},{"damage":0.0,"enemies":"Gremlin Leader","floor":31.0,"turns":5.0},{"damage":12.0,"enemies":"Champ","floor":33.0,"turns":16.0},{"damage":1.0,"enemies":"Orb Walker","floor":35.0,"turns":2.0},{"damage":40.0,"enemies":"2 Orb Walkers","floor":36.0,"turns":4.0},{"damage":20.0,"enemies":"3 Shapes","floor":38.0,"turns":5.0},{"damage":6.0,"enemies":"Writhing Mass","floor":39.0,"turns":4.0},{"damage":32.0,"enemies":"Nemesis","floor":47.0,"turns":5.0},{"damage":15.0,"enemies":"Time Eater","floor":50.0,"turns":8.0},{"damage":40.0,"enemies":"Awakened One","floor":51.0,"turns":16.0},{"damage":36.0,"enemies":"Shield and Spear","floor":55.0,"turns":3.0},{"damage":65,"enemies":"The Heart","floor":56,"turns":5}],"seed_played":"-104746812339364320","potions_obtained":[{"floor":1.0,"key":"AttackPotion"},{"floor":2.0,"key":"EssenceOfSteel"},{"floor":11.0,"key":"EssenceOfSteel"},{"floor":16.0,"key":"SpeedPotion"},{"floor":18.0,"key":"EntropicBrew"},{"floor":19.0,"key":"SpeedPotion"},{"floor":25.0,"key":"Energy Potion"},{"floor":29.0,"key":"Regen Potion"},{"floor":36.0,"key":"SteroidPotion"},{"floor":39.0,"key":"Poison Potion"},{"floor":47.0,"key":"Dexterity Potion"}],"is_trial":false,"path_per_floor":["M","M","$","?","M","R","E","R","T","R","E","M","E","M","R","B",null,"M","M","M","$","M","E","R","M","T","E","R","M","?","E","R","B",null,"M","?","$","M","M","R","?","?","T","?","?","R","E","?","R","B","B",null,"R","$","E","B"],"character_chosen":"IRONCLAD","items_purchased":["Explosive Potion","Armaments","Fire Potion","TheAbacus","Corruption","Dream Catcher"],"campfire_rested":3,"item_purchase_floors":[3,3,21,21,37,37],"current_hp_per_floor":[68,60,60,60,62,62,65,65,65,65,41,41,39,43,43,12,59,60,63,63,63,66,70,70,74,74,71,71,71,71,75,75,69,74,78,44,44,45,48,73,73,73,73,73,73,73,62,52,76,73,65,79,84,84,57,0],"gold":63,"neow_bonus":"HUNDRED_GOLD","is_prod":false,"is_daily":false,"chose_seed":false,"campfire_upgraded":7,"win_rate":0,"timestamp":1560286693,"path_taken":["M","M","$","?","M","R","E","R","T","R","E","M","E","M","R","BOSS","M","M","M","$","M","E","R","M","T","E","R","M","?","E","R","BOSS","M","?","$","M","M","R","?","?","T","?","?","R","E","?","R","BOSS","BOSS","R","$","E","BOSS"],"build_version":"2019-01-23","purchased_purges":2,"victory":false,"max_hp_per_floor":[75,75,75,75,75,75,75,75,75,75,75,75,75,75,75,75,75,75,75,75,75,75,75,75,75,75,75,75,75,75,75,75,75,75,78,78,78,81,84,84,84,84,84,84,80,80,80,80,80,80,84,84,84,84,84,84],"card_choices":[{"not_picked":["Thunderclap","Pummel"],"picked":"Combust","floor":1.0},{"not_picked":["Heavy Blade","Wild Strike"],"picked":"Pommel Strike","floor":2.0},{"not_picked":["Flex","Cleave"],"picked":"Inflame","floor":5.0},{"not_picked":["Sever Soul","Power Through","Thunderclap"],"picked":"SKIP","floor":7.0},{"not_picked":["Feel No Pain","Blood for Blood"],"picked":"Infernal Blade","floor":11.0},{"not_picked":["Corruption","Warcry"],"picked":"Battle Trance","floor":12.0},{"not_picked":["Twin Strike","Body Slam"],"picked":"True Grit","floor":13.0},{"not_picked":["Rampage","True Grit"],"picked":"Shrug It Off","floor":14.0},{"not_picked":["Brutality","Feed"],"picked":"Limit Break","floor":16.0},{"not_picked":["Thunderclap","Cleave"],"picked":"Sentinel","floor":18.0},{"not_picked":["True Grit","Havoc+1","Thunderclap"],"picked":"SKIP","floor":19.0},{"not_picked":["Havoc+1","Anger"],"picked":"Perfected Strike","floor":20.0},{"not_picked":["Bloodletting","Wild Strike"],"picked":"Flame Barrier+1","floor":22.0},{"not_picked":["Carnage","Rage","Sword Boomerang"],"picked":"SKIP","floor":23.0},{"not_picked":["Combust","Flex"],"picked":"Whirlwind","floor":25.0},{"not_picked":["Havoc","Fire Breathing"],"picked":"Disarm","floor":27.0},{"not_picked":["Anger","Thunderclap"],"picked":"True Grit","floor":29.0},{"not_picked":["Sword Boomerang","Pummel"],"picked":"Feed","floor":31.0},{"not_picked":["Fiend Fire","Dark Embrace"],"picked":"Immolate","floor":33.0},{"not_picked":["Havoc","Pummel","Reckless Charge"],"picked":"SKIP","floor":35.0},{"not_picked":["Rupture+1","Thunderclap"],"picked":"Shrug It Off+1","floor":36.0},{"not_picked":["Shrug It Off","Clash+1","True Grit"],"picked":"SKIP","floor":38.0},{"not_picked":["Sever Soul","Sword Boomerang","Rupture"],"picked":"SKIP","floor":39.0},{"not_picked":["Heavy Blade","Whirlwind+1"],"picked":"Reaper","floor":40.0},{"not_picked":["Thunderclap","Pommel Strike","Anger"],"picked":"SKIP","floor":47.0},{"not_picked":["Dramatic Entrance","Finesse"],"picked":"The Bomb","floor":48.0},{"not_picked":["Blind","Bandage Up"],"picked":"Dark Shackles","floor":48.0},{"not_picked":["Whirlwind","Power Through","Feed"],"picked":"SKIP","floor":55.0}],"player_experience":1158286,"relics_obtained":[{"floor":7.0,"key":"Oddly Smooth Stone"},{"floor":9.0,"key":"Happy Flower"},{"floor":11.0,"key":"Mercury Hourglass"},{"floor":13.0,"key":"Thread and Needle"},{"floor":23.0,"key":"The Courier"},{"floor":26.0,"key":"Charon\u0027s Ashes"},{"floor":27.0,"key":"Juzu Bracelet"},{"floor":31.0,"key":"Gremlin Horn"},{"floor":36.0,"key":"StoneCalendar"},{"floor":47.0,"key":"Bird Faced Urn"},{"floor":55.0,"key":"War Paint"}],"event_choices":[{"damage_healed":0.0,"max_hp_gain":0.0,"max_hp_loss":0.0,"gold_gain":0.0,"event_name":"Accursed Blacksmith","player_choice":"Forge","floor":4.0,"gold_loss":0.0,"damage_taken":0.0,"cards_upgraded":["Armaments"]},{"damage_healed":0.0,"max_hp_gain":0.0,"max_hp_loss":0.0,"gold_gain":0.0,"event_name":"The Library","player_choice":"Read","floor":30.0,"gold_loss":0.0,"damage_taken":0.0,"cards_obtained":["Offering"]},{"damage_healed":0.0,"max_hp_gain":0.0,"max_hp_loss":0.0,"gold_gain":0.0,"event_name":"Mysterious Sphere","player_choice":"Fight","floor":36.0,"gold_loss":0.0,"damage_taken":0.0},{"cards_removed":["Defend_R"],"damage_healed":0.0,"max_hp_gain":0.0,"max_hp_loss":0.0,"gold_gain":0.0,"event_name":"Falling","player_choice":"Removed Skill","floor":41.0,"gold_loss":0.0,"damage_taken":0.0},{"damage_healed":0.0,"max_hp_gain":0.0,"max_hp_loss":0.0,"gold_gain":0.0,"cards_transformed":["Strike_R"],"event_name":"Transmorgrifier","player_choice":"Transformed","floor":42.0,"gold_loss":0.0,"damage_taken":0.0,"cards_obtained":["Body Slam"]},{"damage_healed":0.0,"max_hp_gain":0.0,"max_hp_loss":0.0,"gold_gain":0.0,"event_name":"Tomb of Lord Red Mask","player_choice":"Paid","floor":44.0,"gold_loss":125.0,"damage_taken":0.0,"relics_obtained":["Red Mask"]},{"damage_healed":0.0,"max_hp_gain":0.0,"max_hp_loss":4.0,"gold_gain":0.0,"event_name":"Winding Halls","player_choice":"Max HP","floor":45.0,"gold_loss":0.0,"damage_taken":0.0},{"damage_healed":0.0,"max_hp_gain":0.0,"max_hp_loss":0.0,"gold_gain":0.0,"event_name":"SensoryStone","player_choice":"Memory 3","floor":48.0,"gold_loss":0.0,"damage_taken":10.0}],"is_beta":false,"boss_relics":[{"not_picked":["Tiny House","Velvet Choker"],"picked":"Snecko Eye"},{"not_picked":["Astrolabe","Calling Bell"],"picked":"Fusion Hammer"}],"items_purged_floors":[3,37],"is_endless":false,"potions_floor_spawned":[1,2,11,16,18,19,25,29,36,39,47],"killed_by":"The Heart","ascension_level":20}