{"gold_per_floor":[359,369,78,43,57,91,91,91,114,131,141,168,168,5,5,77,77,92,106,106,6,23,23,23],"floor_reached":24,"playtime":1110,"items_purged":["Strike_B","Writhe"],"score":512,"play_id":"b7d248ba-084f-40bc-92d9-b134a47f5b31","local_time":"20190809202223","is_ascension_mode":true,"campfire_choices":[{"floor":7.0,"key":"REST"},{"data":"Defragment","floor":13.0,"key":"SMITH"},{"floor":15.0,"key":"REST"},{"floor":23,"key":"REST"}],"neow_cost":"PERCENT_DAMAGE","seed_source_timestamp":136514812729200,"circlet_count":0,"master_deck":["AscendersBane","Strike_B","Strike_B","Strike_B","Defend_B","Defend_B","Defend_B","Defend_B","Zap","Dualcast","Defragment+1","Ball Lightning","Lockon","Genetic Algorithm","Core Surge","Hologram","Capacitor","Chill","Core Surge","Coolheaded","Echo Form"],"special_seed":0,"relics":["Cracked Core","Lantern","Art of War","Orichalcum","Happy Flower","Inserter","Bag of Marbles"],"potions_floor_usage":[18,19],"damage_taken":[{"damage":12.0,"enemies":"2 Louse","floor":1.0,"turns":3.0},{"damage":9.0,"enemies":"Jaw Worm","floor":2.0,"turns":4.0},{"damage":0.0,"enemies":"Small Slimes","floor":5.0,"turns":2.0},{"damage":35.0,"enemies":"3 Sentries","floor":6.0,"turns":6.0},{"damage":3.0,"enemies":"3 Louse","floor":10.0,"turns":3.0},{"damage":12.0,"enemies":"Exordium Wildlife","floor":11.0,"turns":3.0},{"damage":10.0,"enemies":"Lagavulin","floor":12.0,"turns":5.0},{"damage":0.0,"enemies":"The Guardian","floor":16.0,"turns":7.0},{"damage":23,"enemies":"3 Byrds","floor":18,"turns":6},{"damage":9,"enemies":"2 Thieves","floor":19,"turns":4},{"damage":10,"enemies":"Centurion and Healer","floor":22,"turns":7},{"damage":41,"enemies":"Book of Stabbing","floor":24,"turns":7}],"seed_played":"2101946660019895586","potions_obtained":[{"floor":6.0,"key":"SkillPotion"},{"floor":10.0,"key":"AttackPotion"},{"floor":12.0,"key":"GamblersBrew"},{"floor":16.0,"key":"SkillPotion"}],"is_trial":false,"path_per_floor":["M","M","$","?","M","E","R","?","T","M","M","E","R","$","R","B",null,"M","M","?","$","M","R","E"],"character_chosen":"DEFECT","items_purchased":["Lantern","Explosive Potion","Capacitor","Chill"],"campfire_rested":3,"item_purchase_floors":[3,3,14,14],"current_hp_per_floor":[34,25,25,42,42,7,28,28,28,25,13,3,3,3,24,24,59,36,27,27,27,17,38,0],"gold":23,"neow_bonus":"TWO_FIFTY_GOLD","is_prod":false,"is_daily":false,"chose_seed":false,"campfire_upgraded":1,"win_rate":0,"timestamp":1565396543,"path_taken":["M","M","$","?","M","E","R","?","T","M","?","E","R","$","R","BOSS","M","M","?","$","M","R","E"],"build_version":"2019-07-17","purchased_purges":2,"victory":false,"max_hp_per_floor":[71,71,71,71,71,71,71,71,71,71,71,71,71,71,71,71,71,71,71,71,71,71,71,71],"card_choices":[{"not_picked":["Go for the Eyes","Barrage"],"picked":"Defragment","floor":1.0},{"not_picked":["Self Repair","Genetic Algorithm"],"picked":"Ball Lightning","floor":2.0},{"not_picked":["Chaos","Compile Driver"],"picked":"Lockon","floor":5.0},{"not_picked":["Gash","Conserve Battery"],"picked":"Genetic Algorithm","floor":6.0},{"not_picked":["Heatsinks","Auto Shields"],"picked":"Core Surge","floor":10.0},{"not_picked":["Melter","Sweeping Beam","Turbo"],"picked":"SKIP","floor":11.0},{"not_picked":["Go for the Eyes","Seek"],"picked":"Hologram","floor":12.0},{"not_picked":["Machine Learning","Reboot"],"picked":"Core Surge","floor":16.0},{"not_picked":["Stack","Turbo","Scrape"],"picked":"SKIP","floor":18},{"not_picked":["Streamline","Barrage+1"],"picked":"Coolheaded","floor":19},{"not_picked":["Conserve Battery","Genetic Algorithm"],"picked":"Echo Form","floor":22}],"player_experience":1452593,"relics_obtained":[{"floor":6.0,"key":"Art of War"},{"floor":9.0,"key":"Orichalcum"},{"floor":12.0,"key":"Happy Flower"}],"event_choices":[{"damage_healed":17.0,"max_hp_gain":0.0,"max_hp_loss":0.0,"gold_gain":0.0,"event_name":"The Cleric","player_choice":"Healed","floor":4.0,"gold_loss":35.0,"damage_taken":0.0},{"damage_healed":0.0,"max_hp_gain":0.0,"max_hp_loss":0.0,"gold_gain":0.0,"event_name":"Dead Adventurer","player_choice":"Searched \u00270\u0027 times","floor":8.0,"gold_loss":0.0,"damage_taken":0.0},{"damage_healed":0,"gold_gain":0,"player_choice":"Opened","damage_taken":0,"relics_obtained":["Bag of Marbles"],"max_hp_gain":0,"max_hp_loss":0,"event_name":"The Mausoleum","floor":20,"gold_loss":0,"cards_obtained":["Writhe"]}],"is_beta":false,"boss_relics":[{"not_picked":["Nuclear Battery","Cursed Key"],"picked":"Inserter"}],"items_purged_floors":[3,21],"is_endless":false,"potions_floor_spawned":[6,10,12,16],"killed_by":"Book of Stabbing","ascension_level":20}