{"gold_per_floor":[219,238,250,215,215,215,273,305,305,305,321,346,363,379,379,455,455,469,469,488,501,40,69,69,83,107,107,157,82,116,130,130,201,201,214,214,4,4,23,36,47,47,120,120,138,151,151,182,182,182,182,182,182,49,75,75],"floor_reached":57,"playtime":2626,"items_purged":["Strike_G","Strike_G"],"score":2818,"play_id":"a519683d-3817-4676-99ac-9840d3978604","local_time":"20190722214250","is_ascension_mode":true,"campfire_choices":[{"data":"Neutralize","floor":6.0,"key":"SMITH"},{"floor":10.0,"key":"REST"},{"floor":15.0,"key":"REST"},{"data":"Deadly Poison","floor":24.0,"key":"SMITH"},{"data":"Bane","floor":32.0,"key":"SMITH"},{"floor":42.0,"key":"RECALL"},{"data":"Survivor","floor":44.0,"key":"SMITH"},{"data":"Defend_G","floor":47.0,"key":"SMITH"},{"data":"Defend_G","floor":49.0,"key":"SMITH"},{"data":"Defend_G","floor":53.0,"key":"SMITH"}],"neow_cost":"NONE","seed_source_timestamp":0,"circlet_count":0,"master_deck":["AscendersBane","Strike_G","Strike_G","Strike_G+1","Defend_G+1","Defend_G+1","Defend_G+1","Defend_G","Defend_G","Survivor+1","Neutralize+1","Deadly Poison+1","Bane+1","Crippling Poison+1","Caltrops+1","Leg Sweep+1","Noxious Fumes+1","Caltrops+1","Prepared+1","Wraith Form v2+1","Cloak And Dagger+1","Prepared+1","Catalyst+1","Deadly Poison+1","Dodge and Roll+1","Wraith Form v2+1","Catalyst+1","Catalyst+1","Malaise+1","PiercingWail+1","Adrenaline+1","PiercingWail+1"],"special_seed":0,"relics":["Ring of the Snake","Toxic Egg 2","Bag of Preparation","Mercury Hourglass","Frozen Egg 2","Coffee Dripper","Oddly Smooth Stone","Toy Ornithopter","Ancient Tea Set","Art of War","White Beast Statue","Darkstone Periapt","Kunai","FossilizedHelix"],"potions_floor_usage":[],"damage_taken":[{"damage":1.0,"enemies":"2 Louse","floor":1.0,"turns":3.0},{"damage":2.0,"enemies":"Small Slimes","floor":2.0,"turns":4.0},{"damage":0.0,"enemies":"Jaw Worm","floor":3.0,"turns":3.0},{"damage":0.0,"enemies":"Gremlin Nob","floor":7.0,"turns":2.0},{"damage":42.0,"enemies":"Gremlin Nob","floor":8.0,"turns":5.0},{"damage":4.0,"enemies":"Exordium Thugs","floor":11.0,"turns":4.0},{"damage":16.0,"enemies":"Lagavulin","floor":12.0,"turns":6.0},{"damage":0.0,"enemies":"Gremlin Gang","floor":13.0,"turns":2.0},{"damage":0.0,"enemies":"2 Fungi Beasts","floor":14.0,"turns":3.0},{"damage":0.0,"enemies":"Hexaghost","floor":16.0,"turns":8.0},{"damage":8.0,"enemies":"Shell Parasite","floor":18.0,"turns":4.0},{"damage":0.0,"enemies":"Chosen","floor":20.0,"turns":4.0},{"damage":8.0,"enemies":"Snake Plant","floor":21.0,"turns":4.0},{"damage":15.0,"enemies":"Slavers","floor":23.0,"turns":5.0},{"damage":0.0,"enemies":"Snecko","floor":25.0,"turns":2.0},{"damage":10.0,"enemies":"Book of Stabbing","floor":30.0,"turns":5.0},{"damage":0.0,"enemies":"Sentry and Sphere","floor":31.0,"turns":4.0},{"damage":15.0,"enemies":"Automaton","floor":33.0,"turns":8.0},{"damage":1.0,"enemies":"Orb Walker","floor":35.0,"turns":4.0},{"damage":0.0,"enemies":"3 Darklings","floor":39.0,"turns":3.0},{"damage":0.0,"enemies":"4 Shapes","floor":40.0,"turns":6.0},{"damage":0.0,"enemies":"Spire Growth","floor":41.0,"turns":4.0},{"damage":0.0,"enemies":"Maw","floor":45.0,"turns":3.0},{"damage":0.0,"enemies":"Sphere and 2 Shapes","floor":46.0,"turns":3.0},{"damage":0.0,"enemies":"Reptomancer","floor":48.0,"turns":2.0},{"damage":29.0,"enemies":"Donu and Deca","floor":50.0,"turns":11.0},{"damage":21.0,"enemies":"Time Eater","floor":51.0,"turns":5.0},{"damage":5.0,"enemies":"Shield and Spear","floor":55.0,"turns":7.0},{"damage":49,"enemies":"The Heart","floor":56,"turns":11}],"seed_played":"8186278720842623703","potions_obtained":[{"floor":1.0,"key":"SteroidPotion"},{"floor":2.0,"key":"GamblersBrew"},{"floor":12.0,"key":"GhostInAJar"},{"floor":13.0,"key":"SpeedPotion"},{"floor":18.0,"key":"PowerPotion"},{"floor":30.0,"key":"EssenceOfSteel"},{"floor":35.0,"key":"Energy Potion"},{"floor":39.0,"key":"Fire Potion"},{"floor":40.0,"key":"Poison Potion"},{"floor":41.0,"key":"Explosive Potion"},{"floor":45.0,"key":"Energy Potion"},{"floor":46.0,"key":"SpeedPotion"},{"floor":48.0,"key":"Fruit Juice"},{"floor":55.0,"key":"FairyPotion"}],"is_trial":false,"path_per_floor":["M","M","M","?","?","R","?","E","T","R","M","E","M","M","R","B",null,"M","?","M","M","$","E","R","M","T","?","?","$","E","M","R","B",null,"M","?","$","?","M","M","M","R","T","R","M","M","R","E","R","B","B",null,"R","$","E","B",null],"character_chosen":"THE_SILENT","items_purchased":["Oddly Smooth Stone","Catalyst+1","Toy Ornithopter","Fruit Juice","PiercingWail+1","Adrenaline+1"],"campfire_rested":2,"item_purchase_floors":[22,22,22,37,54,54],"current_hp_per_floor":[58,56,56,66,46,46,46,4,4,23,19,3,3,3,22,22,55,47,66,66,58,58,43,43,43,43,25,25,25,20,25,25,15,57,56,56,66,66,71,76,76,76,76,76,76,76,76,81,81,57,36,70,70,70,65,16],"gold":75,"neow_bonus":"HUNDRED_GOLD","is_prod":false,"is_daily":false,"chose_seed":false,"campfire_upgraded":7,"win_rate":0,"timestamp":1563846170,"path_taken":["M","M","M","?","?","R","?","E","T","R","M","E","M","?","R","BOSS","M","?","M","M","$","E","R","?","T","?","?","?","E","M","R","BOSS","M","?","$","?","M","M","M","R","T","R","?","?","R","E","R","BOSS","BOSS","R","$","E","BOSS"],"build_version":"2019-07-17","purchased_purges":2,"victory":true,"max_hp_per_floor":[66,66,66,66,66,66,66,66,66,66,66,66,66,66,66,66,66,66,66,66,66,66,66,66,66,66,71,71,71,71,71,71,71,71,71,71,76,76,76,76,76,76,76,76,76,76,76,81,81,81,81,81,81,81,81,81],"card_choices":[{"not_picked":["Prepared","Bane"],"picked":"Endless Agony","floor":1.0},{"not_picked":["Sucker Punch","Dodge and Roll"],"picked":"Deadly Poison","floor":2.0},{"not_picked":["Dagger Throw","Acrobatics"],"picked":"Bane","floor":3.0},{"not_picked":["Finisher","Calculated Gamble"],"picked":"Crippling Poison","floor":7.0},{"not_picked":["Bane","Skewer"],"picked":"Caltrops","floor":8.0},{"not_picked":["Setup+1","Riddle With Holes"],"picked":"Leg Sweep+1","floor":11.0},{"not_picked":["Outmaneuver+1","Acrobatics+1"],"picked":"Noxious Fumes","floor":12.0},{"not_picked":["Dagger Spray","Slice"],"picked":"Caltrops+1","floor":13.0},{"not_picked":["PiercingWail+1","Quick Slash"],"picked":"Prepared+1","floor":14.0},{"not_picked":["Burst+1","Storm of Steel+1"],"picked":"Wraith Form v2+1","floor":16.0},{"not_picked":["Slice","Blade Dance+1"],"picked":"Cloak And Dagger+1","floor":18.0},{"not_picked":["Slice+1","Underhanded Strike","Endless Agony"],"picked":"SKIP","floor":20.0},{"not_picked":["Endless Agony","Backflip+1"],"picked":"Prepared+1","floor":21.0},{"not_picked":["Bane","Sucker Punch+1","Skewer"],"picked":"SKIP","floor":23.0},{"not_picked":["Blade Dance+1","Bane"],"picked":"Deadly Poison+1","floor":25.0},{"not_picked":["Quick Slash","Concentrate+1"],"picked":"Dodge and Roll+1","floor":30.0},{"not_picked":["Flying Knee+1","Accuracy+1","Cloak And Dagger+1"],"picked":"SKIP","floor":31.0},{"not_picked":["Night Terror+1","Unload"],"picked":"Wraith Form v2+1","floor":33.0},{"not_picked":["Deflect+1","Dagger Spray"],"picked":"Catalyst+1","floor":35.0},{"not_picked":["Blade Dance+1","Choke","Masterful Stab"],"picked":"SKIP","floor":39.0},{"not_picked":["Dagger Throw","Flechettes","Poisoned Stab+1"],"picked":"SKIP","floor":40.0},{"not_picked":["Cloak And Dagger+1","Deadly Poison+1"],"picked":"Catalyst+1","floor":41.0},{"not_picked":["Sucker Punch","Caltrops+1","Finisher"],"picked":"SKIP","floor":45.0},{"not_picked":["Slice","Blade Dance+1","Masterful Stab"],"picked":"SKIP","floor":46.0},{"not_picked":["Slice","Concentrate+1"],"picked":"Malaise+1","floor":48.0},{"not_picked":["Deadly Poison+1","Finisher"],"picked":"PiercingWail+1","floor":55.0}],"player_experience":1382314,"relics_obtained":[{"floor":7.0,"key":"Toxic Egg 2"},{"floor":8.0,"key":"Bag of Preparation"},{"floor":9.0,"key":"Mercury Hourglass"},{"floor":12.0,"key":"Frozen Egg 2"},{"floor":23.0,"key":"Ancient Tea Set"},{"floor":30.0,"key":"Art of War"},{"floor":43.0,"key":"Darkstone Periapt"},{"floor":48.0,"key":"Kunai"},{"floor":55.0,"key":"FossilizedHelix"}],"event_choices":[{"damage_healed":16.0,"max_hp_gain":0.0,"max_hp_loss":0.0,"gold_gain":0.0,"event_name":"The Cleric","player_choice":"Healed","floor":4.0,"gold_loss":35.0,"damage_taken":0.0},{"damage_healed":0.0,"max_hp_gain":0.0,"max_hp_loss":0.0,"gold_gain":0.0,"event_name":"Shining Light","player_choice":"Entered Light","floor":5.0,"gold_loss":0.0,"damage_taken":20.0,"cards_upgraded":["Endless Agony","Strike_G"]},{"damage_healed":0.0,"max_hp_gain":0.0,"max_hp_loss":0.0,"gold_gain":0.0,"event_name":"Dead Adventurer","player_choice":"Searched \u00271\u0027 times","floor":7.0,"gold_loss":0.0,"damage_taken":0.0},{"cards_removed":["Endless Agony"],"damage_healed":19.0,"max_hp_gain":0.0,"max_hp_loss":0.0,"gold_gain":0.0,"event_name":"Bonfire Elementals","player_choice":"Offered Uncommon","floor":19.0,"gold_loss":0.0,"damage_taken":0.0},{"damage_healed":0.0,"max_hp_gain":5.0,"max_hp_loss":0.0,"gold_gain":0.0,"event_name":"Forgotten Altar","player_choice":"Shed Blood","floor":27.0,"gold_loss":0.0,"damage_taken":23.0},{"damage_healed":0.0,"max_hp_gain":0.0,"max_hp_loss":0.0,"gold_gain":50.0,"event_name":"Nest","player_choice":"Stole From Cult","floor":28.0,"gold_loss":0.0,"damage_taken":0.0},{"damage_healed":0.0,"max_hp_gain":0.0,"max_hp_loss":0.0,"gold_gain":0.0,"event_name":"Tomb of Lord Red Mask","player_choice":"Ignored","floor":36.0,"gold_loss":0.0,"damage_taken":0.0},{"damage_healed":0.0,"max_hp_gain":0.0,"max_hp_loss":0.0,"gold_gain":0.0,"event_name":"Upgrade Shrine","player_choice":"Upgraded","floor":38.0,"gold_loss":0.0,"damage_taken":0.0,"cards_upgraded":["Caltrops"]}],"is_beta":false,"boss_relics":[{"not_picked":["Ectoplasm","Velvet Choker"],"picked":"Coffee Dripper"},{"not_picked":["HoveringKite","Snecko Eye"],"picked":"White Beast Statue"}],"items_purged_floors":[29,37],"is_endless":false,"potions_floor_spawned":[1,2,12,13,16,18,25,30,35,39,40,41,45,46,48,55],"ascension_level":20}