{"gold_per_floor":[116,126,126,17,32,67,67,77,126,143,170,170,170,198,198,299,299,319,17,17,27,43,43,62,62,87,2,34,34,34,48,48,143,143,157,257,132,132,179,179,198,209,257,257,275,275,308,36,36,36],"floor_reached":50,"playtime":2265,"items_purged":["Regret","Defend_R","Strike_R","Strike_R"],"score":508,"play_id":"ff07006a-9046-4484-b450-9865d04336f4","local_time":"20190901120210","is_ascension_mode":false,"campfire_choices":[{"data":"Rampage","floor":7.0,"key":"SMITH"},{"data":"Whirlwind","floor":12.0,"key":"SMITH"},{"data":"Bludgeon","floor":15.0,"key":"SMITH"},{"data":"Flex","floor":23.0,"key":"SMITH"},{"data":"Shrug It Off","floor":25.0,"key":"SMITH"},{"data":"Metallicize","floor":30.0,"key":"SMITH"},{"data":"Iron Wave","floor":32.0,"key":"SMITH"},{"data":"Fiend Fire","floor":40.0,"key":"SMITH"},{"floor":44.0,"key":"REST"},{"floor":49.0,"key":"REST"}],"neow_cost":"CURSE","seed_source_timestamp":617114240030900,"circlet_count":0,"master_deck":["Defend_R","Defend_R","Bash+1","Bludgeon+1","Whirlwind+1","Shrug It Off+1","Metallicize+1","Rampage+1","Cleave+1","Flex+1","Shrug It Off+1","Shrug It Off+1","Limit Break+1","Clash","True Grit+1","Combust","Flex+1","Flex+1","Fiend Fire+1","Iron Wave+1","Juggernaut","Armaments+1","Iron Wave+1","Enlightenment+1","Infernal Blade+1","Offering+1","Rage+1","Dark Embrace","Bandage Up+1","Burning Pact+1"],"special_seed":0,"relics":["Burning Blood","Mercury Hourglass","Anchor","Juzu Bracelet","Toxic Egg 2","Busted Crown","Blood Vial","Lantern","Letter Opener","Nloth\u0027s Gift","Empty Cage","Charon\u0027s Ashes","Pen Nib","Whetstone","Calipers"],"potions_floor_usage":[50,50,50],"damage_taken":[{"damage":2.0,"enemies":"Small Slimes","floor":1.0,"turns":4.0},{"damage":0.0,"enemies":"Cultist","floor":2.0,"turns":2.0},{"damage":0.0,"enemies":"2 Louse","floor":5.0,"turns":3.0},{"damage":30.0,"enemies":"Lagavulin","floor":6.0,"turns":6.0},{"damage":0.0,"enemies":"2 Fungi Beasts","floor":8.0,"turns":2.0},{"damage":0.0,"enemies":"Gremlin Gang","floor":10.0,"turns":2.0},{"damage":16.0,"enemies":"3 Sentries","floor":11.0,"turns":6.0},{"damage":11.0,"enemies":"Gremlin Nob","floor":14.0,"turns":4.0},{"damage":39.0,"enemies":"The Guardian","floor":16.0,"turns":11.0},{"damage":16.0,"enemies":"Shell Parasite","floor":18.0,"turns":5.0},{"damage":9.0,"enemies":"2 Thieves","floor":21.0,"turns":4.0},{"damage":10.0,"enemies":"Centurion and Healer","floor":22.0,"turns":5.0},{"damage":11.0,"enemies":"Snake Plant","floor":24.0,"turns":2.0},{"damage":2.0,"enemies":"Gremlin Leader","floor":28.0,"turns":4.0},{"damage":22.0,"enemies":"Snecko","floor":31.0,"turns":5.0},{"damage":55.0,"enemies":"Champ","floor":33.0,"turns":9.0},{"damage":2.0,"enemies":"3 Shapes","floor":35.0,"turns":3.0},{"damage":1.0,"enemies":"Mind Bloom Boss Battle","floor":36.0,"turns":5.0},{"damage":22.0,"enemies":"3 Darklings","floor":41.0,"turns":5.0},{"damage":52.0,"enemies":"Transient","floor":42.0,"turns":5.0},{"damage":2.0,"enemies":"Jaw Worm Horde","floor":45.0,"turns":3.0},{"damage":9.0,"enemies":"Reptomancer","floor":47.0,"turns":5.0},{"damage":99,"enemies":"Time Eater","floor":50,"turns":7}],"seed_played":"-9034249134262934254","potions_obtained":[{"floor":3.0,"key":"Dexterity Potion"},{"floor":3.0,"key":"AttackPotion"},{"floor":3.0,"key":"Swift Potion"},{"floor":8.0,"key":"Energy Potion"},{"floor":36.0,"key":"Explosive Potion"}],"is_trial":false,"path_per_floor":["M","M","?","$","M","E","R","M","T","M","E","R","?","E","R","B",null,"M","$","?","M","M","R","M","R","T","?","E","?","R","M","R","B",null,"M","?","$","?","T","R","M","M","T","R","M","?","E","$","R","B"],"character_chosen":"IRONCLAD","items_purchased":["Metallicize","True Grit+1","Blood Vial","Bandage Up+1","Burning Pact+1"],"campfire_rested":2,"item_purchase_floors":[4,19,19,48,48],"current_hp_per_floor":[80,80,80,80,80,56,56,62,62,68,58,58,63,58,58,25,85,75,75,75,74,72,72,69,69,69,69,75,75,75,61,61,14,85,85,85,85,85,85,85,69,25,25,50,56,56,55,55,80,0],"gold":36,"neow_bonus":"TRANSFORM_TWO_CARDS","is_prod":false,"is_daily":false,"chose_seed":false,"campfire_upgraded":8,"win_rate":0,"timestamp":1567332130,"path_taken":["M","M","?","$","M","E","R","?","T","M","E","R","?","E","R","BOSS","M","$","?","M","M","R","M","R","T","?","E","?","R","M","R","BOSS","M","?","$","?","?","R","M","M","T","R","M","?","E","$","R","BOSS"],"build_version":"2019-07-17","purchased_purges":4,"victory":false,"max_hp_per_floor":[80,80,80,80,80,80,80,80,80,80,80,80,85,85,85,85,85,85,85,85,85,85,85,85,85,85,85,85,85,85,85,85,85,85,85,85,85,85,85,85,85,85,85,85,85,85,85,85,85,85],"card_choices":[{"not_picked":["Pommel Strike","Flex"],"picked":"Shrug It Off","floor":1.0},{"not_picked":["Clothesline","Sword Boomerang","Infernal Blade"],"picked":"SKIP","floor":2.0},{"not_picked":["Headbutt","Intimidate"],"picked":"Rampage","floor":5.0},{"not_picked":["Perfected Strike","Thunderclap"],"picked":"Cleave","floor":6.0},{"not_picked":["Twin Strike","Heavy Blade"],"picked":"Evolve","floor":8.0},{"not_picked":["Pommel Strike","Heavy Blade"],"picked":"Flex","floor":10.0},{"not_picked":["Heavy Blade","Battle Trance"],"picked":"Shrug It Off","floor":11.0},{"not_picked":["True Grit","Sword Boomerang"],"picked":"Shrug It Off","floor":14.0},{"not_picked":["Bludgeon","Demon Form"],"picked":"Limit Break+1","floor":16.0},{"not_picked":[],"picked":"Clash","floor":18.0},{"not_picked":[],"picked":"Combust","floor":21.0},{"not_picked":[],"picked":"Flex+1","floor":22.0},{"not_picked":[],"picked":"Flex+1","floor":24.0},{"not_picked":[],"picked":"Fiend Fire","floor":28.0},{"not_picked":[],"picked":"Iron Wave","floor":31.0},{"not_picked":[],"picked":"Juggernaut","floor":33.0},{"not_picked":[],"picked":"Armaments+1","floor":35.0},{"not_picked":[],"picked":"Iron Wave+1","floor":36.0},{"not_picked":[],"picked":"Enlightenment+1","floor":38.0},{"not_picked":[],"picked":"Infernal Blade+1","floor":41.0},{"not_picked":[],"picked":"Offering+1","floor":42.0},{"not_picked":[],"picked":"Rage+1","floor":45.0},{"not_picked":[],"picked":"Dark Embrace","floor":47.0}],"player_experience":377052,"relics_obtained":[{"floor":6.0,"key":"Mercury Hourglass"},{"floor":9.0,"key":"Anchor"},{"floor":11.0,"key":"Juzu Bracelet"},{"floor":14.0,"key":"Toxic Egg 2"},{"floor":26.0,"key":"Lantern"},{"floor":28.0,"key":"Smiling Mask"},{"floor":36.0,"key":"Charon\u0027s Ashes"},{"floor":39.0,"key":"Pen Nib"},{"floor":43.0,"key":"Whetstone"},{"floor":47.0,"key":"Calipers"}],"event_choices":[{"damage_healed":0.0,"max_hp_gain":0.0,"max_hp_loss":0.0,"gold_gain":0.0,"event_name":"Lab","player_choice":"Got Potions","floor":3.0,"gold_loss":0.0,"damage_taken":0.0},{"damage_healed":0.0,"max_hp_gain":5.0,"max_hp_loss":0.0,"gold_gain":0.0,"event_name":"Big Fish","player_choice":"Donut","floor":13.0,"gold_loss":0.0,"damage_taken":0.0},{"damage_healed":0.0,"max_hp_gain":0.0,"max_hp_loss":0.0,"gold_gain":0.0,"event_name":"Accursed Blacksmith","player_choice":"Forge","floor":20.0,"gold_loss":0.0,"damage_taken":0.0,"cards_upgraded":["Shrug It Off"]},{"damage_healed":0.0,"max_hp_gain":0.0,"max_hp_loss":0.0,"gold_gain":0.0,"event_name":"Addict","player_choice":"Obtained Relic","floor":27.0,"gold_loss":85.0,"damage_taken":0.0,"relics_obtained":["Letter Opener"]},{"damage_healed":0.0,"max_hp_gain":0.0,"max_hp_loss":0.0,"gold_gain":0.0,"event_name":"N\u0027loth","player_choice":"Traded Relic","floor":29.0,"relics_lost":["Smiling Mask"],"gold_loss":0.0,"damage_taken":0.0,"relics_obtained":["Nloth\u0027s Gift"]},{"damage_healed":0.0,"max_hp_gain":0.0,"max_hp_loss":0.0,"gold_gain":0.0,"event_name":"MindBloom","player_choice":"Fight","floor":36.0,"gold_loss":0.0,"damage_taken":0.0},{"damage_healed":0.0,"max_hp_gain":0.0,"max_hp_loss":0.0,"gold_gain":0.0,"event_name":"SensoryStone","player_choice":"Memory 1","floor":38.0,"gold_loss":0.0,"damage_taken":0.0},{"cards_removed":["Evolve"],"damage_healed":0.0,"max_hp_gain":0.0,"max_hp_loss":0.0,"gold_gain":0.0,"event_name":"Falling","player_choice":"Removed Power","floor":46.0,"gold_loss":0.0,"damage_taken":0.0}],"is_beta":false,"boss_relics":[{"not_picked":["Snecko Eye","Lizard Tail"],"picked":"Busted Crown"},{"not_picked":["White Beast Statue","Cursed Key"],"picked":"Empty Cage"}],"items_purged_floors":[4,19,37,48],"is_endless":false,"potions_floor_spawned":[6,8,14,16,21,28,35,36],"killed_by":"Time Eater","ascension_level":0}