{"gold_per_floor":[110,123,123,123,88,120,120,153,176,12,12,38,50,70,70,144,144,156,431,451,88,88,88,117,117,144,144,161,161,186,204,204,280,280,300,79,99,113,130,130,182,182,182,182,182,208,225,260,260,260,260,260,260,49,74,74],"floor_reached":56,"playtime":33183,"items_purged":["Strike_G","Regret","Strike_G","Doubt"],"score":1922,"play_id":"4983c53a-dafa-4708-9ebe-6ac8161d35bd","local_time":"20190706155652","is_ascension_mode":true,"campfire_choices":[{"data":"Well Laid Plans","floor":7.0,"key":"SMITH"},{"data":"Wraith Form v2","floor":11.0,"key":"SMITH"},{"data":"Neutralize","floor":15.0,"key":"SMITH"},{"data":"Adrenaline","floor":23.0,"key":"SMITH"},{"floor":25.0,"key":"REST"},{"data":"Footwork","floor":27.0,"key":"SMITH"},{"floor":29.0,"key":"REST"},{"floor":32.0,"key":"REST"},{"data":"Footwork","floor":40,"key":"SMITH"},{"floor":42,"key":"RECALL"},{"data":"Apotheosis","floor":45,"key":"SMITH"},{"data":"1","floor":49,"key":"LIFT"},{"data":"2","floor":53,"key":"LIFT"}],"neow_cost":"NONE","seed_source_timestamp":0,"circlet_count":0,"master_deck":["AscendersBane","Strike_G","Strike_G","Strike_G+1","Defend_G","Defend_G","Defend_G","Defend_G","Defend_G","Survivor","Neutralize+1","Predator","Noxious Fumes+1","Well Laid Plans+1","Wraith Form v2+1","Footwork","Flying Knee","Predator","Adrenaline+1","Backflip","Footwork+1","PiercingWail","Footwork+1","Tactician+1","Night Terror","Leg Sweep+1","Escape Plan","Predator+1","Apotheosis+1","Dark Shackles","Deflect+1","Deflect","After Image","Acrobatics+1"],"special_seed":0,"relics":["Ring of the Snake","NeowsBlessing","Smiling Mask","Bag of Marbles","Bronze Scales","Ginger","Sozu","Strange Spoon","Shuriken","Anchor","Bird Faced Urn","Cursed Key","Happy Flower","Incense Burner","Girya","Potion Belt","Art of War"],"potions_floor_usage":[41],"damage_taken":[{"damage":0.0,"enemies":"Small Slimes","floor":1.0,"turns":1.0},{"damage":0.0,"enemies":"Jaw Worm","floor":2.0,"turns":1.0},{"damage":0.0,"enemies":"Gremlin Nob","floor":6.0,"turns":1.0},{"damage":26.0,"enemies":"3 Sentries","floor":8.0,"turns":7.0},{"damage":7.0,"enemies":"Gremlin Nob","floor":12.0,"turns":4.0},{"damage":0.0,"enemies":"2 Louse","floor":13.0,"turns":2.0},{"damage":0.0,"enemies":"Exordium Thugs","floor":14.0,"turns":5.0},{"damage":24.0,"enemies":"Slime Boss","floor":16.0,"turns":10.0},{"damage":1.0,"enemies":"Chosen","floor":18.0,"turns":4.0},{"damage":13.0,"enemies":"Shell Parasite","floor":20.0,"turns":4.0},{"damage":10.0,"enemies":"Book of Stabbing","floor":24.0,"turns":7.0},{"damage":7.0,"enemies":"Snake Plant","floor":28.0,"turns":4.0},{"damage":29.0,"enemies":"Slavers","floor":30.0,"turns":6.0},{"damage":0.0,"enemies":"Chosen and Byrds","floor":31.0,"turns":5.0},{"damage":9.0,"enemies":"Automaton","floor":33.0,"turns":12.0},{"damage":8.0,"enemies":"Orb Walker","floor":35.0,"turns":4.0},{"damage":1.0,"enemies":"3 Shapes","floor":37.0,"turns":7.0},{"damage":10,"enemies":"Spire Growth","floor":38,"turns":7},{"damage":0,"enemies":"Maw","floor":39,"turns":9},{"damage":2,"enemies":"2 Orb Walkers","floor":41,"turns":8},{"damage":57,"enemies":"Reptomancer","floor":46,"turns":9},{"damage":0,"enemies":"4 Shapes","floor":47,"turns":6},{"damage":8,"enemies":"Nemesis","floor":48,"turns":13},{"damage":32,"enemies":"Awakened One","floor":50,"turns":24},{"damage":30,"enemies":"Donu and Deca","floor":51,"turns":13},{"damage":34,"enemies":"Shield and Spear","floor":55,"turns":13},{"damage":47,"enemies":"The Heart","floor":56,"turns":3}],"seed_played":"-6257332110115807306","potions_obtained":[{"floor":8.0,"key":"Swift Potion"},{"floor":12.0,"key":"GamblersBrew"},{"floor":13.0,"key":"GhostInAJar"}],"is_trial":false,"path_per_floor":["M","M","?","?","?","E","R","E","T","$","R","E","M","M","R","B",null,"M","?","M","$","?","R","E","R","T","R","M","R","E","M","R","B",null,"M","$","M","M","M","R","?","R","T","?","R","E","M","E","R","B","B",null,"R","$","E","B"],"character_chosen":"THE_SILENT","items_purchased":["Footwork","Flying Knee","Footwork","PiercingWail","Strange Spoon","Happy Flower","After Image"],"campfire_rested":3,"item_purchase_floors":[10,10,21,21,21,36,54],"current_hp_per_floor":[59,59,64,43,60,60,60,34,34,34,34,27,27,27,27,3,54,53,53,40,40,30,30,20,41,41,41,34,55,26,34,55,56,67,65,65,70,65,71,71,71,71,71,61,61,20,36,52,52,30,12,56,56,56,42,0],"gold":74,"neow_bonus":"THREE_ENEMY_KILL","is_prod":false,"is_daily":false,"chose_seed":false,"campfire_upgraded":7,"win_rate":0,"timestamp":1562443012,"path_taken":["M","M","?","?","?","E","R","E","T","$","R","E","M","?","R","BOSS","M","?","M","$","?","R","E","R","T","R","M","R","E","?","R","BOSS","M","$","M","M","M","R","?","R","T","?","R","E","M","E","R","BOSS","BOSS","R","$","E","BOSS"],"build_version":"2019-07-05","purchased_purges":4,"victory":false,"max_hp_per_floor":[66,66,71,71,71,71,71,71,71,71,71,71,71,71,71,71,71,71,71,71,71,71,71,71,71,71,71,71,71,71,71,71,71,71,71,71,71,71,71,71,71,71,71,71,71,71,71,71,71,71,71,71,71,71,71,71],"card_choices":[{"not_picked":["Prepared","Outmaneuver"],"picked":"Predator","floor":1.0},{"not_picked":["Bane","Blade Dance"],"picked":"Noxious Fumes","floor":2.0},{"not_picked":["Outmaneuver","Expertise"],"picked":"Well Laid Plans","floor":6.0},{"not_picked":["Poisoned Stab","Flying Knee"],"picked":"Wraith Form v2","floor":8.0},{"not_picked":["Prepared","Quick Slash"],"picked":"Predator","floor":12.0},{"not_picked":["Cloak And Dagger","Blade Dance","Prepared"],"picked":"SKIP","floor":13.0},{"not_picked":["All Out Attack","Dagger Throw","Finisher"],"picked":"SKIP","floor":14.0},{"not_picked":["Malaise","Tools of the Trade"],"picked":"Adrenaline","floor":16.0},{"not_picked":["Flying Knee","Finisher","Slice"],"picked":"SKIP","floor":18.0},{"not_picked":["Underhanded Strike","Dagger Spray"],"picked":"Backflip","floor":20.0},{"not_picked":["Sucker Punch+1","Dodge and Roll"],"picked":"Footwork","floor":24.0},{"not_picked":["Acrobatics+1","Deadly Poison","Sucker Punch"],"picked":"SKIP","floor":28.0},{"not_picked":["Backstab","Outmaneuver"],"picked":"Tactician+1","floor":30.0},{"not_picked":["Masterful Stab","Poisoned Stab","Distraction"],"picked":"SKIP","floor":31.0},{"not_picked":["Bullet Time","Tools of the Trade"],"picked":"Night Terror","floor":33.0},{"not_picked":["Deflect","Dagger Throw"],"picked":"Leg Sweep+1","floor":35.0},{"not_picked":["Eviscerate","Sucker Punch+1","Flying Knee"],"picked":"SKIP","floor":37},{"not_picked":["PiercingWail","Backflip+1"],"picked":"Escape Plan","floor":38},{"not_picked":["Setup","Accuracy","Sucker Punch"],"picked":"SKIP","floor":39},{"not_picked":["Poisoned Stab","Well Laid Plans+1"],"picked":"Predator+1","floor":41},{"not_picked":["Chrysalis","Purity"],"picked":"Apotheosis","floor":44},{"not_picked":["Forethought","Blind"],"picked":"Dark Shackles","floor":44},{"not_picked":["Bane","Noxious Fumes"],"picked":"Deflect+1","floor":46},{"not_picked":["Expertise","Flying Knee","Outmaneuver+1"],"picked":"SKIP","floor":47},{"not_picked":["Backflip","Blade Dance"],"picked":"Deflect","floor":48},{"not_picked":["Leg Sweep","Night Terror"],"picked":"Acrobatics+1","floor":55}],"player_experience":1277614,"relics_obtained":[{"floor":6.0,"key":"Smiling Mask"},{"floor":8.0,"key":"Bag of Marbles"},{"floor":9.0,"key":"Bronze Scales"},{"floor":12.0,"key":"Ginger"},{"floor":24.0,"key":"Shuriken"},{"floor":26.0,"key":"Anchor"},{"floor":30.0,"key":"Bird Faced Urn"},{"floor":41,"key":"Incense Burner"},{"floor":46,"key":"Girya"},{"floor":48,"key":"Potion Belt"},{"floor":55,"key":"Art of War"}],"event_choices":[{"damage_healed":0.0,"max_hp_gain":5.0,"max_hp_loss":0.0,"gold_gain":0.0,"event_name":"Big Fish","player_choice":"Donut","floor":3.0,"gold_loss":0.0,"damage_taken":0.0},{"damage_healed":0.0,"max_hp_gain":0.0,"max_hp_loss":0.0,"gold_gain":0.0,"event_name":"Shining Light","player_choice":"Entered Light","floor":4.0,"gold_loss":0.0,"damage_taken":21.0,"cards_upgraded":["Noxious Fumes","Strike_G"]},{"damage_healed":17.0,"max_hp_gain":0.0,"max_hp_loss":0.0,"gold_gain":0.0,"event_name":"The Cleric","player_choice":"Healed","floor":5.0,"gold_loss":35.0,"damage_taken":0.0},{"damage_healed":0.0,"max_hp_gain":0.0,"max_hp_loss":0.0,"gold_gain":275.0,"event_name":"Golden Shrine","player_choice":"Desecrate","floor":19.0,"gold_loss":0.0,"damage_taken":0.0,"cards_obtained":["Regret"]},{"damage_healed":0.0,"max_hp_gain":0.0,"max_hp_loss":0.0,"gold_gain":0.0,"event_name":"Wheel of Change","player_choice":"Damaged","floor":22.0,"gold_loss":0.0,"damage_taken":10.0},{"damage_healed":0,"gold_gain":0,"player_choice":"Fight","damage_taken":0,"max_hp_gain":0,"max_hp_loss":0,"event_name":"Mysterious Sphere","floor":41,"gold_loss":0},{"damage_healed":0,"gold_gain":0,"player_choice":"Memory 3","damage_taken":10,"max_hp_gain":0,"max_hp_loss":0,"event_name":"SensoryStone","floor":44,"gold_loss":0}],"is_beta":false,"boss_relics":[{"not_picked":["Tiny House","Lizard Tail"],"picked":"Sozu"},{"not_picked":["Black Star","Coffee Dripper"],"picked":"Cursed Key"}],"items_purged_floors":[10,21,36,54],"is_endless":false,"potions_floor_spawned":[8,12,13,18,20,33,35,39,41],"killed_by":"The Heart","ascension_level":20}