{"gold_per_floor":[117,167,187,205,218,253,253,271,271,284,284,284,318,329,329,329],"floor_reached":16,"playtime":898,"items_purged":[],"score":278,"play_id":"f495d31e-44aa-4a79-a3e0-123dd0a642b6","local_time":"20190725125836","is_ascension_mode":true,"campfire_choices":[{"floor":7,"key":"REST"},{"floor":12,"key":"REST"},{"data":"Noxious Fumes","floor":15,"key":"SMITH"}],"neow_cost":"NONE","seed_source_timestamp":936843204627900,"circlet_count":0,"master_deck":["AscendersBane","Strike_G","Strike_G","Strike_G","Strike_G","Strike_G","Defend_G","Defend_G","Defend_G","Defend_G","Defend_G","Survivor","Neutralize","Dagger Spray","Cloak And Dagger","Backstab","Poisoned Stab","Slice","Bane","Corpse Explosion","Noxious Fumes+1"],"relics":["Ring of the Snake","NeowsBlessing","Anchor","StoneCalendar","Tough Bandages"],"potions_floor_usage":[13,13,16,16],"damage_taken":[{"damage":0,"enemies":"Jaw Worm","floor":1,"turns":1},{"damage":0,"enemies":"Cultist","floor":3,"turns":1},{"damage":0,"enemies":"Small Slimes","floor":4,"turns":1},{"damage":8,"enemies":"Exordium Thugs","floor":5,"turns":5},{"damage":48,"enemies":"Lagavulin","floor":6,"turns":10},{"damage":9,"enemies":"Exordium Wildlife","floor":8,"turns":5},{"damage":0,"enemies":"Looter","floor":10,"turns":3},{"damage":0,"enemies":"3 Sentries","floor":13,"turns":2},{"damage":12,"enemies":"Large Slime","floor":14,"turns":6},{"damage":24,"enemies":"The Guardian","floor":16,"turns":7}],"seed_played":"-7985187036993862658","potions_obtained":[{"floor":6,"key":"Explosive Potion"},{"floor":11,"key":"EntropicBrew"}],"is_trial":false,"path_per_floor":["M","?","M","M","M","E","R","M","T","M","?","R","E","M","R","B"],"character_chosen":"THE_SILENT","items_purchased":[],"campfire_rested":2,"item_purchase_floors":[],"current_hp_per_floor":[59,59,59,59,51,3,22,13,13,13,13,32,32,20,20,0],"gold":329,"neow_bonus":"THREE_ENEMY_KILL","is_prod":false,"is_daily":false,"chose_seed":false,"campfire_upgraded":1,"win_rate":0,"timestamp":1564073916,"path_taken":["M","?","?","M","?","E","R","M","T","M","?","R","E","M","R","BOSS"],"build_version":"2019-07-17","purchased_purges":0,"victory":false,"max_hp_per_floor":[66,66,66,66,66,66,66,66,66,66,66,66,66,66,66,66],"card_choices":[{"not_picked":["Dagger Throw","Distraction"],"picked":"Dagger Spray","floor":1},{"not_picked":["PiercingWail","Reflex"],"picked":"Cloak And Dagger","floor":3},{"not_picked":["Quick Slash","Night Terror"],"picked":"Backstab","floor":4},{"not_picked":["Underhanded Strike","Riddle With Holes"],"picked":"Poisoned Stab","floor":5},{"not_picked":["Venomology","Outmaneuver"],"picked":"Slice","floor":6},{"not_picked":["Cloak And Dagger","Deflect"],"picked":"Bane","floor":8},{"not_picked":["Endless Agony","Flechettes"],"picked":"Corpse Explosion","floor":10},{"not_picked":["Choke","Accuracy","Finisher"],"picked":"SKIP","floor":13},{"not_picked":["Deflect","Poisoned Stab"],"picked":"Noxious Fumes","floor":14}],"player_experience":1391824,"relics_obtained":[{"floor":6,"key":"Anchor"},{"floor":9,"key":"StoneCalendar"},{"floor":13,"key":"Tough Bandages"}],"event_choices":[{"damage_healed":0,"gold_gain":50,"player_choice":"Pray","damage_taken":0,"max_hp_gain":0,"max_hp_loss":0,"event_name":"Golden Shrine","floor":2,"gold_loss":0},{"damage_healed":0,"gold_gain":0,"player_choice":"Got Potions","damage_taken":0,"max_hp_gain":0,"max_hp_loss":0,"event_name":"Lab","floor":11,"gold_loss":0}],"is_beta":false,"boss_relics":[],"items_purged_floors":[],"is_endless":false,"potions_floor_spawned":[6,13,14],"killed_by":"The Guardian","ascension_level":20}