{"gold_per_floor":[118,138,149,162,177,210,226,226,226,238,264,189,223,241,241,241],"floor_reached":16,"playtime":838,"items_purged":["Strike_B"],"score":302,"play_id":"448b47bc-bddf-4b17-94e8-0ece651b203a","local_time":"20190729193508","is_ascension_mode":true,"campfire_choices":[{"floor":8.0,"key":"REST"},{"data":"FTL","floor":15.0,"key":"SMITH"}],"neow_cost":"NONE","seed_source_timestamp":177388344366900,"circlet_count":0,"master_deck":["AscendersBane","Strike_B","Strike_B","Strike_B","Defend_B","Defend_B","Defend_B","Defend_B","Zap+1","Dualcast","Cold Snap","Cold Snap","Ball Lightning","FTL+1","Undo","Glacier","Coolheaded","FTL","Ball Lightning","Doom and Gloom"],"special_seed":0,"relics":["Cracked Core","Strawberry","Happy Flower","Matryoshka","Omamori"],"potions_floor_usage":[],"damage_taken":[{"damage":0.0,"enemies":"Small Slimes","floor":1.0,"turns":2.0},{"damage":7.0,"enemies":"Jaw Worm","floor":2.0,"turns":3.0},{"damage":3.0,"enemies":"2 Louse","floor":3.0,"turns":2.0},{"damage":8.0,"enemies":"Exordium Wildlife","floor":4.0,"turns":2.0},{"damage":8.0,"enemies":"Blue Slaver","floor":5.0,"turns":2.0},{"damage":7.0,"enemies":"3 Sentries","floor":6.0,"turns":5.0},{"damage":3.0,"enemies":"Exordium Thugs","floor":7.0,"turns":5.0},{"damage":0.0,"enemies":"Looter","floor":10.0,"turns":4.0},{"damage":21.0,"enemies":"Lagavulin","floor":11.0,"turns":6.0},{"damage":0.0,"enemies":"3 Sentries","floor":13.0,"turns":6.0},{"damage":6.0,"enemies":"Blue Slaver","floor":14.0,"turns":3.0},{"damage":36,"enemies":"Hexaghost","floor":16,"turns":9}],"seed_played":"7386943774091519268","potions_obtained":[{"floor":3.0,"key":"SteroidPotion"},{"floor":5.0,"key":"Poison Potion"},{"floor":7.0,"key":"SteroidPotion"},{"floor":11.0,"key":"GamblersBrew"}],"is_trial":false,"path_per_floor":["M","M","M","M","M","E","M","R","T","M","E","$","E","M","R","B"],"character_chosen":"DEFECT","items_purchased":[],"campfire_rested":1,"item_purchase_floors":[],"current_hp_per_floor":[64,57,54,46,38,38,35,58,58,58,37,37,37,31,31,0],"gold":241,"neow_bonus":"UPGRADE_CARD","is_prod":false,"is_daily":false,"chose_seed":false,"campfire_upgraded":1,"win_rate":0,"timestamp":1564443308,"path_taken":["M","M","M","M","M","E","M","R","T","M","E","$","E","M","R","BOSS"],"build_version":"2019-07-17","purchased_purges":1,"victory":false,"max_hp_per_floor":[71,71,71,71,71,78,78,78,78,78,78,78,78,78,78,78],"card_choices":[{"not_picked":["Barrage","Scrape"],"picked":"Cold Snap","floor":1.0},{"not_picked":["Beam Cell","BootSequence"],"picked":"Cold Snap","floor":2.0},{"not_picked":["Glacier","Reprogram"],"picked":"Ball Lightning","floor":3.0},{"not_picked":["Chaos","Fission"],"picked":"FTL","floor":4.0},{"not_picked":["Heatsinks","Darkness"],"picked":"Undo","floor":5.0},{"not_picked":["Sweeping Beam","Streamline"],"picked":"Glacier","floor":6.0},{"not_picked":["Recycle","Scrape"],"picked":"Coolheaded","floor":7.0},{"not_picked":["Gash","Streamline"],"picked":"FTL","floor":10.0},{"not_picked":["Barrage","Heatsinks"],"picked":"Ball Lightning","floor":11.0},{"not_picked":["Darkness","Streamline"],"picked":"Doom and Gloom","floor":13.0},{"not_picked":["Gash","Double Energy","Barrage"],"picked":"SKIP","floor":14.0}],"player_experience":1407770,"relics_obtained":[{"floor":6.0,"key":"Strawberry"},{"floor":9.0,"key":"Happy Flower"},{"floor":11.0,"key":"Matryoshka"},{"floor":13.0,"key":"Omamori"}],"event_choices":[],"is_beta":false,"boss_relics":[],"items_purged_floors":[12],"is_endless":false,"potions_floor_spawned":[3,5,7,11],"killed_by":"Hexaghost","ascension_level":20}