{"gold_per_floor":[117,132,207,207,218,218,234,234,257,269,306,334,346,358,370,472,484,519,340,355,355,355,355,391,391],"floor_reached":25,"playtime":1193,"items_purged":["Strike_R"],"score":452,"play_id":"d809a929-dba6-4581-8d42-82c740d9615d","local_time":"20190902090928","is_ascension_mode":true,"campfire_choices":[{"data":"Bash","floor":6,"key":"SMITH"},{"data":"Clothesline","floor":8,"key":"SMITH"},{"floor":10,"key":"REST"},{"data":"Heavy Blade","floor":13,"key":"SMITH"},{"data":"Carnage","floor":15,"key":"SMITH"},{"floor":23,"key":"REST"}],"neow_cost":"NONE","seed_source_timestamp":325053919282200,"circlet_count":0,"master_deck":["AscendersBane","Defend_R","Defend_R","Defend_R","Defend_R","Bash+1","Anger","Spot Weakness","Clothesline+1","Heavy Blade+1","Carnage+1","Battle Trance","Immolate","Headbutt","Burning Pact","Pummel","Power Through+1","Bite","Bite","Bite","Bite","Bite","Second Wind"],"relics":["Burning Blood","Ancient Tea Set","MawBank","Vajra","Golden Idol","Velvet Choker","Pen Nib"],"potions_floor_usage":[16,24],"damage_taken":[{"damage":14,"enemies":"Jaw Worm","floor":1,"turns":4},{"damage":1,"enemies":"Cultist","floor":2,"turns":3},{"damage":2,"enemies":"2 Louse","floor":5,"turns":3},{"damage":39,"enemies":"Large Slime","floor":7,"turns":7},{"damage":20,"enemies":"Lagavulin","floor":11,"turns":6},{"damage":6,"enemies":"Looter","floor":12,"turns":2},{"damage":31,"enemies":"The Guardian","floor":16,"turns":13},{"damage":14,"enemies":"3 Byrds","floor":18,"turns":4},{"damage":34,"enemies":"Shell Parasite","floor":20,"turns":4},{"damage":46,"enemies":"Slavers","floor":24,"turns":5},{"damage":25,"enemies":"3 Cultists","floor":25,"turns":4}],"seed_played":"9073029655985380528","potions_obtained":[{"floor":1,"key":"EssenceOfSteel"},{"floor":5,"key":"Ancient Potion"},{"floor":11,"key":"Block Potion"},{"floor":12,"key":"BloodPotion"},{"floor":24,"key":"EssenceOfSteel"}],"is_trial":false,"path_per_floor":["M","M","?","?","M","R","M","R","T","R","E","M","R","?","R","B",null,"M","$","M","?","?","R","E","M"],"character_chosen":"IRONCLAD","items_purchased":["Burning Pact","Pummel"],"campfire_rested":2,"item_purchase_floors":[19,19],"current_hp_per_floor":[60,65,54,54,58,58,25,25,25,47,33,33,33,33,33,8,53,45,45,17,17,17,31,16,0],"gold":391,"neow_bonus":"RANDOM_COMMON_RELIC","is_prod":false,"is_daily":false,"chose_seed":false,"campfire_upgraded":4,"win_rate":0,"timestamp":1567382968,"path_taken":["M","M","?","?","?","R","M","R","T","R","E","M","R","?","R","BOSS","M","$","M","?","?","R","E","M"],"build_version":"2019-07-17","purchased_purges":1,"victory":false,"max_hp_per_floor":[75,75,75,75,75,75,75,75,75,75,75,75,75,68,68,68,68,68,68,68,47,47,47,47,47],"card_choices":[{"not_picked":["Sever Soul","Shockwave"],"picked":"Anger","floor":1},{"not_picked":["Carnage","Body Slam"],"picked":"Spot Weakness","floor":2},{"not_picked":["Havoc","Perfected Strike"],"picked":"Heavy Blade","floor":5},{"not_picked":["Clash","Heavy Blade","Flex"],"picked":"SKIP","floor":7},{"not_picked":["Iron Wave","Havoc"],"picked":"Carnage","floor":11},{"not_picked":["Cleave","Wild Strike"],"picked":"Battle Trance","floor":12},{"not_picked":["Feed","Berserk"],"picked":"Immolate","floor":16},{"not_picked":["Fire Breathing","Twin Strike"],"picked":"Headbutt","floor":18},{"not_picked":["Cleave+1","Body Slam"],"picked":"Power Through+1","floor":20},{"not_picked":["Thunderclap","Second Wind","Sentinel"],"picked":"SKIP","floor":24},{"not_picked":["Thunderclap","Sentinel"],"picked":"Second Wind","floor":24}],"player_experience":567361,"relics_obtained":[{"floor":9,"key":"MawBank"},{"floor":11,"key":"Vajra"},{"floor":24,"key":"Pen Nib"}],"event_choices":[{"damage_healed":0,"gold_gain":75,"player_choice":"Gather Gold","damage_taken":11,"max_hp_gain":0,"max_hp_loss":0,"event_name":"World of Goop","floor":3,"gold_loss":0},{"damage_healed":0,"gold_gain":0,"player_choice":"1 cards matched","damage_taken":0,"max_hp_gain":0,"max_hp_loss":0,"event_name":"Match and Keep!","floor":4,"gold_loss":0,"cards_obtained":["Clothesline"]},{"damage_healed":0,"gold_gain":0,"player_choice":"Lose Max HP","damage_taken":0,"relics_obtained":["Golden Idol"],"max_hp_gain":0,"max_hp_loss":7,"event_name":"Golden Idol","floor":14,"gold_loss":0},{"damage_healed":0,"gold_gain":0,"player_choice":"Became a vampire","damage_taken":0,"max_hp_gain":0,"max_hp_loss":21,"event_name":"Vampires","floor":21,"gold_loss":0,"cards_obtained":["Bite","Bite","Bite","Bite","Bite"]},{"damage_healed":0,"gold_gain":0,"player_choice":"Ignored","damage_taken":0,"max_hp_gain":0,"max_hp_loss":0,"event_name":"N\u0027loth","floor":22,"gold_loss":0}],"is_beta":false,"boss_relics":[{"not_picked":["Eternal Feather","Busted Crown"],"picked":"Velvet Choker"}],"items_purged_floors":[19],"is_endless":false,"potions_floor_spawned":[1,5,11,12,24],"killed_by":"3 Cultists","ascension_level":19}