{"gold_per_floor":[112,112,125,140,140,170,182,194,206,32,68,17,0,20,20,116,116,140,190,205,226,95,95,95,95,121,121,136,159,180,221,221,221],"floor_reached":33,"playtime":976,"items_purged":["Decay"],"score":550,"play_id":"77685811-d36c-4df3-8e23-f40113936a37","local_time":"20190715222827","is_ascension_mode":true,"campfire_choices":[{"data":"Combust","floor":7.0,"key":"SMITH"},{"data":"Infernal Blade","floor":15.0,"key":"SMITH"},{"data":"Bludgeon","floor":23.0,"key":"SMITH"},{"data":"Blood for Blood","floor":25.0,"key":"SMITH"},{"floor":27.0,"key":"REST"},{"floor":32,"key":"REST"}],"neow_cost":"CURSE","seed_source_timestamp":106834162216800,"circlet_count":0,"master_deck":["AscendersBane","Strike_R","Strike_R","Strike_R","Strike_R","Strike_R","Defend_R","Defend_R","Bash","Infernal Blade+1","Blood for Blood+1","Iron Wave","Anger","Cleave","Combust+1","Double Tap+1","Havoc+1","Thunderclap","Bludgeon+1","Armaments+1","Battle Trance+1","Rage+1","Disarm+1","Havoc+1","Warcry+1","Shrug It Off+1"],"special_seed":0,"relics":["Burning Blood","Self Forming Clay","MawBank","Golden Idol","Toxic Egg 2","Runic Dome","Pen Nib","Pocketwatch"],"potions_floor_usage":[30,31],"damage_taken":[{"damage":8.0,"enemies":"2 Louse","floor":1.0,"turns":2.0},{"damage":0.0,"enemies":"Cultist","floor":3.0,"turns":2.0},{"damage":7.0,"enemies":"Small Slimes","floor":4.0,"turns":3.0},{"damage":28.0,"enemies":"Lagavulin","floor":6.0,"turns":4.0},{"damage":8.0,"enemies":"3 Sentries","floor":11.0,"turns":4.0},{"damage":13.0,"enemies":"Blue Slaver","floor":14.0,"turns":3.0},{"damage":17.0,"enemies":"Slime Boss","floor":16.0,"turns":7.0},{"damage":21.0,"enemies":"Shell Parasite","floor":18.0,"turns":2.0},{"damage":12.0,"enemies":"Spheric Guardian","floor":20.0,"turns":3.0},{"damage":5.0,"enemies":"3 Cultists","floor":21.0,"turns":3.0},{"damage":15.0,"enemies":"Snake Plant","floor":28.0,"turns":3.0},{"damage":1,"enemies":"Sentry and Sphere","floor":29,"turns":2},{"damage":0,"enemies":"Centurion and Healer","floor":30,"turns":4},{"damage":63,"enemies":"Gremlin Leader","floor":31,"turns":6},{"damage":34,"enemies":"Automaton","floor":33,"turns":5}],"seed_played":"2086006128763655266","potions_obtained":[{"floor":2.0,"key":"EssenceOfSteel"},{"floor":2.0,"key":"FearPotion"},{"floor":4.0,"key":"PowerPotion"},{"floor":16.0,"key":"Explosive Potion"},{"floor":30,"key":"Regen Potion"}],"is_trial":false,"path_per_floor":["M","?","M","M","?","E","R","?","T","$","E","$","?","M","R","B",null,"M","?","M","M","$","R","?","R","T","R","M","M","M","E","R","B"],"character_chosen":"IRONCLAD","items_purchased":["Explosive Potion","Poison Potion","Havoc+1","Disarm+1","Fire Potion"],"campfire_rested":2,"item_purchase_floors":[10,10,12,22,22],"current_hp_per_floor":[66,66,72,71,66,44,44,44,44,44,42,42,42,35,35,24,57,42,42,36,37,37,37,37,37,37,57,48,53,59,14,34,0],"gold":221,"neow_bonus":"TRANSFORM_TWO_CARDS","is_prod":false,"is_daily":false,"chose_seed":false,"campfire_upgraded":4,"win_rate":0,"timestamp":1563244107,"path_taken":["M","?","?","M","?","E","R","?","T","?","E","$","?","M","R","BOSS","M","?","M","?","$","R","?","R","T","R","M","M","M","E","R","BOSS"],"build_version":"2019-07-05","purchased_purges":1,"victory":false,"max_hp_per_floor":[75,75,75,75,75,75,75,68,68,68,68,68,68,68,68,68,68,68,68,68,68,68,68,68,68,68,68,68,68,68,68,68,68],"card_choices":[{"not_picked":["Searing Blow","Twin Strike"],"picked":"Iron Wave","floor":1.0},{"not_picked":["Clash","Heavy Blade"],"picked":"Anger","floor":3.0},{"not_picked":["Entrench","Pummel"],"picked":"Cleave","floor":4.0},{"not_picked":["Bloodletting","Headbutt"],"picked":"Combust","floor":6.0},{"not_picked":["Pommel Strike","Shrug It Off"],"picked":"Double Tap","floor":11.0},{"not_picked":["Dropkick","Sword Boomerang"],"picked":"Thunderclap","floor":14.0},{"not_picked":["Brutality","Fiend Fire"],"picked":"Bludgeon","floor":16.0},{"not_picked":["Rage+1","Anger"],"picked":"Armaments+1","floor":18.0},{"not_picked":["Sword Boomerang+1","Sentinel+1"],"picked":"Battle Trance+1","floor":20.0},{"not_picked":["Entrench+1","Perfected Strike"],"picked":"Rage+1","floor":21.0},{"not_picked":["Spot Weakness+1","Clothesline"],"picked":"Havoc+1","floor":28},{"not_picked":["Wild Strike","Cleave"],"picked":"Warcry+1","floor":29},{"not_picked":["Perfected Strike","Pommel Strike","Flex+1"],"picked":"SKIP","floor":30},{"not_picked":["Blood for Blood","Iron Wave"],"picked":"Shrug It Off+1","floor":31}],"player_experience":1355146,"relics_obtained":[{"floor":6.0,"key":"MawBank"},{"floor":11.0,"key":"Toxic Egg 2"},{"floor":26.0,"key":"Pen Nib"},{"floor":31,"key":"Pocketwatch"}],"event_choices":[{"damage_healed":0.0,"max_hp_gain":0.0,"max_hp_loss":0.0,"gold_gain":0.0,"event_name":"Lab","player_choice":"Got Potions","floor":2.0,"gold_loss":0.0,"damage_taken":0.0},{"damage_healed":0.0,"max_hp_gain":0.0,"max_hp_loss":0.0,"gold_gain":0.0,"event_name":"Scrap Ooze","player_choice":"Success","floor":5.0,"gold_loss":0.0,"damage_taken":5.0,"relics_obtained":["Self Forming Clay"]},{"damage_healed":0.0,"max_hp_gain":0.0,"max_hp_loss":7.0,"gold_gain":0.0,"event_name":"Golden Idol","player_choice":"Lose Max HP","floor":8.0,"gold_loss":0.0,"damage_taken":0.0,"relics_obtained":["Golden Idol"]},{"damage_healed":0.0,"max_hp_gain":0.0,"max_hp_loss":0.0,"gold_gain":0.0,"event_name":"World of Goop","player_choice":"Left Gold","floor":13.0,"gold_loss":17.0,"damage_taken":0.0},{"damage_healed":0.0,"max_hp_gain":0.0,"max_hp_loss":0.0,"gold_gain":100.0,"event_name":"The Joust","player_choice":"Bet on Murderer","floor":19.0,"gold_loss":50.0,"damage_taken":0.0},{"damage_healed":0.0,"max_hp_gain":0.0,"max_hp_loss":0.0,"gold_gain":0.0,"event_name":"The Mausoleum","player_choice":"Ignored","floor":24.0,"gold_loss":0.0,"damage_taken":0.0}],"is_beta":false,"boss_relics":[{"not_picked":["White Beast Statue","Runic Cube"],"picked":"Runic Dome"}],"items_purged_floors":[10],"is_endless":false,"potions_floor_spawned":[4,16,28,29,30],"killed_by":"Automaton","ascension_level":20}