{"gold_per_floor":[117,132,132,143,155,155,167,194,217,291,303,347,376,415,427,516,528,553,480,512,538,48,48,64,89,114,114,114,145,145,195,195,195],"floor_reached":33,"playtime":2037,"items_purged":["Strike_R"],"score":610,"play_id":"2be05353-df0f-45a3-98f0-2b6771549dc3","local_time":"20190806100548","is_ascension_mode":true,"campfire_choices":[{"data":"Shockwave","floor":6.0,"key":"SMITH"},{"data":"Infernal Blade","floor":11.0,"key":"SMITH"},{"data":"Armaments","floor":15.0,"key":"SMITH"},{"data":"True Grit","floor":23.0,"key":"SMITH"},{"data":"Inflame","floor":27.0,"key":"SMITH"},{"data":"Metallicize","floor":30.0,"key":"SMITH"},{"data":"Feel No Pain","floor":32.0,"key":"SMITH"}],"neow_cost":"NONE","seed_source_timestamp":833288717300400,"circlet_count":0,"master_deck":["AscendersBane","Strike_R","Strike_R","Strike_R","Defend_R+1","Defend_R","Defend_R","Defend_R","Bash","Metallicize+1","Cleave","Feel No Pain","Shockwave+1","Infernal Blade+1","Flame Barrier+1","Whirlwind","Armaments+1","Offering","Pommel Strike+1","Flame Barrier","Shrug It Off","Feel No Pain+1","True Grit+1","Inflame+1","Warcry+1"],"special_seed":0,"relics":["Burning Blood","Bag of Marbles","Ornamental Fan","MawBank","Blood Vial","War Paint","Mummified Hand","Coffee Dripper","Darkstone Periapt","Molten Egg 2","Singing Bowl","Kunai"],"potions_floor_usage":[33,33],"damage_taken":[{"damage":1.0,"enemies":"Cultist","floor":1.0,"turns":3.0},{"damage":2.0,"enemies":"2 Louse","floor":2.0,"turns":3.0},{"damage":7.0,"enemies":"Jaw Worm","floor":4.0,"turns":5.0},{"damage":4.0,"enemies":"2 Fungi Beasts","floor":5.0,"turns":4.0},{"damage":17.0,"enemies":"Exordium Wildlife","floor":7.0,"turns":6.0},{"damage":21.0,"enemies":"Gremlin Nob","floor":8.0,"turns":4.0},{"damage":11.0,"enemies":"3 Sentries","floor":10.0,"turns":6.0},{"damage":8.0,"enemies":"Lagavulin","floor":12.0,"turns":6.0},{"damage":0.0,"enemies":"Large Slime","floor":13.0,"turns":6.0},{"damage":15.0,"enemies":"3 Sentries","floor":14.0,"turns":7.0},{"damage":39.0,"enemies":"The Guardian","floor":16.0,"turns":19.0},{"damage":8.0,"enemies":"2 Thieves","floor":18.0,"turns":4.0},{"damage":6.0,"enemies":"Chosen","floor":20.0,"turns":2.0},{"damage":6.0,"enemies":"Centurion and Healer","floor":21.0,"turns":5.0},{"damage":13.0,"enemies":"Snecko","floor":24.0,"turns":6.0},{"damage":12.0,"enemies":"Gremlin Leader","floor":25.0,"turns":7.0},{"damage":20.0,"enemies":"Book of Stabbing","floor":29.0,"turns":7.0},{"damage":66,"enemies":"Collector","floor":33,"turns":7}],"seed_played":"6401216556400892997","potions_obtained":[{"floor":1.0,"key":"PowerPotion"},{"floor":3.0,"key":"Explosive Potion"},{"floor":10.0,"key":"Block Potion"},{"floor":13.0,"key":"SpeedPotion"},{"floor":14.0,"key":"Block Potion"},{"floor":16.0,"key":"Poison Potion"},{"floor":18.0,"key":"Explosive Potion"},{"floor":29.0,"key":"FearPotion"}],"is_trial":false,"path_per_floor":["M","M","?","M","M","R","M","E","T","?","R","E","M","E","R","B",null,"M","?","M","M","$","R","M","E","T","R","?","E","R","?","R","B"],"character_chosen":"IRONCLAD","items_purchased":["Molten Egg 2","Feel No Pain","True Grit"],"campfire_rested":0,"item_purchase_floors":[22,22,22],"current_hp_per_floor":[73,75,75,74,75,75,64,49,49,44,44,44,52,45,45,14,60,60,60,62,64,64,64,59,55,55,55,55,45,45,45,45,0],"gold":195,"neow_bonus":"RANDOM_COMMON_RELIC","is_prod":false,"is_daily":false,"chose_seed":false,"campfire_upgraded":7,"win_rate":0,"timestamp":1565100348,"path_taken":["M","?","?","M","M","R","?","E","T","?","R","E","M","E","R","BOSS","M","?","M","M","$","R","M","E","T","R","?","E","R","?","R","BOSS"],"build_version":"2019-07-17","purchased_purges":1,"victory":false,"max_hp_per_floor":[75,75,75,75,75,75,75,75,75,75,75,75,75,75,75,75,75,75,75,75,75,75,75,75,75,75,75,75,77,77,77,77,77],"card_choices":[{"not_picked":["Cleave","Warcry"],"picked":"Metallicize","floor":1.0},{"not_picked":["Anger","Body Slam"],"picked":"Cleave","floor":2.0},{"not_picked":["Cleave","Dual Wield"],"picked":"Feel No Pain","floor":4.0},{"not_picked":["Perfected Strike","Sever Soul"],"picked":"Shockwave","floor":5.0},{"not_picked":["Uppercut","Heavy Blade"],"picked":"Infernal Blade","floor":7.0},{"not_picked":["Twin Strike","Pummel"],"picked":"Flame Barrier","floor":8.0},{"not_picked":["Body Slam","Rampage"],"picked":"Whirlwind","floor":10.0},{"not_picked":["Brutality","Iron Wave","Bludgeon"],"picked":"SKIP","floor":12.0},{"not_picked":["Body Slam","Cleave"],"picked":"Armaments","floor":13.0},{"not_picked":["Havoc","Uppercut","Anger"],"picked":"SKIP","floor":14.0},{"not_picked":["Double Tap","Impervious"],"picked":"Offering","floor":16.0},{"not_picked":["Ghostly Armor","Uppercut"],"picked":"Pommel Strike+1","floor":18.0},{"not_picked":["Havoc","Perfected Strike"],"picked":"Flame Barrier","floor":20.0},{"not_picked":["Sword Boomerang","Sentinel"],"picked":"Shrug It Off","floor":21.0},{"not_picked":["Headbutt+1","Rage"],"picked":"Inflame","floor":24.0},{"not_picked":["Twin Strike+1","Shrug It Off"],"picked":"Warcry+1","floor":25.0},{"not_picked":["True Grit","Flex","Intimidate"],"picked":"Singing Bowl","floor":29.0}],"player_experience":1438185,"relics_obtained":[{"floor":8.0,"key":"Ornamental Fan"},{"floor":9.0,"key":"MawBank"},{"floor":10.0,"key":"Blood Vial"},{"floor":12.0,"key":"War Paint"},{"floor":14.0,"key":"Mummified Hand"},{"floor":25.0,"key":"Singing Bowl"},{"floor":29.0,"key":"Kunai"}],"event_choices":[{"damage_healed":0.0,"max_hp_gain":0.0,"max_hp_loss":0.0,"gold_gain":0.0,"event_name":"Lab","player_choice":"Got Potions","floor":3.0,"gold_loss":0.0,"damage_taken":0.0},{"damage_healed":0.0,"max_hp_gain":0.0,"max_hp_loss":0.0,"gold_gain":0.0,"event_name":"Dead Adventurer","player_choice":"Searched \u00271\u0027 times","floor":10.0,"gold_loss":0.0,"damage_taken":0.0},{"damage_healed":0.0,"max_hp_gain":0.0,"max_hp_loss":0.0,"gold_gain":0.0,"event_name":"Addict","player_choice":"Obtained Relic","floor":19.0,"gold_loss":85.0,"damage_taken":0.0,"relics_obtained":["Darkstone Periapt"]},{"cards_removed":["Strike_R"],"damage_healed":0.0,"max_hp_gain":0.0,"max_hp_loss":0.0,"gold_gain":0.0,"event_name":"Back to Basics","player_choice":"Elegance","floor":28.0,"gold_loss":0.0,"damage_taken":0.0},{"damage_healed":0.0,"max_hp_gain":0.0,"max_hp_loss":0.0,"gold_gain":50.0,"event_name":"Nest","player_choice":"Stole From Cult","floor":31.0,"gold_loss":0.0,"damage_taken":0.0}],"is_beta":false,"boss_relics":[{"not_picked":["White Beast Statue","Cursed Key"],"picked":"Coffee Dripper"}],"items_purged_floors":[22],"is_endless":false,"potions_floor_spawned":[1,4,10,13,14,16,18,20,21,24,29],"killed_by":"Collector","ascension_level":20}