{"gold_per_floor":[111,111,36,51,65,65,99,119,146,207,219,230,230,247,247,352,352,366,385,485,119,130,159,159,169,242,272,272,147,167,186,186,285,285,297,297,297,307,317,317,317,336,336,336,348,348,8,8,8,8],"floor_reached":51,"playtime":2660,"items_purged":["Strike_R","Bash","Shockwave","Wild Strike"],"score":726,"play_id":"4f3a5bcf-4beb-4604-9680-fb7adbe7ad07","local_time":"20190902225218","is_ascension_mode":false,"campfire_choices":[{"data":"Searing Blow","floor":6.0,"key":"SMITH"},{"floor":13.0,"key":"REST"},{"data":"Searing Blow+1","floor":15.0,"key":"SMITH"},{"data":"Inflame","floor":24,"key":"SMITH"},{"floor":28,"key":"REST"},{"floor":32,"key":"REST"},{"floor":40,"key":"REST"},{"floor":44,"key":"REST"},{"data":"Demon Form","floor":46,"key":"SMITH"},{"data":"Demon Form","floor":49,"key":"SMITH"}],"neow_cost":"NONE","seed_source_timestamp":0,"circlet_count":0,"master_deck":["Searing Blow+2","Battle Trance","Whirlwind","Rage","Seeing Red+1","Armaments","Demon Form+1","Clash","Clash","Intimidate","Anger","Demon Form+1","Clash+1","Inflame+1","Battle Trance","Iron Wave","Evolve","Offering","Shrug It Off+1","Shrug It Off","Swift Strike"],"special_seed":0,"relics":["Burning Blood","Dream Catcher","Orichalcum","Tiny Chest","Pandora\u0027s Box","MealTicket","StoneCalendar","Shuriken","Pantograph","Empty Cage","Centennial Puzzle","Blood Vial","Anchor"],"potions_floor_usage":[31,39,39,50,50,50],"damage_taken":[{"damage":0.0,"enemies":"Small Slimes","floor":1.0,"turns":3.0},{"damage":1.0,"enemies":"Cultist","floor":4.0,"turns":3.0},{"damage":5.0,"enemies":"Jaw Worm","floor":5.0,"turns":5.0},{"damage":39.0,"enemies":"3 Sentries","floor":7.0,"turns":16.0},{"damage":6.0,"enemies":"Blue Slaver","floor":8.0,"turns":5.0},{"damage":25.0,"enemies":"Gremlin Nob","floor":10.0,"turns":5.0},{"damage":0.0,"enemies":"3 Louse","floor":11.0,"turns":2.0},{"damage":8.0,"enemies":"Gremlin Gang","floor":12.0,"turns":5.0},{"damage":2.0,"enemies":"Red Slaver","floor":14.0,"turns":3.0},{"damage":56.0,"enemies":"Slime Boss","floor":16.0,"turns":14.0},{"damage":10.0,"enemies":"Shell Parasite","floor":18.0,"turns":3.0},{"damage":0,"enemies":"Chosen","floor":19,"turns":3},{"damage":10,"enemies":"Centurion and Healer","floor":22,"turns":3},{"damage":32,"enemies":"Book of Stabbing","floor":23,"turns":5},{"damage":14,"enemies":"Chosen and Byrds","floor":25,"turns":6},{"damage":36,"enemies":"Slavers","floor":27,"turns":5},{"damage":18,"enemies":"Snake Plant","floor":30,"turns":4},{"damage":3,"enemies":"Centurion and Healer","floor":31,"turns":4},{"damage":79,"enemies":"Automaton","floor":33,"turns":7},{"damage":49,"enemies":"3 Darklings","floor":35,"turns":4},{"damage":30,"enemies":"Orb Walker","floor":38,"turns":4},{"damage":14,"enemies":"Transient","floor":39,"turns":5},{"damage":28,"enemies":"Maw","floor":42,"turns":6},{"damage":20,"enemies":"4 Shapes","floor":45,"turns":7},{"damage":78,"enemies":"Awakened One","floor":50,"turns":10}],"seed_played":"-2064817265960418187","potions_obtained":[{"floor":1.0,"key":"Ancient Potion"},{"floor":8.0,"key":"Block Potion"},{"floor":12.0,"key":"SmokeBomb"},{"floor":16.0,"key":"Explosive Potion"},{"floor":31,"key":"Fruit Juice"},{"floor":33,"key":"BloodPotion"},{"floor":38,"key":"BloodPotion"},{"floor":42,"key":"AttackPotion"},{"floor":45,"key":"Ancient Potion"}],"is_trial":false,"path_per_floor":["M","?","$","M","M","R","E","M","T","E","M","M","R","M","R","B",null,"M","M","?","$","M","E","R","M","T","E","R","$","M","M","R","B",null,"M","?","T","M","M","R","?","M","T","R","M","R","$","?","R","B",null],"character_chosen":"IRONCLAD","items_purchased":["MealTicket","Inflame","Anchor","Shrug It Off"],"campfire_rested":5,"item_purchase_floors":[21,21,47,47],"current_hp_per_floor":[80,73,73,78,79,79,46,46,46,27,33,31,55,59,59,9,80,76,80,80,80,76,50,50,42,42,12,36,51,39,47,72,12,85,42,42,42,18,52,77,77,55,55,80,68,68,83,83,83,13],"gold":8,"neow_bonus":"REMOVE_CARD","is_prod":false,"is_daily":false,"chose_seed":false,"campfire_upgraded":5,"win_rate":0,"timestamp":1567457538,"path_taken":["M","?","$","M","M","R","E","M","T","E","M","M","R","M","R","BOSS","M","M","?","$","M","E","R","M","T","E","R","?","M","M","R","BOSS","M","?","?","M","M","R","?","M","T","R","?","R","$","?","R","BOSS"],"build_version":"2019-07-17","purchased_purges":4,"victory":true,"max_hp_per_floor":[80,80,80,80,80,80,80,80,80,80,80,80,80,80,80,80,80,80,80,80,80,80,80,80,80,80,80,80,80,80,85,85,85,85,85,85,85,85,85,85,85,85,85,85,85,85,85,85,85,85],"card_choices":[{"not_picked":["Warcry","Reckless Charge"],"picked":"Searing Blow","floor":1.0},{"not_picked":["Dual Wield","Perfected Strike"],"picked":"Iron Wave","floor":4.0},{"not_picked":["Twin Strike","Hemokinesis"],"picked":"Battle Trance","floor":5.0},{"not_picked":["Wild Strike","Havoc"],"picked":"Whirlwind","floor":7.0},{"not_picked":["Pommel Strike","Clothesline"],"picked":"Rage","floor":8.0},{"not_picked":["Clothesline","Infernal Blade"],"picked":"Shockwave","floor":10.0},{"not_picked":["Disarm","Havoc"],"picked":"Iron Wave","floor":11.0},{"not_picked":["Heavy Blade","Infernal Blade","True Grit"],"picked":"SKIP","floor":12.0},{"not_picked":["Cleave","Battle Trance"],"picked":"Seeing Red","floor":13.0},{"not_picked":["Cleave","Heavy Blade"],"picked":"Armaments","floor":14.0},{"not_picked":["Brutality","Berserk"],"picked":"Demon Form","floor":16.0},{"not_picked":["Pommel Strike","Carnage+1","Twin Strike"],"picked":"SKIP","floor":18.0},{"not_picked":["Clothesline+1","Combust+1"],"picked":"Clash+1","floor":19},{"not_picked":["Headbutt+1","Warcry"],"picked":"Battle Trance","floor":22},{"not_picked":["Double Tap","Anger"],"picked":"Iron Wave","floor":23},{"not_picked":["Hemokinesis+1","Pommel Strike","Headbutt+1"],"picked":"SKIP","floor":25},{"not_picked":["Pummel","Hemokinesis"],"picked":"Evolve","floor":27},{"not_picked":["Rupture","Anger","Feel No Pain"],"picked":"SKIP","floor":30},{"not_picked":["Cleave","Sentinel+1","Body Slam"],"picked":"SKIP","floor":31},{"not_picked":["Immolate","Impervious"],"picked":"Offering","floor":33},{"not_picked":["Shockwave+1","Sword Boomerang","Clothesline"],"picked":"SKIP","floor":35},{"not_picked":["Armaments","Headbutt+1","Feel No Pain+1"],"picked":"SKIP","floor":38},{"not_picked":["Perfected Strike","Wild Strike","Anger"],"picked":"SKIP","floor":39},{"not_picked":["Pummel","Seeing Red"],"picked":"Shrug It Off+1","floor":40},{"not_picked":["Sword Boomerang","True Grit","Reckless Charge"],"picked":"SKIP","floor":42},{"not_picked":["Body Slam","Power Through","Perfected Strike"],"picked":"SKIP","floor":45},{"not_picked":["Sadistic Nature","Dramatic Entrance"],"picked":"Swift Strike","floor":48}],"player_experience":386381,"relics_obtained":[{"floor":7.0,"key":"Dream Catcher"},{"floor":9.0,"key":"Orichalcum"},{"floor":10.0,"key":"Tiny Chest"},{"floor":23,"key":"StoneCalendar"},{"floor":26,"key":"Shuriken"},{"floor":27,"key":"Pantograph"},{"floor":37,"key":"Centennial Puzzle"},{"floor":43,"key":"Blood Vial"}],"event_choices":[{"cards_removed":["Defend_R"],"damage_healed":0.0,"max_hp_gain":0.0,"max_hp_loss":0.0,"gold_gain":0.0,"event_name":"Golden Wing","player_choice":"Card Removal","floor":2.0,"gold_loss":0.0,"damage_taken":7.0},{"damage_healed":0,"gold_gain":100,"player_choice":"Pray","damage_taken":0,"max_hp_gain":0,"max_hp_loss":0,"event_name":"Golden Shrine","floor":20,"gold_loss":0},{"damage_healed":0,"gold_gain":0,"player_choice":"Ignored","damage_taken":0,"max_hp_gain":0,"max_hp_loss":0,"event_name":"Tomb of Lord Red Mask","floor":36,"gold_loss":0},{"damage_healed":0,"gold_gain":0,"player_choice":"Upgraded","damage_taken":0,"max_hp_gain":0,"max_hp_loss":0,"event_name":"Upgrade Shrine","floor":41,"gold_loss":0,"cards_upgraded":["Seeing Red"]},{"damage_healed":0,"gold_gain":0,"player_choice":"Memory 1","damage_taken":0,"max_hp_gain":0,"max_hp_loss":0,"event_name":"SensoryStone","floor":48,"gold_loss":0}],"is_beta":false,"boss_relics":[{"not_picked":["Runic Dome","Eternal Feather"],"picked":"Pandora\u0027s Box"},{"not_picked":["Black Star","Coffee Dripper"],"picked":"Empty Cage"}],"items_purged_floors":[3,21,29,47],"is_endless":false,"potions_floor_spawned":[1,8,12,14,16,22,25,31,33,38,42,45],"ascension_level":0}