{"gold_per_floor":[112,112,112,128,143,143,162,193,193,23,23,23,23,38,38,138,138,148,73,23,23,23,50,50,61,61,61,74,74,88,107,107,204,204,220,48,48,68,18,43,43,60,84,109,150,162,174,286,298,310],"floor_reached":51,"playtime":2816,"items_purged":["Pain","Strike_R","Strike_R","Strike_R"],"score":723,"play_id":"79a367a3-b259-4578-989f-f5d116b60a01","local_time":"20190706142808","is_ascension_mode":false,"campfire_choices":[{"data":"Armaments","floor":6.0,"key":"SMITH"},{"data":"Berserk","floor":11.0,"key":"SMITH"},{"data":"Bash","floor":13.0,"key":"SMITH"},{"data":"Shrug It Off","floor":15.0,"key":"SMITH"},{"data":"Fiend Fire","floor":24.0,"key":"SMITH"},{"data":"Spot Weakness","floor":27.0,"key":"SMITH"},{"data":"True Grit","floor":32.0,"key":"SMITH"},{"data":"Double Tap","floor":41,"key":"SMITH"},{"data":"Shockwave","floor":46,"key":"SMITH"},{"data":"Rampage","floor":49,"key":"SMITH"}],"neow_cost":"NONE","seed_source_timestamp":1275125563644099,"circlet_count":0,"master_deck":["Strike_R+1","Defend_R","Defend_R","Defend_R+1","Defend_R","Bash+1","Dramatic Entrance","Armaments+1","Pommel Strike","Burning Pact","Berserk+1","Thunderclap","Feel No Pain+1","Shrug It Off+1","Twin Strike","Fiend Fire+1","Spot Weakness+1","True Grit+1","Shrug It Off","Corruption+1","Rampage+1","Shrug It Off+1","Power Through","Metallicize+1","Double Tap+1","Inflame+1","Shrug It Off","Fiend Fire+1","Shockwave+1","Metallicize+1","Dark Shackles","Mayhem+1","Headbutt+1"],"special_seed":0,"relics":["Burning Blood","WarpedTongs","Smiling Mask","Frozen Egg 2","Orrery","Molten Egg 2","Shuriken","Enchiridion","Philosopher\u0027s Stone","FaceOfCleric","Gremlin Horn","MawBank","Ancient Tea Set","Prayer Wheel"],"potions_floor_usage":[40,45,50,50],"damage_taken":[{"damage":2.0,"enemies":"Small Slimes","floor":1.0,"turns":2.0},{"damage":3.0,"enemies":"Cultist","floor":4.0,"turns":3.0},{"damage":10.0,"enemies":"Jaw Worm","floor":5.0,"turns":3.0},{"damage":10.0,"enemies":"2 Fungi Beasts","floor":7.0,"turns":3.0},{"damage":30.0,"enemies":"Gremlin Nob","floor":8.0,"turns":4.0},{"damage":10.0,"enemies":"Exordium Thugs","floor":14.0,"turns":4.0},{"damage":28.0,"enemies":"The Guardian","floor":16.0,"turns":13.0},{"damage":2.0,"enemies":"Spheric Guardian","floor":18.0,"turns":4.0},{"damage":44.0,"enemies":"Slavers","floor":23.0,"turns":8.0},{"damage":2.0,"enemies":"Shell Parasite","floor":25.0,"turns":7.0},{"damage":8.0,"enemies":"Snake Plant","floor":28.0,"turns":2.0},{"damage":3.0,"enemies":"Chosen and Byrds","floor":30.0,"turns":6.0},{"damage":0.0,"enemies":"Centurion and Healer","floor":31.0,"turns":11.0},{"damage":25.0,"enemies":"Champ","floor":33.0,"turns":25.0},{"damage":11.0,"enemies":"3 Darklings","floor":35.0,"turns":4.0},{"damage":2.0,"enemies":"3 Shapes","floor":38.0,"turns":8.0},{"damage":2,"enemies":"Giant Head","floor":40,"turns":6},{"damage":2,"enemies":"Writhing Mass","floor":42,"turns":10},{"damage":8,"enemies":"Spire Growth","floor":44,"turns":5},{"damage":31,"enemies":"Nemesis","floor":45,"turns":13},{"damage":3,"enemies":"Mind Bloom Boss Battle","floor":48,"turns":5},{"damage":25,"enemies":"Time Eater","floor":50,"turns":13}],"seed_played":"-1567854167186716164","potions_obtained":[{"floor":16.0,"key":"EssenceOfSteel"},{"floor":23.0,"key":"BloodPotion"},{"floor":25.0,"key":"Energy Potion"},{"floor":31.0,"key":"Swift Potion"},{"floor":33.0,"key":"Poison Potion"},{"floor":35.0,"key":"Weak Potion"},{"floor":38.0,"key":"BloodPotion"},{"floor":48,"key":"SteroidPotion"}],"is_trial":false,"path_per_floor":["M","?","?","M","M","R","M","E","T","$","R","$","R","M","R","B",null,"M","?","$","?","$","E","R","M","T","R","M","?","M","M","R","B",null,"M","$","?","M","$","E","R","M","T","M","E","R","?","?","R","B",null],"character_chosen":"IRONCLAD","items_purchased":["Feel No Pain+1","Shrug It Off","Inflame+1","Shrug It Off"],"campfire_rested":0,"item_purchase_floors":[10,10,36,36],"current_hp_per_floor":[80,64,64,67,63,63,59,35,35,35,35,35,35,31,31,9,80,80,80,80,80,80,42,42,66,66,66,64,48,51,57,57,38,80,75,75,75,80,80,82,82,83,83,82,79,79,69,73,73,55],"gold":322,"neow_bonus":"RANDOM_COLORLESS","is_prod":false,"is_daily":false,"chose_seed":false,"campfire_upgraded":10,"win_rate":1,"timestamp":1562390888,"path_taken":["M","?","?","M","M","R","?","E","T","?","R","$","R","M","R","BOSS","M","?","$","?","$","E","R","M","T","R","?","?","M","M","R","BOSS","M","$","?","M","?","E","R","M","T","M","E","R","?","?","R","BOSS"],"build_version":"2019-07-05","purchased_purges":4,"victory":true,"max_hp_per_floor":[80,80,80,80,80,80,80,80,80,80,80,80,80,80,80,80,80,80,80,80,80,80,80,80,80,80,80,80,80,80,80,80,80,80,80,80,80,81,81,82,82,83,83,84,85,85,85,86,86,87],"card_choices":[{"not_picked":["Flex","Power Through"],"picked":"Armaments","floor":1.0},{"not_picked":["Wild Strike","Cleave"],"picked":"Pommel Strike","floor":4.0},{"not_picked":["Twin Strike","Cleave"],"picked":"Burning Pact","floor":5.0},{"not_picked":["Havoc","Wild Strike"],"picked":"Berserk","floor":7.0},{"not_picked":["Wild Strike","Warcry"],"picked":"Thunderclap","floor":8.0},{"not_picked":["Havoc","Dual Wield"],"picked":"Twin Strike","floor":14.0},{"not_picked":["Berserk+1","Double Tap"],"picked":"Fiend Fire","floor":16.0},{"not_picked":["Perfected Strike","Second Wind"],"picked":"Spot Weakness","floor":17.0},{"not_picked":["Warcry","Body Slam"],"picked":"True Grit","floor":17.0},{"not_picked":["Searing Blow","Pommel Strike"],"picked":"Shrug It Off","floor":17.0},{"not_picked":["Bloodletting","Perfected Strike"],"picked":"Corruption+1","floor":17.0},{"not_picked":["Flex","Thunderclap"],"picked":"Rampage","floor":17.0},{"not_picked":["Fire Breathing+1","Ghostly Armor","Rage+1"],"picked":"SKIP","floor":18.0},{"not_picked":["Sever Soul","Hemokinesis","Pummel"],"picked":"SKIP","floor":23.0},{"not_picked":["Clothesline+1","Iron Wave+1"],"picked":"Power Through","floor":25.0},{"not_picked":["Perfected Strike+1","Whirlwind+1"],"picked":"Metallicize+1","floor":28.0},{"not_picked":["Rampage+1","Rupture+1","Carnage+1"],"picked":"SKIP","floor":30.0},{"not_picked":["Sword Boomerang+1","Havoc","Iron Wave+1"],"picked":"SKIP","floor":31.0},{"not_picked":["Dark Embrace+1","Immolate+1"],"picked":"Double Tap","floor":33.0},{"not_picked":["Anger+1","Searing Blow+1","Iron Wave+1"],"picked":"SKIP","floor":35.0},{"not_picked":["Flex+1","Pommel Strike+1","Perfected Strike+1"],"picked":"SKIP","floor":38.0},{"not_picked":["Flex","Hemokinesis+1"],"picked":"Fiend Fire+1","floor":40},{"not_picked":["Sword Boomerang+1","Pommel Strike+1"],"picked":"Shockwave","floor":42},{"not_picked":["Armaments+1","Corruption+1","Sword Boomerang+1"],"picked":"SKIP","floor":44},{"not_picked":["Fire Breathing+1","Entrench"],"picked":"Metallicize+1","floor":45},{"not_picked":["Blind","Thinking Ahead"],"picked":"Dark Shackles","floor":47},{"not_picked":["Swift Strike+1","Master of Strategy"],"picked":"Mayhem+1","floor":47},{"not_picked":["Pommel Strike+1","Intimidate"],"picked":"Headbutt+1","floor":48}],"player_experience":38448,"relics_obtained":[{"floor":8.0,"key":"Smiling Mask"},{"floor":9.0,"key":"Frozen Egg 2"},{"floor":23.0,"key":"Molten Egg 2"},{"floor":26.0,"key":"Shuriken"},{"floor":29.0,"key":"Enchiridion"},{"floor":40,"key":"Gremlin Horn"},{"floor":43,"key":"MawBank"},{"floor":45,"key":"Ancient Tea Set"},{"floor":48,"key":"Prayer Wheel"}],"event_choices":[{"damage_healed":0.0,"max_hp_gain":0.0,"max_hp_loss":0.0,"gold_gain":0.0,"event_name":"Shining Light","player_choice":"Entered Light","floor":2.0,"gold_loss":0.0,"damage_taken":16.0,"cards_upgraded":["Defend_R","Strike_R"]},{"damage_healed":0.0,"max_hp_gain":0.0,"max_hp_loss":0.0,"gold_gain":0.0,"event_name":"Accursed Blacksmith","player_choice":"Rummage","floor":3.0,"gold_loss":0.0,"damage_taken":0.0,"relics_obtained":["WarpedTongs"],"cards_obtained":["Pain"]},{"cards_removed":["Strike_R"],"damage_healed":0.0,"max_hp_gain":0.0,"max_hp_loss":0.0,"gold_gain":0.0,"event_name":"Beggar","player_choice":"Gave Gold","floor":19.0,"gold_loss":75.0,"damage_taken":0.0},{"damage_healed":0.0,"max_hp_gain":0.0,"max_hp_loss":0.0,"gold_gain":0.0,"event_name":"Duplicator","player_choice":"Copied","floor":21.0,"gold_loss":0.0,"damage_taken":0.0,"cards_obtained":["Shrug It Off"]},{"damage_healed":0.0,"max_hp_gain":0.0,"max_hp_loss":0.0,"gold_gain":0.0,"event_name":"Cursed Tome","player_choice":"Obtained Book","floor":29.0,"gold_loss":0.0,"damage_taken":16.0},{"damage_healed":0.0,"max_hp_gain":0.0,"max_hp_loss":0.0,"gold_gain":0.0,"event_name":"FaceTrader","player_choice":"Trade","floor":37.0,"gold_loss":0.0,"damage_taken":0.0,"relics_obtained":["FaceOfCleric"]},{"damage_healed":0,"gold_gain":0,"player_choice":"Memory 3","damage_taken":10,"max_hp_gain":0,"max_hp_loss":0,"event_name":"SensoryStone","floor":47,"gold_loss":0},{"damage_healed":0,"gold_gain":0,"player_choice":"Fight","damage_taken":0,"max_hp_gain":0,"max_hp_loss":0,"event_name":"MindBloom","floor":48,"gold_loss":0}],"is_beta":false,"boss_relics":[{"not_picked":["Calling Bell","Coffee Dripper"],"picked":"Orrery"},{"not_picked":["Lizard Tail","Runic Dome"],"picked":"Philosopher\u0027s Stone"}],"items_purged_floors":[10,20,36,39],"is_endless":false,"potions_floor_spawned":[16,23,25,31,33,35,38,48],"ascension_level":0}