{"gold_per_floor":[214,72,88,105,122,122,154,154,154,154,180,194,219,234,234,310,310,327,8,23,23,23,23,23,23,23,43,57,57,67,92,92,166,166,185,203,4,4],"floor_reached":38,"playtime":2255,"items_purged":["Strike_B","Zap"],"score":857,"play_id":"97b09566-413a-40b0-901e-54bd9ce98653","local_time":"20190715164708","is_ascension_mode":true,"campfire_choices":[{"floor":8.0,"key":"REST"},{"data":"FTL","floor":10.0,"key":"SMITH"},{"data":"Go for the Eyes","floor":15.0,"key":"SMITH"},{"data":"RitualDagger","floor":23.0,"key":"SMITH"},{"data":"Genetic Algorithm","floor":25.0,"key":"SMITH"},{"data":"Defragment","floor":32,"key":"SMITH"}],"neow_cost":"NONE","seed_source_timestamp":0,"circlet_count":0,"master_deck":["AscendersBane","Defend_B","Defend_B","Defend_B","Defend_B","Dualcast","Genetic Algorithm+1","Streamline","Coolheaded+1","Conserve Battery","Compile Driver+1","Coolheaded","FTL+1","Cold Snap","Beam Cell","Sweeping Beam","Go for the Eyes+1","Loop","Echo Form","Undo","Capacitor","Hologram+1","RitualDagger+1","Bite","Bite","Bite","Bite","Bite","Defragment+1","Capacitor","Defragment+1","Electrodynamics","Compile Driver+1","Defragment"],"special_seed":0,"relics":["Cracked Core","Peace Pipe","Ornamental Fan","Question Card","Anchor","Philosopher\u0027s Stone","Omamori","Ginger","Pen Nib","Fusion Hammer"],"potions_floor_usage":[38],"damage_taken":[{"damage":4.0,"enemies":"Small Slimes","floor":1.0,"turns":4.0},{"damage":6.0,"enemies":"Jaw Worm","floor":3.0,"turns":5.0},{"damage":0.0,"enemies":"Cultist","floor":4.0,"turns":3.0},{"damage":2.0,"enemies":"Exordium Wildlife","floor":5.0,"turns":5.0},{"damage":9.0,"enemies":"Lagavulin","floor":7.0,"turns":6.0},{"damage":3.0,"enemies":"3 Sentries","floor":11.0,"turns":6.0},{"damage":5.0,"enemies":"Exordium Thugs","floor":12.0,"turns":6.0},{"damage":22.0,"enemies":"Gremlin Nob","floor":13.0,"turns":4.0},{"damage":0.0,"enemies":"3 Louse","floor":14.0,"turns":3.0},{"damage":4.0,"enemies":"Hexaghost","floor":16.0,"turns":11.0},{"damage":27.0,"enemies":"2 Thieves","floor":18.0,"turns":5.0},{"damage":3.0,"enemies":"Chosen","floor":20.0,"turns":6.0},{"damage":19.0,"enemies":"Snake Plant","floor":27.0,"turns":6.0},{"damage":0.0,"enemies":"Centurion and Healer","floor":28.0,"turns":10.0},{"damage":15.0,"enemies":"Snecko","floor":30.0,"turns":6.0},{"damage":38.0,"enemies":"Book of Stabbing","floor":31.0,"turns":6.0},{"damage":13,"enemies":"Champ","floor":33,"turns":15},{"damage":37,"enemies":"3 Darklings","floor":35,"turns":6},{"damage":16,"enemies":"Orb Walker","floor":36,"turns":4},{"damage":21,"enemies":"3 Darklings","floor":38,"turns":2}],"seed_played":"3184829644631961497","potions_obtained":[{"floor":1.0,"key":"EntropicBrew"},{"floor":4.0,"key":"SpeedPotion"},{"floor":5.0,"key":"Strength Potion"},{"floor":7.0,"key":"PowerPotion"},{"floor":13.0,"key":"PowerPotion"},{"floor":16.0,"key":"Dexterity Potion"},{"floor":20.0,"key":"Fire Potion"},{"floor":33,"key":"Dexterity Potion"}],"is_trial":false,"path_per_floor":["M","$","M","M","M","?","E","R","T","R","E","M","E","M","R","B",null,"M","$","M","?","?","R","?","R","T","M","M","?","M","E","R","B",null,"M","M","$","M"],"character_chosen":"DEFECT","items_purchased":["Streamline","Coolheaded","Conserve Battery","Capacitor","Omamori","Defragment","PowerPotion"],"campfire_rested":1,"item_purchase_floors":[2,2,2,19,19,37,37],"current_hp_per_floor":[60,60,54,54,52,31,22,43,43,43,40,35,13,13,13,9,56,29,29,26,20,20,20,20,20,20,11,39,39,40,12,12,35,46,18,10,10,0],"gold":4,"neow_bonus":"HUNDRED_GOLD","is_prod":false,"is_daily":false,"chose_seed":false,"campfire_upgraded":5,"win_rate":0,"timestamp":1563223628,"path_taken":["M","$","M","M","M","?","E","R","T","R","E","M","E","M","R","BOSS","M","$","M","?","?","R","?","R","T","M","?","?","M","E","R","BOSS","M","M","$","M"],"build_version":"2019-07-05","purchased_purges":2,"victory":false,"max_hp_per_floor":[71,71,71,71,71,71,71,71,71,71,71,71,71,71,71,71,71,71,71,71,71,49,49,49,49,49,49,49,49,49,49,49,49,49,49,49,49,49],"card_choices":[{"not_picked":["BootSequence","Stack"],"picked":"Genetic Algorithm","floor":1.0},{"not_picked":["Static Discharge","White Noise"],"picked":"Compile Driver","floor":3.0},{"not_picked":["Fusion","Redo"],"picked":"Coolheaded","floor":4.0},{"not_picked":["Force Field","Consume"],"picked":"FTL","floor":5.0},{"not_picked":["Chaos","Hello World"],"picked":"Cold Snap","floor":7.0},{"not_picked":["Compile Driver","Hello World"],"picked":"Beam Cell","floor":11.0},{"not_picked":["Hologram","Redo","Darkness"],"picked":"Sweeping Beam","floor":12.0},{"not_picked":["Turbo","Sunder","Rebound"],"picked":"Go for the Eyes","floor":13.0},{"not_picked":["Core Surge","Rebound","Leap"],"picked":"Loop","floor":14.0},{"not_picked":["Thunder Strike","Rainbow","Hyperbeam"],"picked":"Echo Form","floor":16.0},{"not_picked":["Beam Cell","Genetic Algorithm","Tempest"],"picked":"Undo","floor":18.0},{"not_picked":["BootSequence","Leap","Conserve Battery"],"picked":"Hologram+1","floor":20.0},{"not_picked":["Double Energy","Turbo","Sweeping Beam"],"picked":"Defragment","floor":27.0},{"not_picked":["Chaos+1","White Noise","Beam Cell"],"picked":"Capacitor","floor":28.0},{"not_picked":["Conserve Battery+1","Go for the Eyes","BootSequence","Hologram"],"picked":"SKIP","floor":30.0},{"not_picked":["Hologram+1","Go for the Eyes","Fission"],"picked":"Defragment+1","floor":31.0},{"not_picked":["Hyperbeam","Machine Learning","Multi-Cast"],"picked":"Electrodynamics","floor":33},{"not_picked":["Darkness","Beam Cell","Self Repair+1","Steam+1"],"picked":"SKIP","floor":35},{"not_picked":["Go for the Eyes","Beam Cell","Barrage"],"picked":"Compile Driver+1","floor":36}],"player_experience":1352587,"relics_obtained":[{"floor":7.0,"key":"Peace Pipe"},{"floor":9.0,"key":"Ornamental Fan"},{"floor":11.0,"key":"Question Card"},{"floor":13.0,"key":"Anchor"},{"floor":26.0,"key":"Ginger"},{"floor":31.0,"key":"Pen Nib"}],"event_choices":[{"damage_healed":0.0,"max_hp_gain":0.0,"max_hp_loss":0.0,"gold_gain":0.0,"event_name":"Shining Light","player_choice":"Entered Light","floor":6.0,"gold_loss":0.0,"damage_taken":21.0,"cards_upgraded":["Compile Driver","Coolheaded"]},{"damage_healed":0.0,"max_hp_gain":0.0,"max_hp_loss":0.0,"gold_gain":0.0,"event_name":"Nest","player_choice":"Joined the Cult","floor":21.0,"gold_loss":0.0,"damage_taken":6.0,"cards_obtained":["RitualDagger"]},{"damage_healed":0.0,"max_hp_gain":0.0,"max_hp_loss":22.0,"gold_gain":0.0,"event_name":"Vampires","player_choice":"Became a vampire","floor":22.0,"gold_loss":0.0,"damage_taken":0.0,"cards_obtained":["Bite","Bite","Bite","Bite","Bite"]},{"damage_healed":0.0,"max_hp_gain":0.0,"max_hp_loss":0.0,"gold_gain":0.0,"event_name":"Lab","player_choice":"Got Potions","floor":24.0,"gold_loss":0.0,"damage_taken":0.0},{"damage_healed":0.0,"max_hp_gain":0.0,"max_hp_loss":0.0,"gold_gain":0.0,"event_name":"Ghosts","player_choice":"Ignored","floor":29.0,"gold_loss":0.0,"damage_taken":0.0}],"is_beta":false,"boss_relics":[{"not_picked":["Coffee Dripper","Sozu"],"picked":"Philosopher\u0027s Stone"},{"not_picked":["Black Star","Tiny House"],"picked":"Fusion Hammer"}],"items_purged_floors":[19,37],"is_endless":false,"potions_floor_spawned":[1,4,5,7,13,16,20,30,33],"killed_by":"3 Darklings","ascension_level":20}