{"gold_per_floor":[114,64,78,78,78,119,143,143,143,143,143,167,187,207,207,328,328,346,346,367,367,390,390,14,33,33,51,86,86,86,129,129,253,253,268,288,307,363,363,363,56,56,104,104,140,140,161,195,195,195],"floor_reached":51,"playtime":2372,"items_purged":["Strike_G","Strike_G"],"score":895,"play_id":"1772b68d-d300-4eae-9238-12f4915658b3","local_time":"20190630080348","is_ascension_mode":false,"campfire_choices":[{"data":"Neutralize","floor":8,"key":"SMITH"},{"data":"Deadly Poison","floor":10,"key":"SMITH"},{"data":"Backflip","floor":15,"key":"SMITH"},{"data":"Wraith Form v2","floor":23,"key":"SMITH"},{"data":"Crippling Poison","floor":29,"key":"SMITH"},{"data":"Noxious Fumes","floor":32,"key":"SMITH"},{"data":"A Thousand Cuts","floor":40,"key":"SMITH"},{"data":"Crippling Poison","floor":42,"key":"SMITH"},{"data":"Backflip","floor":44,"key":"SMITH"},{"data":"Backflip","floor":46,"key":"SMITH"},{"data":"Poisoned Stab","floor":49,"key":"SMITH"}],"neow_cost":"NONE","seed_source_timestamp":734201481808578,"circlet_count":0,"master_deck":["Defend_G","Defend_G","Defend_G","Defend_G","Defend_G","Survivor","Neutralize+1","Poisoned Stab+1","Bane+1","Quick Slash","Deadly Poison+1","Backflip+1","Flying Knee","PiercingWail","Wraith Form v2+1","Crippling Poison+1","Crippling Poison+1","Escape Plan","Backflip+1","Backflip+1","Noxious Fumes+1","PiercingWail+1","A Thousand Cuts+1","Dash+1","Blur+1","Heel Hook+1","PiercingWail+1","Acrobatics+1"],"relics":["Ring of the Snake","Ancient Tea Set","Golden Idol","Pear","Ornamental Fan","Snecko Eye","Bronze Scales","PreservedInsect","Matryoshka","Calipers","Happy Flower","Busted Crown","WingedGreaves","TwistedFunnel","Centennial Puzzle","Blood Vial","Pen Nib","Thread and Needle"],"potions_floor_usage":[13,37,38,50,50,50],"damage_taken":[{"damage":0,"enemies":"Small Slimes","floor":1,"turns":3},{"damage":0,"enemies":"2 Louse","floor":3,"turns":2},{"damage":24,"enemies":"Gremlin Nob","floor":6,"turns":5},{"damage":1,"enemies":"Cultist","floor":7,"turns":3},{"damage":0,"enemies":"Large Slime","floor":12,"turns":4},{"damage":0,"enemies":"Lots of Slimes","floor":13,"turns":1},{"damage":0,"enemies":"Blue Slaver","floor":14,"turns":4},{"damage":34,"enemies":"Slime Boss","floor":16,"turns":14},{"damage":1,"enemies":"3 Byrds","floor":18,"turns":5},{"damage":0,"enemies":"Chosen","floor":20,"turns":6},{"damage":0,"enemies":"Snecko","floor":22,"turns":4},{"damage":16,"enemies":"Snake Plant","floor":25,"turns":4},{"damage":4,"enemies":"Cultist and Chosen","floor":27,"turns":6},{"damage":10,"enemies":"Gremlin Leader","floor":28,"turns":3},{"damage":0,"enemies":"Slavers","floor":31,"turns":4},{"damage":22,"enemies":"Collector","floor":33,"turns":8},{"damage":0,"enemies":"3 Darklings","floor":35,"turns":4},{"damage":0,"enemies":"Orb Walker","floor":36,"turns":4},{"damage":0,"enemies":"Jaw Worm Horde","floor":37,"turns":4},{"damage":11,"enemies":"2 Orb Walkers","floor":38,"turns":6},{"damage":0,"enemies":"Giant Head","floor":45,"turns":6},{"damage":0,"enemies":"4 Shapes","floor":47,"turns":3},{"damage":0,"enemies":"Nemesis","floor":48,"turns":5},{"damage":0,"enemies":"Donu and Deca","floor":50,"turns":8}],"seed_played":"1798595601897055996","potions_obtained":[{"floor":7,"key":"Explosive Potion"},{"floor":13,"key":"Weak Potion"},{"floor":16,"key":"Weak Potion"},{"floor":25,"key":"LiquidBronze"},{"floor":31,"key":"Energy Potion"},{"floor":37,"key":"Block Potion"},{"floor":38,"key":"Poison Potion"},{"floor":47,"key":"Poison Potion"}],"is_trial":false,"path_per_floor":["M","?","M","?","?","E","M","R","T","R","?","M","M","M","R","B",null,"M","?","M","?","M","R","$","M","T","M","E","R","$","E","R","B",null,"M","M","M","?","?","R","$","R","T","R","E","R","M","E","R","B",null],"character_chosen":"THE_SILENT","items_purchased":["Bronze Scales","PreservedInsect","TwistedFunnel"],"campfire_rested":0,"item_purchase_floors":[24,24,41],"current_hp_per_floor":[70,70,70,53,58,44,43,43,43,43,43,43,43,43,43,9,85,84,84,84,84,84,84,84,68,68,64,54,54,54,54,54,32,85,85,85,85,74,74,74,74,74,74,74,76,76,78,80,80,82],"gold":195,"neow_bonus":"RANDOM_COMMON_RELIC","is_prod":false,"is_daily":false,"chose_seed":false,"campfire_upgraded":11,"win_rate":1,"timestamp":1561849428,"path_taken":["M","?","M","?","?","E","M","R","T","R","?","M","?","M","R","BOSS","M","?","?","?","?","R","$","M","T","M","E","R","$","E","R","BOSS","M","M","?","?","?","R","$","R","T","R","E","R","?","E","R","BOSS"],"build_version":"2019-01-23","purchased_purges":2,"victory":true,"max_hp_per_floor":[70,70,70,70,75,85,85,85,85,85,85,85,85,85,85,85,85,85,85,85,85,85,85,85,85,85,85,85,85,85,85,85,85,85,85,85,85,85,85,85,85,85,85,85,85,85,85,85,85,85],"card_choices":[{"not_picked":["Bane","Underhanded Strike"],"picked":"Poisoned Stab","floor":1},{"not_picked":["Reflex","Sucker Punch"],"picked":"Bane","floor":3},{"not_picked":["Eviscerate","Riddle With Holes"],"picked":"Quick Slash","floor":6},{"not_picked":["Acrobatics","Reflex"],"picked":"Deadly Poison","floor":7},{"not_picked":["Quick Slash","Riddle With Holes"],"picked":"Backflip","floor":12},{"not_picked":["Dagger Throw","Underhanded Strike"],"picked":"Flying Knee","floor":13},{"not_picked":["Poisoned Stab","Reflex"],"picked":"PiercingWail","floor":14},{"not_picked":["Phantasmal Killer","A Thousand Cuts"],"picked":"Wraith Form v2","floor":16},{"not_picked":["Footwork","Finisher"],"picked":"Crippling Poison","floor":18},{"not_picked":["Sucker Punch+1","Bane","Flying Knee"],"picked":"SKIP","floor":20},{"not_picked":["Prepared","Eviscerate"],"picked":"Backflip","floor":22},{"not_picked":["Poisoned Stab+1","Reflex"],"picked":"Backflip","floor":25},{"not_picked":["Predator","Bouncing Flask"],"picked":"Noxious Fumes","floor":27},{"not_picked":["Reflex","Sucker Punch","Finisher"],"picked":"SKIP","floor":28},{"not_picked":["Well Laid Plans+1","Dagger Spray"],"picked":"PiercingWail+1","floor":31},{"not_picked":["Glass Knife","Die Die Die"],"picked":"A Thousand Cuts","floor":33},{"not_picked":[],"picked":"Dash+1","floor":35},{"not_picked":["Dagger Spray"],"picked":"SKIP","floor":36},{"not_picked":[],"picked":"Blur+1","floor":37},{"not_picked":[],"picked":"Heel Hook+1","floor":38},{"not_picked":["Poisoned Stab+1"],"picked":"SKIP","floor":45},{"not_picked":[],"picked":"PiercingWail+1","floor":47},{"not_picked":[],"picked":"Acrobatics+1","floor":48}],"player_experience":17873,"relics_obtained":[{"floor":6,"key":"Pear"},{"floor":9,"key":"Ornamental Fan"},{"floor":26,"key":"Matryoshka"},{"floor":28,"key":"Calipers"},{"floor":31,"key":"Happy Flower"},{"floor":38,"key":"WingedGreaves"},{"floor":43,"key":"Centennial Puzzle"},{"floor":43,"key":"Blood Vial"},{"floor":45,"key":"Pen Nib"},{"floor":48,"key":"Thread and Needle"}],"event_choices":[{"cards_removed":["Strike_G"],"damage_healed":0,"gold_gain":0,"player_choice":"Card Removal","damage_taken":0,"max_hp_gain":0,"max_hp_loss":0,"event_name":"The Cleric","floor":2,"gold_loss":50},{"damage_healed":0,"gold_gain":0,"player_choice":"Take Damage","damage_taken":17,"relics_obtained":["Golden Idol"],"max_hp_gain":0,"max_hp_loss":0,"event_name":"Golden Idol","floor":4,"gold_loss":0},{"damage_healed":0,"gold_gain":0,"player_choice":"Donut","damage_taken":0,"max_hp_gain":5,"max_hp_loss":0,"event_name":"Big Fish","floor":5,"gold_loss":0},{"damage_healed":0,"gold_gain":0,"player_choice":"Upgraded","damage_taken":0,"max_hp_gain":0,"max_hp_loss":0,"event_name":"Upgrade Shrine","floor":11,"gold_loss":0,"cards_upgraded":["Bane"]},{"damage_healed":0,"gold_gain":0,"player_choice":"Copied","damage_taken":0,"max_hp_gain":0,"max_hp_loss":0,"event_name":"Duplicator","floor":19,"gold_loss":0,"cards_obtained":["Crippling Poison"]},{"damage_healed":0,"gold_gain":0,"cards_transformed":["Strike_G"],"player_choice":"Transformed","damage_taken":0,"max_hp_gain":0,"max_hp_loss":0,"event_name":"Transmorgrifier","floor":21,"gold_loss":0,"cards_obtained":["Escape Plan"]},{"damage_healed":0,"gold_gain":0,"player_choice":"Fight","damage_taken":0,"max_hp_gain":0,"max_hp_loss":0,"event_name":"Mysterious Sphere","floor":38,"gold_loss":0},{"cards_removed":["Strike_G"],"damage_healed":0,"gold_gain":0,"player_choice":"Purged","damage_taken":0,"max_hp_gain":0,"max_hp_loss":0,"event_name":"Purifier","floor":39,"gold_loss":0}],"is_beta":false,"boss_relics":[{"not_picked":["Runic Pyramid","Black Star"],"picked":"Snecko Eye"},{"not_picked":["Eternal Feather","Astrolabe"],"picked":"Busted Crown"}],"items_purged_floors":[24,41],"is_endless":false,"potions_floor_spawned":[7,13,16,25,31,33,37,38,47],"ascension_level":0}