{"gold_per_floor":[116,130,130,13,30,30,47,222,222,222,235,260,114,14,14,116,116,134,134,94,15,32,32,59,59,59,79,90,36,36,52,52,148,148,168,220,220,16,30,30,30,30,30,41,58,58,58,58,58,58],"floor_reached":51,"playtime":2081,"items_purged":["Doubt","Strike_B"],"score":840,"play_id":"9f98000d-ce19-42ff-a800-147ebf5387d2","local_time":"20190825234901","is_ascension_mode":false,"campfire_choices":[{"data":"Sunder","floor":6.0,"key":"SMITH"},{"data":"Biased Cognition","floor":10.0,"key":"SMITH"},{"data":"Consume","floor":15.0,"key":"SMITH"},{"data":"Defragment","floor":23.0,"key":"SMITH"},{"data":"Creative AI","floor":25.0,"key":"SMITH"},{"data":"Defragment","floor":30.0,"key":"SMITH"},{"data":"Capacitor","floor":32.0,"key":"SMITH"},{"data":"Fission","floor":40.0,"key":"SMITH"},{"data":"Coolheaded","floor":46,"key":"SMITH"},{"data":"Heatsinks","floor":49,"key":"SMITH"}],"neow_cost":"NONE","seed_source_timestamp":449884880266100,"circlet_count":0,"master_deck":["Strike_B","Strike_B","Defend_B","Defend_B+1","Defend_B","Defend_B","Zap","Dualcast","Sunder+1","Ball Lightning","Capacitor+1","Ball Lightning","Biased Cognition+1","Go for the Eyes","Coolheaded","Rip and Tear","Consume+1","Creative AI+1","Chill+1","Coolheaded","Defragment+1","Coolheaded+1","Defragment+1","Coolheaded+1","Conserve Battery","Turbo","Fission+1","Hologram","Leap+1","BootSequence","Force Field","Heatsinks+1","Coolheaded","White Noise+1","Flash of Steel"],"special_seed":0,"relics":["Cracked Core","Shuriken","Darkstone Periapt","Potion Belt","Coffee Dripper","Ginger","Matryoshka","Nuclear Battery","Prayer Wheel","Art of War","Bag of Preparation","ClockworkSouvenir","Ancient Tea Set","War Paint","Emotion Chip"],"potions_floor_usage":[42,50,50,50,50,50],"damage_taken":[{"damage":1.0,"enemies":"Jaw Worm","floor":1.0,"turns":3.0},{"damage":0.0,"enemies":"Cultist","floor":2.0,"turns":2.0},{"damage":0.0,"enemies":"2 Louse","floor":5.0,"turns":2.0},{"damage":1.0,"enemies":"Exordium Wildlife","floor":7.0,"turns":2.0},{"damage":3.0,"enemies":"Red Slaver","floor":11.0,"turns":3.0},{"damage":2.0,"enemies":"Lagavulin","floor":12.0,"turns":6.0},{"damage":25.0,"enemies":"Slime Boss","floor":16.0,"turns":7.0},{"damage":0.0,"enemies":"3 Byrds","floor":18.0,"turns":4.0},{"damage":0.0,"enemies":"Spheric Guardian","floor":22.0,"turns":2.0},{"damage":20.0,"enemies":"Gremlin Leader","floor":24.0,"turns":7.0},{"damage":2.0,"enemies":"Chosen and Byrds","floor":27.0,"turns":6.0},{"damage":3.0,"enemies":"Sentry and Sphere","floor":28.0,"turns":4.0},{"damage":10.0,"enemies":"Shelled Parasite and Fungi","floor":31.0,"turns":5.0},{"damage":0.0,"enemies":"Automaton","floor":33.0,"turns":12.0},{"damage":5.0,"enemies":"3 Shapes","floor":35.0,"turns":8.0},{"damage":34.0,"enemies":"2 Orb Walkers","floor":36.0,"turns":6.0},{"damage":1.0,"enemies":"3 Darklings","floor":39.0,"turns":6.0},{"damage":0,"enemies":"Writhing Mass","floor":42,"turns":1},{"damage":0,"enemies":"Maw","floor":44,"turns":9},{"damage":0,"enemies":"Spire Growth","floor":45,"turns":5},{"damage":0,"enemies":"Donu and Deca","floor":50,"turns":7}],"seed_played":"2656324165285677125","potions_obtained":[{"floor":1.0,"key":"LiquidBronze"},{"floor":5.0,"key":"Swift Potion"},{"floor":18.0,"key":"SteroidPotion"},{"floor":20.0,"key":"Ancient Potion"},{"floor":20.0,"key":"Weak Potion"},{"floor":20.0,"key":"Explosive Potion"},{"floor":24.0,"key":"Poison Potion"},{"floor":31.0,"key":"SpeedPotion"},{"floor":33.0,"key":"Weak Potion"},{"floor":35.0,"key":"SmokeBomb"},{"floor":39.0,"key":"LiquidBronze"},{"floor":44,"key":"AttackPotion"}],"is_trial":false,"path_per_floor":["M","M","?","$","M","R","M","?","T","R","M","E","$","$","R","B",null,"M","?","?","$","M","R","E","R","T","M","M","$","R","M","R","B",null,"M","?","T","$","M","R","?","M","T","M","M","R","?","T","R","B",null],"character_chosen":"DEFECT","items_purchased":["Capacitor","Ball Lightning","Consume","Defragment","Conserve Battery","ClockworkSouvenir"],"campfire_rested":0,"item_purchase_floors":[4,4,13,21,29,38],"current_hp_per_floor":[74,74,74,74,74,74,73,73,73,73,70,68,68,68,68,43,75,75,75,75,75,75,75,55,55,55,53,50,50,50,40,40,40,75,70,36,36,36,35,35,35,35,35,35,35,35,35,35,35,35],"gold":58,"neow_bonus":"REMOVE_CARD","is_prod":false,"is_daily":false,"chose_seed":false,"campfire_upgraded":10,"win_rate":0,"timestamp":1566744541,"path_taken":["M","M","?","?","M","R","M","?","T","R","?","E","?","$","R","BOSS","M","?","?","$","M","R","E","R","T","?","?","$","R","M","R","BOSS","M","?","?","$","M","R","?","?","T","M","M","R","?","?","R","BOSS"],"build_version":"2019-07-17","purchased_purges":2,"victory":true,"max_hp_per_floor":[75,75,75,75,75,75,75,75,75,75,75,75,75,75,75,75,75,75,75,75,75,75,75,75,75,75,75,75,75,75,75,75,75,75,75,75,75,75,75,75,75,75,75,75,75,75,75,75,75,75],"card_choices":[{"not_picked":["Streamline","Beam Cell"],"picked":"Sunder","floor":1.0},{"not_picked":["Sweeping Beam","Rip and Tear"],"picked":"Ball Lightning","floor":2.0},{"not_picked":["Hologram","Static Discharge"],"picked":"Biased Cognition","floor":5.0},{"not_picked":["Streamline","Compile Driver"],"picked":"Go for the Eyes","floor":7.0},{"not_picked":["Rebound","Stack"],"picked":"Coolheaded","floor":11.0},{"not_picked":["Stack","Heatsinks"],"picked":"Rip and Tear","floor":12.0},{"not_picked":["Thunder Strike","Reboot"],"picked":"Creative AI","floor":16.0},{"not_picked":["Go for the Eyes","Streamline+1"],"picked":"Chill","floor":18.0},{"not_picked":["Gash","Sweeping Beam"],"picked":"Coolheaded","floor":22.0},{"not_picked":["Leap","Scrape+1"],"picked":"Defragment","floor":24.0},{"not_picked":["Barrage","Auto Shields"],"picked":"Coolheaded","floor":27.0},{"not_picked":["Chaos","Beam Cell","Aggregate"],"picked":"SKIP","floor":28.0},{"not_picked":["Gash+1","Tempest+1"],"picked":"Turbo","floor":31.0},{"not_picked":["Hyperbeam","Buffer"],"picked":"Fission","floor":33.0},{"not_picked":["Hello World","Rebound"],"picked":"Hologram","floor":35.0},{"not_picked":["Fusion","Doom and Gloom"],"picked":"Leap+1","floor":36.0},{"not_picked":["Hologram","Stack+1"],"picked":"BootSequence","floor":39.0},{"not_picked":["Redo+1","Reinforced Body+1"],"picked":"Force Field","floor":39.0},{"not_picked":["Barrage+1","Rebound"],"picked":"Heatsinks","floor":44},{"not_picked":["Gash+1","Beam Cell"],"picked":"Coolheaded","floor":44},{"not_picked":["Hello World","Machine Learning"],"picked":"White Noise+1","floor":45},{"not_picked":["Steam","Ball Lightning+1","Gash"],"picked":"SKIP","floor":45},{"not_picked":["Good Instincts","Chrysalis"],"picked":"Flash of Steel","floor":47}],"player_experience":225742,"relics_obtained":[{"floor":9.0,"key":"Darkstone Periapt"},{"floor":12.0,"key":"Potion Belt"},{"floor":24.0,"key":"Ginger"},{"floor":26.0,"key":"Matryoshka"},{"floor":36.0,"key":"Prayer Wheel"},{"floor":37.0,"key":"Art of War"},{"floor":37.0,"key":"Bag of Preparation"},{"floor":43,"key":"Ancient Tea Set"},{"floor":43,"key":"War Paint"},{"floor":48,"key":"Emotion Chip"}],"event_choices":[{"damage_healed":0.0,"max_hp_gain":0.0,"max_hp_loss":0.0,"gold_gain":0.0,"event_name":"WeMeetAgain","player_choice":"Gave Potion","floor":3.0,"gold_loss":0.0,"damage_taken":0.0,"relics_obtained":["Shuriken"]},{"damage_healed":0.0,"max_hp_gain":0.0,"max_hp_loss":0.0,"gold_gain":175.0,"event_name":"Liars Game","player_choice":"AGREE","floor":8.0,"gold_loss":0.0,"damage_taken":0.0,"cards_obtained":["Doubt"]},{"damage_healed":0.0,"max_hp_gain":0.0,"max_hp_loss":0.0,"gold_gain":0.0,"event_name":"The Library","player_choice":"Read","floor":19.0,"gold_loss":0.0,"damage_taken":0.0,"cards_obtained":["Coolheaded"]},{"damage_healed":0.0,"max_hp_gain":0.0,"max_hp_loss":0.0,"gold_gain":0.0,"event_name":"The Woman in Blue","player_choice":"Bought 3 Potions","floor":20.0,"gold_loss":0.0,"damage_taken":0.0},{"damage_healed":0.0,"max_hp_gain":0.0,"max_hp_loss":0.0,"gold_gain":0.0,"event_name":"Mysterious Sphere","player_choice":"Fight","floor":36.0,"gold_loss":0.0,"damage_taken":0.0},{"damage_healed":0.0,"max_hp_gain":0.0,"max_hp_loss":0.0,"gold_gain":0.0,"event_name":"Upgrade Shrine","player_choice":"Upgraded","floor":41.0,"gold_loss":0.0,"damage_taken":0.0,"cards_upgraded":["Coolheaded"]},{"damage_healed":0,"gold_gain":0,"player_choice":"Memory 1","damage_taken":0,"max_hp_gain":0,"max_hp_loss":0,"event_name":"SensoryStone","floor":47,"gold_loss":0}],"is_beta":false,"boss_relics":[{"not_picked":["Lizard Tail","Runic Dome"],"picked":"Coffee Dripper"},{"not_picked":["Eternal Feather","White Beast Statue"],"picked":"Nuclear Battery"}],"items_purged_floors":[13,14],"is_endless":false,"potions_floor_spawned":[1,5,18,24,31,33,35,39,42,44],"ascension_level":0}