{"gold_per_floor":[113,32,32,49,49,49,49,79,155,170,170,236,236,268,268,268],"floor_reached":16,"playtime":545,"items_purged":[],"score":212,"play_id":"ae1b6a5c-36c1-4d04-a008-0a0c230befa3","local_time":"20190828224046","is_ascension_mode":true,"campfire_choices":[{"data":"Neutralize","floor":6,"key":"SMITH"},{"data":"Noxious Fumes","floor":11,"key":"SMITH"},{"data":"Footwork","floor":13,"key":"SMITH"},{"data":"Dash","floor":15,"key":"SMITH"}],"neow_cost":"NONE","seed_source_timestamp":16609068934200,"circlet_count":0,"master_deck":["AscendersBane","Strike_G","Strike_G","Strike_G","Strike_G","Strike_G","Defend_G","Defend_G","Defend_G","Defend_G","Defend_G","Survivor","Neutralize+1","Noxious Fumes+1","Footwork+1","Heel Hook","Dash+1","Flying Knee","Backstab"],"relics":["Ring of the Snake","Smiling Mask","Anchor","Calipers","Shuriken","Orichalcum"],"potions_floor_usage":[8,14,16],"damage_taken":[{"damage":0,"enemies":"2 Louse","floor":1,"turns":4},{"damage":2,"enemies":"Jaw Worm","floor":4,"turns":8},{"damage":24,"enemies":"Lagavulin","floor":8,"turns":11},{"damage":11,"enemies":"Cultist","floor":10,"turns":5},{"damage":32,"enemies":"Gremlin Nob","floor":14,"turns":5},{"damage":13,"enemies":"Hexaghost","floor":16,"turns":9}],"seed_played":"1891252805388825589","potions_obtained":[{"floor":1,"key":"Regen Potion"},{"floor":4,"key":"Explosive Potion"},{"floor":8,"key":"Energy Potion"}],"is_trial":false,"path_per_floor":["M","$","?","M","?","R","T","E","T","M","R","?","R","E","R","B"],"character_chosen":"THE_SILENT","items_purchased":["Footwork"],"campfire_rested":0,"item_purchase_floors":[2],"current_hp_per_floor":[59,59,64,62,62,62,62,53,53,42,42,42,42,10,10,0],"gold":268,"neow_bonus":"RANDOM_COMMON_RELIC","is_prod":false,"is_daily":false,"chose_seed":false,"campfire_upgraded":4,"win_rate":0,"timestamp":1567046446,"path_taken":["M","$","?","M","?","R","?","E","T","?","R","?","R","E","R","BOSS"],"build_version":"2019-07-17","purchased_purges":0,"victory":false,"max_hp_per_floor":[66,66,71,71,71,71,71,71,71,71,71,71,71,71,71,71],"card_choices":[{"not_picked":["Acrobatics","Outmaneuver"],"picked":"Noxious Fumes","floor":1},{"not_picked":["Distraction","Reflex"],"picked":"Heel Hook","floor":4},{"not_picked":["Blade Dance","Flechettes"],"picked":"Dash","floor":8},{"not_picked":["Bane","Underhanded Strike"],"picked":"Flying Knee","floor":10},{"not_picked":["Wraith Form v2","Reflex"],"picked":"Backstab","floor":14}],"player_experience":1520919,"relics_obtained":[{"floor":7,"key":"Anchor"},{"floor":8,"key":"Calipers"},{"floor":9,"key":"Shuriken"},{"floor":14,"key":"Orichalcum"}],"event_choices":[{"damage_healed":0,"gold_gain":0,"player_choice":"Donut","damage_taken":0,"max_hp_gain":5,"max_hp_loss":0,"event_name":"Big Fish","floor":3,"gold_loss":0},{"damage_healed":0,"gold_gain":0,"player_choice":"Leave","damage_taken":0,"max_hp_gain":0,"max_hp_loss":0,"event_name":"The Cleric","floor":5,"gold_loss":0},{"damage_healed":0,"gold_gain":66,"player_choice":"Gained Gold","damage_taken":0,"max_hp_gain":0,"max_hp_loss":0,"event_name":"Golden Wing","floor":12,"gold_loss":0}],"is_beta":false,"boss_relics":[],"items_purged_floors":[],"is_endless":false,"potions_floor_spawned":[1,4,8],"killed_by":"Hexaghost","ascension_level":20}