{"gold_per_floor":[109,119,7,7,24,24,49,49,49,124,124,149,168,178,178,256,256,274,285,285,305,305,305],"floor_reached":23,"playtime":770,"items_purged":["Strike_B"],"score":402,"play_id":"69968e7e-abb2-4218-a24c-3331c8166bb8","local_time":"20190704072122","is_ascension_mode":true,"campfire_choices":[{"data":"Hyperbeam","floor":6.0,"key":"SMITH"},{"data":"Go for the Eyes","floor":8.0,"key":"SMITH"},{"data":"FTL","floor":11.0,"key":"SMITH"},{"data":"Sweeping Beam","floor":15.0,"key":"SMITH"}],"neow_cost":"TEN_PERCENT_HP_LOSS","seed_source_timestamp":1162744615686600,"circlet_count":0,"master_deck":["AscendersBane","Strike_B+1","Strike_B+1","Strike_B+1","Defend_B+1","Defend_B+1","Defend_B+1","Defend_B+1","Zap","Dualcast","FTL+1","Sweeping Beam+1","Double Energy","Conserve Battery","Go for the Eyes+1","Auto Shields","All For One","BootSequence","Echo Form"],"special_seed":0,"relics":["Cracked Core","Letter Opener","Bag of Preparation","Lantern","Black Star"],"potions_floor_usage":[23,23],"damage_taken":[{"damage":0.0,"enemies":"Small Slimes","floor":1.0,"turns":1.0},{"damage":2.0,"enemies":"Jaw Worm","floor":2.0,"turns":3.0},{"damage":0.0,"enemies":"Cultist","floor":5.0,"turns":2.0},{"damage":11.0,"enemies":"Gremlin Nob","floor":7.0,"turns":3.0},{"damage":15.0,"enemies":"Lagavulin","floor":12.0,"turns":6.0},{"damage":0.0,"enemies":"3 Louse","floor":13.0,"turns":1.0},{"damage":0.0,"enemies":"Exordium Wildlife","floor":14.0,"turns":1.0},{"damage":29.0,"enemies":"Slime Boss","floor":16.0,"turns":8.0},{"damage":0.0,"enemies":"3 Byrds","floor":18.0,"turns":2.0},{"damage":8.0,"enemies":"Shell Parasite","floor":19.0,"turns":4.0},{"damage":24.0,"enemies":"Snake Plant","floor":21.0,"turns":6.0},{"damage":55,"enemies":"Gremlin Leader","floor":23,"turns":5}],"seed_played":"-6452794797423101005","potions_obtained":[{"floor":2.0,"key":"Energy Potion"},{"floor":5.0,"key":"SpeedPotion"},{"floor":16.0,"key":"GamblersBrew"}],"is_trial":false,"path_per_floor":["M","M","$","?","M","R","E","R","T","?","R","E","M","M","R","B",null,"M","M","?","M","?","E"],"character_chosen":"DEFECT","items_purchased":["Double Energy"],"campfire_rested":0,"item_purchase_floors":[3],"current_hp_per_floor":[64,62,62,67,67,67,56,56,56,45,45,30,30,30,30,1,52,52,44,79,55,55,0],"gold":305,"neow_bonus":"THREE_RARE_CARDS","is_prod":false,"is_daily":false,"chose_seed":false,"campfire_upgraded":4,"win_rate":0,"timestamp":1562239282,"path_taken":["M","M","$","?","M","R","E","R","T","?","R","E","M","M","R","BOSS","M","M","?","?","?","E"],"build_version":"2019-07-01","purchased_purges":1,"victory":false,"max_hp_per_floor":[64,64,64,69,69,69,69,69,69,69,69,69,69,69,69,69,69,69,69,79,79,79,79],"card_choices":[{"not_picked":["Meteor Strike","Machine Learning"],"picked":"Hyperbeam","floor":0.0},{"not_picked":["Turbo","Gash"],"picked":"FTL","floor":1.0},{"not_picked":["Streamline","Steam"],"picked":"Sweeping Beam","floor":2.0},{"not_picked":["Reinforced Body","Compile Driver"],"picked":"Conserve Battery","floor":5.0},{"not_picked":["Compile Driver","Gash"],"picked":"Go for the Eyes","floor":7.0},{"not_picked":["Aggregate","Storm"],"picked":"Auto Shields","floor":12.0},{"not_picked":["Tempest","Loop","Force Field"],"picked":"SKIP","floor":13.0},{"not_picked":["Redo","Reprogram","Darkness"],"picked":"SKIP","floor":14.0},{"not_picked":["Electrodynamics","Multi-Cast"],"picked":"All For One","floor":16.0},{"not_picked":["Coolheaded","Compile Driver"],"picked":"BootSequence","floor":18.0},{"not_picked":["Cold Snap+1","Conserve Battery"],"picked":"Echo Form","floor":19.0},{"not_picked":["Loop","Storm","Redo+1"],"picked":"SKIP","floor":21.0}],"player_experience":1270094,"relics_obtained":[{"floor":7.0,"key":"Letter Opener"},{"floor":9.0,"key":"Bag of Preparation"},{"floor":12.0,"key":"Lantern"}],"event_choices":[{"damage_healed":0.0,"max_hp_gain":5.0,"max_hp_loss":0.0,"gold_gain":0.0,"event_name":"Big Fish","player_choice":"Donut","floor":4.0,"gold_loss":0.0,"damage_taken":0.0},{"damage_healed":0.0,"max_hp_gain":0.0,"max_hp_loss":0.0,"gold_gain":75.0,"event_name":"World of Goop","player_choice":"Gather Gold","floor":10.0,"gold_loss":0.0,"damage_taken":11.0},{"cards_removed":["Hyperbeam"],"damage_healed":25.0,"max_hp_gain":10.0,"max_hp_loss":0.0,"gold_gain":0.0,"event_name":"Bonfire Elementals","player_choice":"Offered Rare","floor":20.0,"gold_loss":0.0,"damage_taken":0.0},{"damage_healed":0.0,"max_hp_gain":0.0,"max_hp_loss":0.0,"gold_gain":0.0,"event_name":"Back to Basics","player_choice":"Simplicity","floor":22.0,"gold_loss":0.0,"damage_taken":0.0,"cards_upgraded":["Strike_B","Strike_B","Strike_B","Defend_B","Defend_B","Defend_B","Defend_B"]}],"is_beta":false,"boss_relics":[{"not_picked":["Orrery","Tiny House"],"picked":"Black Star"}],"items_purged_floors":[3],"is_endless":false,"potions_floor_spawned":[2,5,16,21],"killed_by":"Gremlin Leader","ascension_level":20}