{"gold_per_floor":[111,111,122,122,135,135,164,164,164,44,77,96,122,134,134,208,208,222,29,38,38,51,51,79,79,79,37,37,56,56,67,67,138,138,152,552,564,564,564,594,594,626,626,626,676,676,695,233,233,233],"floor_reached":50,"playtime":2985,"items_purged":["Strike_G","Strike_G"],"score":1052,"play_id":"2d10502f-ecab-4694-b9d8-d5649cea6243","local_time":"20190727202034","is_ascension_mode":true,"campfire_choices":[{"floor":6.0,"key":"REST"},{"data":"Deadly Poison","floor":8.0,"key":"SMITH"},{"floor":15.0,"key":"REST"},{"data":"Crippling Poison","floor":23.0,"key":"SMITH"},{"floor":25.0,"key":"DIG"},{"floor":28.0,"key":"DIG"},{"data":"Catalyst","floor":30.0,"key":"SMITH"},{"data":"A Thousand Cuts","floor":32.0,"key":"SMITH"},{"floor":41.0,"key":"REST"},{"floor":44.0,"key":"RECALL"},{"data":"PiercingWail","floor":49,"key":"SMITH"}],"neow_cost":"NONE","seed_source_timestamp":5055449534200,"circlet_count":0,"master_deck":["AscendersBane","Strike_G","Strike_G","Defend_G","Defend_G","Defend_G","Defend_G","Neutralize+1","Leg Sweep","Dagger Throw+1","Flying Knee","Deadly Poison+1","Catalyst+1","Flying Knee","After Image","Crippling Poison+1","After Image","Cloak And Dagger","Footwork","Acrobatics","Cloak And Dagger","Blade Dance","Well Laid Plans","A Thousand Cuts+1","Adrenaline","Footwork","PiercingWail+1","Dodge and Roll+1","Calculated Gamble","Acrobatics","Tools of the Trade","Footwork+1"],"special_seed":0,"relics":["Ring of the Snake","Potion Belt","Shovel","Tough Bandages","Gremlin Horn","Juzu Bracelet","Cursed Key","Omamori","Orichalcum","Paper Crane","Pen Nib","Philosopher\u0027s Stone","Old Coin","Torii","FossilizedHelix","Prayer Wheel","Frozen Egg 2"],"potions_floor_usage":[47],"damage_taken":[{"damage":0.0,"enemies":"Small Slimes","floor":1.0,"turns":5.0},{"damage":3.0,"enemies":"Jaw Worm","floor":3.0,"turns":8.0},{"damage":0.0,"enemies":"Cultist","floor":5.0,"turns":4.0},{"damage":25.0,"enemies":"3 Sentries","floor":7.0,"turns":14.0},{"damage":14.0,"enemies":"Lagavulin","floor":11.0,"turns":6.0},{"damage":10.0,"enemies":"Red Slaver","floor":12.0,"turns":5.0},{"damage":0.0,"enemies":"2 Fungi Beasts","floor":14.0,"turns":3.0},{"damage":30.0,"enemies":"Slime Boss","floor":16.0,"turns":8.0},{"damage":6.0,"enemies":"Spheric Guardian","floor":18.0,"turns":6.0},{"damage":2.0,"enemies":"2 Thieves","floor":20.0,"turns":5.0},{"damage":13.0,"enemies":"Chosen and Byrds","floor":22.0,"turns":8.0},{"damage":5.0,"enemies":"Gremlin Leader","floor":24.0,"turns":6.0},{"damage":0.0,"enemies":"Snake Plant","floor":29.0,"turns":4.0},{"damage":0.0,"enemies":"Centurion and Healer","floor":31.0,"turns":6.0},{"damage":8.0,"enemies":"Collector","floor":33.0,"turns":8.0},{"damage":9.0,"enemies":"3 Darklings","floor":35.0,"turns":4.0},{"damage":0.0,"enemies":"Mind Bloom Boss Battle","floor":36.0,"turns":7.0},{"damage":0.0,"enemies":"3 Shapes","floor":37.0,"turns":6.0},{"damage":23.0,"enemies":"Reptomancer","floor":40.0,"turns":9.0},{"damage":1.0,"enemies":"Giant Head","floor":42.0,"turns":10.0},{"damage":0.0,"enemies":"2 Orb Walkers","floor":45.0,"turns":5.0},{"damage":1,"enemies":"Spire Growth","floor":47,"turns":6},{"damage":0,"enemies":"Awakened One","floor":50,"turns":2}],"seed_played":"-3300771910480777118","potions_obtained":[{"floor":1.0,"key":"EssenceOfSteel"},{"floor":12.0,"key":"PowerPotion"},{"floor":14.0,"key":"Block Potion"},{"floor":16.0,"key":"Explosive Potion"},{"floor":20.0,"key":"GamblersBrew"},{"floor":24.0,"key":"Poison Potion"},{"floor":29.0,"key":"AttackPotion"},{"floor":31.0,"key":"AttackPotion"},{"floor":36.0,"key":"Weak Potion"},{"floor":40.0,"key":"SpeedPotion"},{"floor":42.0,"key":"Weak Potion"},{"floor":45.0,"key":"Block Potion"}],"is_trial":false,"path_per_floor":["M","?","M","?","M","R","E","R","T","$","E","M","T","M","R","B",null,"M","$","M","?","M","R","E","R","T","$","R","M","R","M","R","B",null,"M","?","M","?","?","E","R","E","T","R","?","T","M","$","R","B"],"character_chosen":"THE_SILENT","items_purchased":["Catalyst","Regen Potion","Footwork","Acrobatics","Well Laid Plans","Frozen Egg 2","Footwork+1"],"campfire_rested":3,"item_purchase_floors":[10,10,19,19,27,48,48],"current_hp_per_floor":[59,52,49,29,29,48,23,23,23,23,24,14,14,14,33,3,50,44,44,42,42,29,29,24,24,24,24,24,24,24,24,24,16,54,45,45,45,45,45,22,41,40,40,40,40,40,39,39,39,39],"gold":233,"neow_bonus":"RANDOM_COMMON_RELIC","is_prod":false,"is_daily":false,"chose_seed":false,"campfire_upgraded":5,"win_rate":0,"timestamp":1564273234,"path_taken":["M","?","M","?","M","R","E","R","T","$","E","M","?","M","R","BOSS","M","$","M","?","M","R","E","R","T","?","R","M","R","M","R","BOSS","M","?","M","?","?","E","R","E","T","R","?","?","M","?","R","BOSS"],"build_version":"2019-07-17","purchased_purges":2,"victory":false,"max_hp_per_floor":[66,66,66,66,66,66,66,66,66,66,66,66,66,66,66,66,66,66,66,66,66,66,66,66,66,66,66,66,66,66,66,66,66,66,66,66,66,66,66,66,66,66,66,66,66,66,66,66,66,66],"card_choices":[{"not_picked":["Cloak And Dagger","Slice"],"picked":"Leg Sweep","floor":1.0},{"not_picked":["Eviscerate","Blade Dance"],"picked":"Dagger Throw","floor":3.0},{"not_picked":["Escape Plan","Dagger Throw"],"picked":"Flying Knee","floor":5.0},{"not_picked":["Slice","Backflip"],"picked":"Deadly Poison","floor":7.0},{"not_picked":["Riddle With Holes","Deflect"],"picked":"Flying Knee","floor":11.0},{"not_picked":["Slice","Prepared"],"picked":"After Image","floor":12.0},{"not_picked":["Eviscerate","Escape Plan"],"picked":"Crippling Poison","floor":14.0},{"not_picked":["Storm of Steel","Phantasmal Killer"],"picked":"After Image","floor":16.0},{"not_picked":["Bouncing Flask","Dagger Spray"],"picked":"Cloak And Dagger","floor":18.0},{"not_picked":["Backflip","Distraction"],"picked":"Cloak And Dagger","floor":20.0},{"not_picked":["Poisoned Stab","Bouncing Flask"],"picked":"Blade Dance","floor":22.0},{"not_picked":["Underhanded Strike","Masterful Stab+1","Dash"],"picked":"SKIP","floor":24.0},{"not_picked":["Bane","Deflect","Cloak And Dagger"],"picked":"SKIP","floor":29.0},{"not_picked":["Endless Agony","Outmaneuver"],"picked":"A Thousand Cuts","floor":31.0},{"not_picked":["After Image","Tools of the Trade"],"picked":"Adrenaline","floor":33.0},{"not_picked":["Choke+1","Concentrate+1","Reflex+1"],"picked":"SKIP","floor":35.0},{"not_picked":["Dagger Spray+1","Underhanded Strike"],"picked":"Footwork","floor":36.0},{"not_picked":["Blade Dance+1","Crippling Poison+1"],"picked":"PiercingWail","floor":37.0},{"not_picked":["Dash","Underhanded Strike+1"],"picked":"Dodge and Roll+1","floor":40.0},{"not_picked":["Blur","Backstab"],"picked":"Calculated Gamble","floor":42.0},{"not_picked":["Tactician","Dagger Spray"],"picked":"Acrobatics","floor":45.0},{"not_picked":["Terror","Cloak And Dagger"],"picked":"Tools of the Trade","floor":47},{"not_picked":["Deflect","Bane","Riddle With Holes"],"picked":"SKIP","floor":47}],"player_experience":1400278,"relics_obtained":[{"floor":7.0,"key":"Shovel"},{"floor":9.0,"key":"Tough Bandages"},{"floor":11.0,"key":"Gremlin Horn"},{"floor":13.0,"key":"Juzu Bracelet"},{"floor":24.0,"key":"Omamori"},{"floor":25.0,"key":"Orichalcum"},{"floor":26.0,"key":"Paper Crane"},{"floor":28.0,"key":"Pen Nib"},{"floor":36.0,"key":"Old Coin"},{"floor":40.0,"key":"Torii"},{"floor":42.0,"key":"FossilizedHelix"},{"floor":45.0,"key":"Prayer Wheel"}],"event_choices":[{"cards_removed":["Defend_G"],"damage_healed":0.0,"max_hp_gain":0.0,"max_hp_loss":0.0,"gold_gain":0.0,"event_name":"Golden Wing","player_choice":"Card Removal","floor":2.0,"gold_loss":0.0,"damage_taken":7.0},{"damage_healed":0.0,"max_hp_gain":0.0,"max_hp_loss":0.0,"gold_gain":0.0,"event_name":"Shining Light","player_choice":"Entered Light","floor":4.0,"gold_loss":0.0,"damage_taken":20.0,"cards_upgraded":["Neutralize","Dagger Throw"]},{"cards_removed":["Strike_G"],"damage_healed":0.0,"max_hp_gain":0.0,"max_hp_loss":0.0,"gold_gain":0.0,"event_name":"Bonfire Elementals","player_choice":"Offered Basic","floor":21.0,"gold_loss":0.0,"damage_taken":0.0},{"damage_healed":0.0,"max_hp_gain":0.0,"max_hp_loss":0.0,"gold_gain":0.0,"event_name":"MindBloom","player_choice":"Fight","floor":36.0,"gold_loss":0.0,"damage_taken":0.0},{"damage_healed":0.0,"max_hp_gain":0.0,"max_hp_loss":0.0,"gold_gain":0.0,"event_name":"Tomb of Lord Red Mask","player_choice":"Ignored","floor":38.0,"gold_loss":0.0,"damage_taken":0.0},{"cards_removed":["Survivor"],"damage_healed":0.0,"max_hp_gain":0.0,"max_hp_loss":0.0,"gold_gain":0.0,"event_name":"Falling","player_choice":"Removed Skill","floor":39.0,"gold_loss":0.0,"damage_taken":0.0},{"damage_healed":0.0,"max_hp_gain":0.0,"max_hp_loss":0.0,"gold_gain":0.0,"event_name":"Mysterious Sphere","player_choice":"Fight","floor":45.0,"gold_loss":0.0,"damage_taken":0.0}],"is_beta":false,"boss_relics":[{"not_picked":["Runic Dome","Black Star"],"picked":"Cursed Key"},{"not_picked":["Tiny House","Astrolabe"],"picked":"Philosopher\u0027s Stone"}],"items_purged_floors":[19,48],"is_endless":false,"potions_floor_spawned":[1,12,14,16,20,24,29,31,36,40,42,45],"killed_by":"Awakened One","ascension_level":20}