{"gold_per_floor":[109,184,197,147,159,194,221,251,313,345,371,383,422,24,24,124,124,140,130,141,141,141,141,41,55,55,55,86,104,104,120,120,221,221,233,58,108,125,35,35,47,47,47,67,80,80,99,99,99,99],"floor_reached":51,"playtime":14456,"items_purged":["Strike_B","Writhe"],"score":696,"play_id":"30696952-39bb-44e8-b83d-2c4b4ad5ab6e","local_time":"20190902010635","is_ascension_mode":true,"campfire_choices":[{"floor":12.0,"key":"REST"},{"data":"Loop","floor":15.0,"key":"SMITH"},{"data":"Machine Learning","floor":23.0,"key":"SMITH"},{"data":"Hologram","floor":27.0,"key":"SMITH"},{"floor":30.0,"key":"REST"},{"data":"Coolheaded","floor":32.0,"key":"SMITH"},{"floor":40,"key":"DIG"},{"floor":42,"key":"DIG"},{"floor":49,"key":"REST"}],"neow_cost":"NONE","seed_source_timestamp":0,"circlet_count":0,"master_deck":["Defend_B","Defend_B","Defend_B","Defend_B","Zap","Dualcast","Machine Learning+1","Conserve Battery+1","BootSequence","Rebound","Conserve Battery","Loop+1","Electrodynamics","Glacier","Melter","Tempest","Amplify","Hologram+1","Barrage+1","Redo+1","Coolheaded+1","Cold Snap","Seek","FTL","Apotheosis","FTL+1","Biased Cognition","FTL"],"special_seed":0,"relics":["Cracked Core","MawBank","Boot","Pantograph","Oddly Smooth Stone","ClockworkSouvenir","Sozu","Ancient Tea Set","Darkstone Periapt","Vajra","Eternal Feather","Shovel","Omamori","Torii","Dodecahedron"],"potions_floor_usage":[],"damage_taken":[{"damage":1.0,"enemies":"2 Louse","floor":1.0,"turns":3.0},{"damage":8.0,"enemies":"Small Slimes","floor":3.0,"turns":4.0},{"damage":0.0,"enemies":"Jaw Worm","floor":5.0,"turns":5.0},{"damage":36.0,"enemies":"Gremlin Nob","floor":6.0,"turns":5.0},{"damage":2.0,"enemies":"Looter","floor":7.0,"turns":3.0},{"damage":4.0,"enemies":"Blue Slaver","floor":8.0,"turns":4.0},{"damage":0.0,"enemies":"3 Louse","floor":10.0,"turns":2.0},{"damage":0.0,"enemies":"Gremlin Gang","floor":11.0,"turns":4.0},{"damage":8.0,"enemies":"3 Sentries","floor":13.0,"turns":3.0},{"damage":51.0,"enemies":"Hexaghost","floor":16.0,"turns":13.0},{"damage":0.0,"enemies":"Shell Parasite","floor":18.0,"turns":3.0},{"damage":2.0,"enemies":"2 Thieves","floor":19.0,"turns":4.0},{"damage":10.0,"enemies":"Centurion and Healer","floor":20.0,"turns":6.0},{"damage":0.0,"enemies":"Cultist and Chosen","floor":25.0,"turns":5.0},{"damage":21.0,"enemies":"Slavers","floor":28.0,"turns":3.0},{"damage":2.0,"enemies":"Shelled Parasite and Fungi","floor":29.0,"turns":5.0},{"damage":7.0,"enemies":"Snake Plant","floor":31.0,"turns":3.0},{"damage":37.0,"enemies":"Collector","floor":33.0,"turns":9.0},{"damage":1.0,"enemies":"Orb Walker","floor":35.0,"turns":4.0},{"damage":46.0,"enemies":"2 Orb Walkers","floor":37.0,"turns":6.0},{"damage":5.0,"enemies":"3 Shapes","floor":38.0,"turns":4.0},{"damage":5,"enemies":"Writhing Mass","floor":41,"turns":7},{"damage":2,"enemies":"Sphere and 2 Shapes","floor":44,"turns":5},{"damage":3,"enemies":"Spire Growth","floor":45,"turns":6},{"damage":39,"enemies":"Writhing Mass","floor":47,"turns":5},{"damage":26,"enemies":"Awakened One","floor":50,"turns":20}],"seed_played":"5596385442347672457","potions_obtained":[{"floor":3.0,"key":"PowerPotion"},{"floor":6.0,"key":"Swift Potion"},{"floor":11.0,"key":"Explosive Potion"},{"floor":16.0,"key":"Weak Potion"}],"is_trial":false,"path_per_floor":["M","?","M","?","M","E","M","M","T","M","M","R","E","$","R","B",null,"M","M","M","?","?","R","$","M","T","R","E","M","R","M","R","B",null,"M","$","?","M","?","R","M","R","T","M","M","?","M","?","R","B",null],"character_chosen":"DEFECT","items_purchased":["Oddly Smooth Stone","ClockworkSouvenir","Apotheosis"],"campfire_rested":3,"item_purchase_floors":[14,14,36],"current_hp_per_floor":[74,63,55,55,55,19,17,13,13,13,13,35,27,27,27,1,75,75,73,63,49,49,49,49,49,49,49,28,26,50,43,43,31,80,79,79,33,28,28,43,38,53,53,51,48,48,9,9,48,47],"gold":99,"neow_bonus":"ONE_RANDOM_RARE_CARD","is_prod":false,"is_daily":false,"chose_seed":false,"campfire_upgraded":4,"win_rate":1,"timestamp":1567379195,"path_taken":["M","?","M","?","M","E","M","M","T","M","M","R","E","?","R","BOSS","M","M","M","?","?","R","$","M","T","R","E","M","R","M","R","BOSS","M","$","?","M","?","R","M","R","T","?","M","?","?","?","R","BOSS"],"build_version":"2019-07-17","purchased_purges":2,"victory":true,"max_hp_per_floor":[75,75,75,75,75,75,75,75,75,75,75,75,75,75,75,75,75,75,75,75,80,80,80,80,80,80,80,80,80,80,80,80,80,80,80,80,80,80,80,80,80,80,80,80,80,80,80,80,80,80],"card_choices":[{"not_picked":["Fusion","Sweeping Beam"],"picked":"Conserve Battery","floor":1.0},{"not_picked":["Leap","Barrage"],"picked":"BootSequence","floor":3.0},{"not_picked":["Turbo","Leap"],"picked":"Rebound","floor":5.0},{"not_picked":["Force Field","Hello World"],"picked":"Conserve Battery","floor":6.0},{"not_picked":["Turbo","Rebound"],"picked":"Loop","floor":7.0},{"not_picked":["Sweeping Beam","Hologram"],"picked":"Electrodynamics","floor":8.0},{"not_picked":["Doom and Gloom","Steam Power"],"picked":"Glacier","floor":10.0},{"not_picked":["Double Energy","Rip and Tear"],"picked":"Melter","floor":11.0},{"not_picked":["Double Energy","Blizzard"],"picked":"Tempest","floor":13.0},{"not_picked":["Buffer","Meteor Strike"],"picked":"Amplify","floor":16.0},{"not_picked":["BootSequence","Sweeping Beam","Gash"],"picked":"SKIP","floor":18.0},{"not_picked":["Steam","Conserve Battery"],"picked":"Hologram","floor":19.0},{"not_picked":["Turbo","Reprogram"],"picked":"Barrage+1","floor":20.0},{"not_picked":["Fusion+1","Barrage+1"],"picked":"Redo+1","floor":25.0},{"not_picked":["Turbo","Hello World"],"picked":"Coolheaded","floor":28.0},{"not_picked":["Hologram","Sweeping Beam"],"picked":"Cold Snap","floor":29.0},{"not_picked":["Go for the Eyes","Hologram","Reprogram"],"picked":"SKIP","floor":31.0},{"not_picked":["Multi-Cast","Buffer"],"picked":"Seek","floor":33.0},{"not_picked":["Cold Snap+1","Streamline"],"picked":"FTL","floor":35.0},{"not_picked":["Streamline+1","Loop"],"picked":"FTL+1","floor":38},{"not_picked":["Conserve Battery","Steam Power","Rebound+1"],"picked":"SKIP","floor":41},{"not_picked":["Lockon+1","Turbo","Leap+1"],"picked":"SKIP","floor":44},{"not_picked":["Streamline","Gash"],"picked":"Biased Cognition","floor":45},{"not_picked":["Loop","Hello World"],"picked":"FTL","floor":47}],"player_experience":189773,"relics_obtained":[{"floor":6.0,"key":"MawBank"},{"floor":9.0,"key":"Boot"},{"floor":13.0,"key":"Pantograph"},{"floor":26.0,"key":"Darkstone Periapt"},{"floor":28.0,"key":"Vajra"},{"floor":37.0,"key":"Shovel"},{"floor":40,"key":"Omamori"},{"floor":42,"key":"Torii"},{"floor":43,"key":"Dodecahedron"}],"event_choices":[{"damage_healed":0.0,"max_hp_gain":0.0,"max_hp_loss":0.0,"gold_gain":75.0,"event_name":"World of Goop","player_choice":"Gather Gold","floor":2.0,"gold_loss":0.0,"damage_taken":11.0},{"cards_removed":["Strike_B"],"damage_healed":0.0,"max_hp_gain":0.0,"max_hp_loss":0.0,"gold_gain":0.0,"event_name":"The Cleric","player_choice":"Card Removal","floor":4.0,"gold_loss":50.0,"damage_taken":0.0},{"damage_healed":0.0,"max_hp_gain":5.0,"max_hp_loss":0.0,"gold_gain":0.0,"event_name":"Forgotten Altar","player_choice":"Shed Blood","floor":21.0,"gold_loss":0.0,"damage_taken":19.0},{"damage_healed":0.0,"max_hp_gain":0.0,"max_hp_loss":0.0,"gold_gain":0.0,"event_name":"The Mausoleum","player_choice":"Opened","floor":22.0,"gold_loss":0.0,"damage_taken":0.0,"relics_obtained":["Ancient Tea Set"],"cards_obtained":["Writhe"]},{"damage_healed":0.0,"max_hp_gain":0.0,"max_hp_loss":0.0,"gold_gain":0.0,"event_name":"Mysterious Sphere","player_choice":"Fight","floor":37.0,"gold_loss":0.0,"damage_taken":0.0},{"cards_removed":["Strike_B"],"damage_healed":0,"gold_gain":0,"player_choice":"Upgrade and Remove","damage_taken":0,"max_hp_gain":0,"max_hp_loss":0,"event_name":"Designer","floor":39,"gold_loss":90,"cards_upgraded":["Conserve Battery"]},{"cards_removed":["Strike_B"],"damage_healed":0,"gold_gain":0,"player_choice":"Card Removal","damage_taken":0,"max_hp_gain":0,"max_hp_loss":0,"event_name":"Wheel of Change","floor":46,"gold_loss":0},{"damage_healed":0,"gold_gain":0,"player_choice":"Memory 1","damage_taken":0,"max_hp_gain":0,"max_hp_loss":0,"event_name":"SensoryStone","floor":48,"gold_loss":0}],"is_beta":false,"boss_relics":[{"not_picked":["Astrolabe","Cursed Key"],"picked":"Sozu"},{"not_picked":["Empty Cage","Orrery"],"picked":"Eternal Feather"}],"items_purged_floors":[14,24],"is_endless":false,"potions_floor_spawned":[3,6,11,16,19,20,31,33,37,38,45],"ascension_level":2}