{"gold_per_floor":[18,37,37,137,150,150,175,175,175,194,204,231,249,267,267,366,366,378,378,46,65,65,80,80,91,91,123,151,163,190,117,129,239,251,281,92,192,192,142,169,169,169,169,184,201,201,229,229,229,229],"floor_reached":51,"playtime":5354,"items_purged":["Strike_B","Strike_B","Defend_B"],"score":937,"play_id":"ab1cdd7b-5024-4b09-a1bc-55b9ed45dffc","local_time":"20190720200426","is_ascension_mode":false,"campfire_choices":[{"data":"Defragment","floor":6.0,"key":"SMITH"},{"data":"Zap","floor":8.0,"key":"SMITH"},{"data":"Defragment","floor":15.0,"key":"SMITH"},{"data":"Genetic Algorithm","floor":29.0,"key":"SMITH"},{"floor":32,"key":"REST"},{"data":"Echo Form","floor":42,"key":"SMITH"},{"floor":46,"key":"REST"},{"floor":49,"key":"REST"}],"neow_cost":"NO_GOLD","seed_source_timestamp":49401932645100,"circlet_count":0,"master_deck":["Defend_B","Defend_B","Defend_B","Zap+1","Dualcast","Glacier","Defragment+1","Ball Lightning","Melter","Doom and Gloom","Hologram","Genetic Algorithm+1","Defragment+1","Electrodynamics","Coolheaded","Skim","Glacier","Heatsinks+1","Cold Snap","Recycle+1","Consume+1","Compile Driver","Echo Form+1","Heatsinks+1","Madness","Madness","Loop+1","Darkness+1","Capacitor+1","Darkness+1","Apotheosis"],"special_seed":0,"relics":["Cracked Core","Thread and Needle","Mercury Hourglass","DataDisk","Kunai","Cursed Key","Strange Spoon","Dream Catcher","MawBank","Smiling Mask","Empty Cage","Happy Flower","Mango","Oddly Smooth Stone","Ancient Tea Set"],"potions_floor_usage":[40,47,50,50,50,50,50,50],"damage_taken":[{"damage":0.0,"enemies":"Small Slimes","floor":1.0,"turns":3.0},{"damage":0.0,"enemies":"2 Louse","floor":2.0,"turns":2.0},{"damage":0.0,"enemies":"Cultist","floor":5.0,"turns":4.0},{"damage":9.0,"enemies":"Gremlin Nob","floor":7.0,"turns":5.0},{"damage":0.0,"enemies":"Large Slime","floor":10.0,"turns":4.0},{"damage":0.0,"enemies":"2 Fungi Beasts","floor":11.0,"turns":2.0},{"damage":0.0,"enemies":"Lagavulin","floor":12.0,"turns":4.0},{"damage":0.0,"enemies":"Blue Slaver","floor":13.0,"turns":3.0},{"damage":0.0,"enemies":"3 Louse","floor":14.0,"turns":2.0},{"damage":0.0,"enemies":"Slime Boss","floor":16.0,"turns":4.0},{"damage":0.0,"enemies":"3 Byrds","floor":18.0,"turns":3.0},{"damage":0.0,"enemies":"Spheric Guardian","floor":21.0,"turns":4.0},{"damage":6.0,"enemies":"Chosen and Byrds","floor":23.0,"turns":3.0},{"damage":4.0,"enemies":"Shelled Parasite and Fungi","floor":25.0,"turns":5.0},{"damage":5.0,"enemies":"Gremlin Leader","floor":27.0,"turns":5.0},{"damage":0.0,"enemies":"Cultist and Chosen","floor":28.0,"turns":7.0},{"damage":7.0,"enemies":"Snake Plant","floor":30.0,"turns":10.0},{"damage":0,"enemies":"Collector","floor":33,"turns":14},{"damage":0,"enemies":"Orb Walker","floor":35,"turns":4},{"damage":0,"enemies":"Mind Bloom Boss Battle","floor":37,"turns":8},{"damage":1,"enemies":"Nemesis","floor":40,"turns":11},{"damage":0,"enemies":"3 Darklings","floor":44,"turns":5},{"damage":14,"enemies":"Sphere and 2 Shapes","floor":45,"turns":4},{"damage":35,"enemies":"Reptomancer","floor":47,"turns":6},{"damage":0,"enemies":"Time Eater","floor":50,"turns":105}],"seed_played":"-8523530089271497012","potions_obtained":[{"floor":1.0,"key":"SkillPotion"},{"floor":5.0,"key":"Block Potion"},{"floor":7.0,"key":"Poison Potion"},{"floor":10.0,"key":"PowerPotion"},{"floor":23.0,"key":"Energy Potion"},{"floor":27.0,"key":"EntropicBrew"},{"floor":40,"key":"Dexterity Potion"},{"floor":47,"key":"FearPotion"}],"is_trial":false,"path_per_floor":["M","M","?","?","M","R","E","R","T","M","M","E","M","M","R","B",null,"M","?","$","M","$","M","?","M","T","E","M","R","M","?","R","B",null,"M","$","?","?","$","E","?","R","T","M","M","R","E","?","R","B",null],"character_chosen":"DEFECT","items_purchased":["Strange Spoon","Coolheaded","Happy Flower"],"campfire_rested":3,"item_purchase_floors":[20,20,36],"current_hp_per_floor":[75,75,75,75,75,75,66,66,66,66,66,66,66,66,66,66,75,75,61,61,61,61,55,55,51,51,46,46,46,39,39,63,63,80,80,80,94,82,82,81,81,81,81,81,67,94,59,59,87,87],"gold":229,"neow_bonus":"ONE_RARE_RELIC","is_prod":false,"is_daily":false,"chose_seed":false,"campfire_upgraded":5,"win_rate":0,"timestamp":1563620666,"path_taken":["M","M","?","?","?","R","E","R","T","M","M","E","M","M","R","BOSS","M","?","$","M","$","M","?","M","T","E","M","R","M","?","R","BOSS","M","$","?","?","$","E","?","R","T","M","?","R","E","?","R","BOSS"],"build_version":"2019-07-17","purchased_purges":3,"victory":true,"max_hp_per_floor":[75,75,75,75,75,75,75,75,75,75,75,75,75,75,75,75,75,75,80,80,80,80,80,80,80,80,80,80,80,80,80,80,80,80,80,80,94,94,94,94,94,94,94,94,94,94,94,94,94,94],"card_choices":[{"not_picked":["Turbo","Genetic Algorithm"],"picked":"Glacier","floor":1.0},{"not_picked":["Scrape","Cold Snap"],"picked":"Defragment","floor":2.0},{"not_picked":["Redo","Barrage"],"picked":"Ball Lightning","floor":5.0},{"not_picked":["Sweeping Beam","Hologram"],"picked":"Melter","floor":7.0},{"not_picked":["Rebound","Force Field"],"picked":"Doom and Gloom","floor":10.0},{"not_picked":["Blizzard","Barrage"],"picked":"Hologram","floor":11.0},{"not_picked":["Machine Learning","Cold Snap"],"picked":"Genetic Algorithm","floor":12.0},{"not_picked":["Turbo","Redo","Hologram"],"picked":"SKIP","floor":13.0},{"not_picked":["Chill","Compile Driver"],"picked":"Defragment","floor":14.0},{"not_picked":["Seek","Amplify"],"picked":"Electrodynamics","floor":16.0},{"not_picked":["Beam Cell","Conserve Battery","Streamline"],"picked":"SKIP","floor":18.0},{"not_picked":["Redo","Turbo+1"],"picked":"Skim","floor":21.0},{"not_picked":["Stack","Coolheaded"],"picked":"Glacier","floor":23.0},{"not_picked":["Steam","Turbo"],"picked":"Heatsinks+1","floor":25.0},{"not_picked":["Double Energy","Sweeping Beam"],"picked":"Cold Snap","floor":27.0},{"not_picked":["Auto Shields+1","Melter"],"picked":"Recycle+1","floor":28.0},{"not_picked":["Barrage+1","Hello World+1"],"picked":"Consume+1","floor":30.0},{"not_picked":["Turbo","Sweeping Beam+1"],"picked":"Compile Driver","floor":32},{"not_picked":["All For One","Electrodynamics"],"picked":"Echo Form","floor":33},{"not_picked":["Steam Power+1","Static Discharge","Tempest"],"picked":"SKIP","floor":35},{"not_picked":["Streamline","Glacier"],"picked":"Heatsinks+1","floor":37},{"not_picked":["Coolheaded","Consume"],"picked":"Loop+1","floor":40},{"not_picked":["BootSequence+1","Beam Cell+1","Gash+1"],"picked":"SKIP","floor":44},{"not_picked":["Auto Shields","Storm"],"picked":"Darkness+1","floor":45},{"not_picked":["Leap","Heatsinks"],"picked":"Capacitor+1","floor":46},{"not_picked":["Conserve Battery+1","Gash+1"],"picked":"Darkness+1","floor":47},{"not_picked":["The Bomb","Forethought"],"picked":"Apotheosis","floor":48}],"player_experience":89516,"relics_obtained":[{"floor":7.0,"key":"Mercury Hourglass"},{"floor":9.0,"key":"DataDisk"},{"floor":12.0,"key":"Kunai"},{"floor":27.0,"key":"MawBank"},{"floor":37,"key":"Mango"},{"floor":40,"key":"Oddly Smooth Stone"},{"floor":47,"key":"Ancient Tea Set"}],"event_choices":[{"cards_removed":["Strike_B"],"damage_healed":0.0,"max_hp_gain":0.0,"max_hp_loss":0.0,"gold_gain":0.0,"event_name":"Living Wall","player_choice":"Forget","floor":3.0,"gold_loss":0.0,"damage_taken":0.0},{"damage_healed":0.0,"max_hp_gain":0.0,"max_hp_loss":0.0,"gold_gain":100.0,"event_name":"Golden Shrine","player_choice":"Pray","floor":4.0,"gold_loss":0.0,"damage_taken":0.0},{"damage_healed":0.0,"max_hp_gain":5.0,"max_hp_loss":0.0,"gold_gain":0.0,"event_name":"Forgotten Altar","player_choice":"Shed Blood","floor":19.0,"gold_loss":0.0,"damage_taken":19.0},{"damage_healed":0.0,"max_hp_gain":0.0,"max_hp_loss":0.0,"gold_gain":0.0,"event_name":"The Mausoleum","player_choice":"Opened","floor":24.0,"gold_loss":0.0,"damage_taken":0.0,"relics_obtained":["Dream Catcher"],"cards_obtained":["Writhe"]},{"damage_healed":0.0,"max_hp_gain":0.0,"max_hp_loss":0.0,"gold_gain":0.0,"event_name":"Addict","player_choice":"Obtained Relic","floor":31.0,"gold_loss":85.0,"damage_taken":0.0,"relics_obtained":["Smiling Mask"]},{"damage_healed":0,"gold_gain":0,"player_choice":"Fight","damage_taken":0,"max_hp_gain":0,"max_hp_loss":0,"event_name":"MindBloom","floor":37,"gold_loss":0},{"damage_healed":0,"gold_gain":0,"player_choice":"Embrace Madness","damage_taken":12,"max_hp_gain":0,"max_hp_loss":0,"event_name":"Winding Halls","floor":38,"gold_loss":0,"cards_obtained":["Madness","Madness"]},{"damage_healed":0,"gold_gain":0,"player_choice":"Ignored","damage_taken":0,"max_hp_gain":0,"max_hp_loss":0,"event_name":"SecretPortal","floor":41,"gold_loss":0},{"damage_healed":0,"gold_gain":0,"player_choice":"Memory 1","damage_taken":0,"max_hp_gain":0,"max_hp_loss":0,"event_name":"SensoryStone","floor":48,"gold_loss":0}],"is_beta":false,"boss_relics":[{"not_picked":["Philosopher\u0027s Stone","FrozenCore"],"picked":"Cursed Key"},{"not_picked":["Lizard Tail","Snecko Eye"],"picked":"Empty Cage"}],"items_purged_floors":[20,36,39],"is_endless":false,"potions_floor_spawned":[1,5,7,10,12,23,25,27,30,40,44,47],"ascension_level":0}