{"gold_per_floor":[118,118,141,65,78,78,118,118,145,145,188,85,129,150,150,150],"floor_reached":16,"playtime":1284,"items_purged":["Strike_G"],"score":236,"play_id":"be32ee61-2e54-4a96-a6ff-9352591f2b8b","local_time":"20190712163204","is_ascension_mode":true,"campfire_choices":[{"data":"Dagger Spray","floor":6.0,"key":"SMITH"},{"data":"Neutralize","floor":8.0,"key":"SMITH"},{"data":"Footwork","floor":10.0,"key":"SMITH"},{"data":"Deadly Poison","floor":15.0,"key":"SMITH"}],"neow_cost":"NONE","seed_source_timestamp":245654617066300,"circlet_count":0,"master_deck":["AscendersBane","Strike_G","Strike_G","Strike_G","Strike_G","Defend_G","Defend_G","Defend_G","Defend_G+1","Defend_G+1","Survivor","Neutralize+1","Flying Knee","Bane","Footwork+1","Dagger Spray+1","Dodge and Roll","Backstab","Deadly Poison+1","Adrenaline","Deadly Poison"],"special_seed":0,"relics":["Ring of the Snake","Anchor","Golden Idol","War Paint","Orichalcum","Bottled Flame","Prayer Wheel"],"potions_floor_usage":[16],"damage_taken":[{"damage":0.0,"enemies":"2 Louse","floor":1.0,"turns":3.0},{"damage":0.0,"enemies":"Jaw Worm","floor":3.0,"turns":3.0},{"damage":0.0,"enemies":"Small Slimes","floor":5.0,"turns":4.0},{"damage":25.0,"enemies":"Lagavulin","floor":7.0,"turns":7.0},{"damage":7.0,"enemies":"3 Sentries","floor":11.0,"turns":9.0},{"damage":6.0,"enemies":"Lagavulin","floor":13.0,"turns":7.0},{"damage":0.0,"enemies":"Red Slaver","floor":14.0,"turns":2.0},{"damage":22,"enemies":"Hexaghost","floor":16,"turns":9}],"seed_played":"-2327035206708712757","potions_obtained":[{"floor":1.0,"key":"FearPotion"},{"floor":5.0,"key":"Strength Potion"},{"floor":11.0,"key":"SteroidPotion"},{"floor":13.0,"key":"Ancient Potion"}],"is_trial":false,"path_per_floor":["M","?","M","$","M","R","E","R","T","R","E","$","E","M","R","B"],"character_chosen":"THE_SILENT","items_purchased":["Footwork","Deadly Poison"],"campfire_rested":0,"item_purchase_floors":[4,12],"current_hp_per_floor":[59,59,59,59,59,59,34,34,34,34,27,27,21,21,21,0],"gold":150,"neow_bonus":"RANDOM_COMMON_RELIC","is_prod":false,"is_daily":false,"chose_seed":false,"campfire_upgraded":4,"win_rate":0,"timestamp":1562963524,"path_taken":["M","?","M","?","M","R","E","R","T","R","E","$","E","M","R","BOSS"],"build_version":"2019-07-05","purchased_purges":1,"victory":false,"max_hp_per_floor":[66,60,60,60,60,60,60,60,60,60,60,60,60,60,60,60],"card_choices":[{"not_picked":["Underhanded Strike","Accuracy"],"picked":"Flying Knee","floor":1.0},{"not_picked":["Deflect","Backflip"],"picked":"Bane","floor":3.0},{"not_picked":["Backflip","Expertise"],"picked":"Dagger Spray","floor":5.0},{"not_picked":["Burst","Dagger Spray"],"picked":"Dodge and Roll","floor":7.0},{"not_picked":["Prepared","Slice"],"picked":"Backstab","floor":11.0},{"not_picked":["Outmaneuver","Cloak And Dagger"],"picked":"Adrenaline","floor":13.0},{"not_picked":["Tactician","Sucker Punch"],"picked":"Deadly Poison","floor":14.0},{"not_picked":["Dagger Spray","Concentrate","Expertise"],"picked":"SKIP","floor":14.0}],"player_experience":1336555,"relics_obtained":[{"floor":7.0,"key":"War Paint"},{"floor":9.0,"key":"Orichalcum"},{"floor":11.0,"key":"Bottled Flame"},{"floor":13.0,"key":"Prayer Wheel"}],"event_choices":[{"damage_healed":0.0,"max_hp_gain":0.0,"max_hp_loss":6.0,"gold_gain":0.0,"event_name":"Golden Idol","player_choice":"Lose Max HP","floor":2.0,"gold_loss":0.0,"damage_taken":0.0,"relics_obtained":["Golden Idol"]}],"is_beta":false,"boss_relics":[],"items_purged_floors":[12],"is_endless":false,"potions_floor_spawned":[1,5,11,13,14],"killed_by":"Hexaghost","ascension_level":20}