{"gold_per_floor":[13,13,13,30,30,30,60,75,75,75,88,100,115,131,131,235,235,253,273,24,24,24,52,52,62,108,126,141,66,66,15,15,117,117,132,184,194,194,207,232,332,50,50,67,67,112,58,73,73,73],"floor_reached":51,"playtime":781,"items_purged":["Defend_Y"],"score":1049,"play_id":"cb5cdce6-d3b9-46ed-8c6c-80ef922648b3","local_time":"20190604035418","is_ascension_mode":false,"campfire_choices":[{"data":"Slap","floor":6,"key":"SMITH"},{"data":"Strike_Y","floor":10,"key":"SMITH"},{"data":"Consecutive_Normal_Punch","floor":15,"key":"SMITH"},{"data":"Slap","floor":24,"key":"SMITH"},{"data":"Consecutive_Normal_Punch","floor":30,"key":"SMITH"},{"data":"Consecutive_Normal_Punch","floor":32,"key":"SMITH"},{"data":"Defend_Y","floor":45,"key":"PURGE"},{"data":"Defend_Y","floor":49,"key":"PURGE"}],"neow_cost":"NONE","seed_source_timestamp":1495530201816338,"circlet_count":0,"master_deck":["Strike_Y+1","Strike_Y+1","Strike_Y","Strike_Y","Strike_Y","Defend_Y","Defend_Y+1","Slap+1","Wear_Disguise","Consecutive_Normal_Punch+1","Get_Hopes_Up","Slap+1","Consecutive_Normal_Punch+1","Slap","Slap","Consecutive_Normal_Punch+1","Slap","Serious_Punch","Slap","Consecutive_Normal_Punch","Consecutive_Normal_Punch","Dagger Spray+1","Slap"],"relics":["Cape","NeowsBlessing","Mummified Hand","Darkstone Periapt","StoneCalendar","Sozu","Gremlin Horn","Pen Nib","Ancient Tea Set","Velvet Choker","Unceasing Top","Mercury Hourglass","Peace Pipe","PrismaticShard","Letter Opener","Happy Flower"],"potions_floor_usage":[],"damage_taken":[{"damage":0,"enemies":"Cultist","floor":1,"turns":1},{"damage":0,"enemies":"2 Louse","floor":4,"turns":1},{"damage":0,"enemies":"Lagavulin","floor":7,"turns":1},{"damage":0,"enemies":"Jaw Worm","floor":8,"turns":1},{"damage":0,"enemies":"Looter","floor":11,"turns":1},{"damage":0,"enemies":"3 Louse","floor":12,"turns":1},{"damage":0,"enemies":"2 Fungi Beasts","floor":13,"turns":1},{"damage":0,"enemies":"Exordium Wildlife","floor":14,"turns":1},{"damage":0,"enemies":"Hexaghost","floor":16,"turns":1},{"damage":0,"enemies":"2 Thieves","floor":18,"turns":1},{"damage":0,"enemies":"3 Byrds","floor":19,"turns":2},{"damage":0,"enemies":"Slavers","floor":23,"turns":1},{"damage":0,"enemies":"Sentry and Sphere","floor":25,"turns":1},{"damage":0,"enemies":"Snake Plant","floor":27,"turns":1},{"damage":0,"enemies":"Chosen and Byrds","floor":28,"turns":1},{"damage":0,"enemies":"Automaton","floor":33,"turns":1},{"damage":0,"enemies":"Orb Walker","floor":35,"turns":1},{"damage":0,"enemies":"2 Orb Walkers","floor":36,"turns":1},{"damage":0,"enemies":"3 Shapes","floor":37,"turns":1},{"damage":0,"enemies":"Sphere and 2 Shapes","floor":39,"turns":2},{"damage":0,"enemies":"Giant Head","floor":40,"turns":1},{"damage":0,"enemies":"Mind Bloom Boss Battle","floor":41,"turns":1},{"damage":0,"enemies":"Transient","floor":44,"turns":1},{"damage":0,"enemies":"Spire Growth","floor":48,"turns":1},{"damage":0,"enemies":"Donu and Deca","floor":50,"turns":1}],"seed_played":"-1933954092129286505","potions_obtained":[{"floor":7,"key":"Fire Potion"},{"floor":12,"key":"EssenceOfSteel"},{"floor":13,"key":"SpeedPotion"}],"is_trial":false,"path_per_floor":["M","$","?","M","?","R","E","M","T","R","M","M","M","M","R","B",null,"M","M","$","?","?","E","R","M","T","M","M","?","R","$","R","B",null,"M","?","M","?","M","E","?","$","T","M","R","T","$","M","R","B",null],"character_chosen":"OPM","items_purchased":["Gremlin Horn","Slap","PrismaticShard","Slap"],"campfire_rested":0,"item_purchase_floors":[20,31,42,47],"current_hp_per_floor":[999,999,999,999,999,999,999,999,999,999,999,999,999,999,999,999,999,999,999,999,999,999,999,999,999,999,999,999,999,999,999,999,999,999,999,999,999,999,999,999,999,999,999,999,999,999,999,999,999,999],"gold":73,"neow_bonus":"THREE_ENEMY_KILL","is_prod":false,"is_daily":false,"chose_seed":false,"campfire_upgraded":6,"win_rate":0.0,"timestamp":1559588058,"path_taken":["M","$","?","M","?","R","E","M","T","R","M","M","M","?","R","BOSS","M","M","$","?","?","E","R","M","T","M","M","?","R","$","R","BOSS","M","?","M","?","M","E","?","$","T","M","R","?","?","M","R","BOSS"],"build_version":"2019-01-23","purchased_purges":1,"victory":true,"max_hp_per_floor":[999,999,999,999,999,999,999,999,999,999,999,999,999,999,999,999,999,999,999,999,999,999,999,999,999,999,999,999,999,999,999,999,999,999,999,999,999,999,999,999,999,999,999,999,999,999,999,999,999,999],"card_choices":[{"not_picked":["Slap","Ignore","Hop"],"picked":"SKIP","floor":1},{"not_picked":["Wear_Disguise","Normal_Punch"],"picked":"Slap","floor":4},{"not_picked":["Slap","Normal_Punch"],"picked":"Yawn","floor":7},{"not_picked":["Yawn","Hop"],"picked":"Wear_Disguise","floor":8},{"not_picked":["Do_Nothing","Wear_Disguise","Hop"],"picked":"SKIP","floor":11},{"not_picked":["Normal_Punch","Side_Hop","Wear_Disguise"],"picked":"SKIP","floor":12},{"not_picked":["Toss_Stone","Ignore"],"picked":"Consecutive_Normal_Punch","floor":13},{"not_picked":["Ignore","Hop","Normal_Punch"],"picked":"SKIP","floor":14},{"not_picked":["Hip_Strike","Terrifying_Presence"],"picked":"Get_Hopes_Up","floor":16},{"not_picked":["Yawn","Ignore"],"picked":"Slap","floor":18},{"not_picked":["Hop","Normal_Punch","Do_Nothing"],"picked":"SKIP","floor":19},{"not_picked":["Yawn","Normal_Punch"],"picked":"Consecutive_Normal_Punch","floor":23},{"not_picked":["Do_Nothing","Hop"],"picked":"Slap","floor":25},{"not_picked":["Side_Hop+1","Hop"],"picked":"Slap","floor":27},{"not_picked":["Do_Nothing","Hop"],"picked":"Consecutive_Normal_Punch","floor":28},{"not_picked":["Terrifying_Presence","Oh"],"picked":"Serious_Punch","floor":33},{"not_picked":["Hop+1","Yawn+1","Slap"],"picked":"SKIP","floor":35},{"not_picked":["Yawn","Do_Nothing"],"picked":"Slap","floor":36},{"not_picked":["Wear_Disguise","Yawn+1","Toss_Stone+1"],"picked":"SKIP","floor":37},{"not_picked":["Yawn+1","Ignore+1"],"picked":"Consecutive_Normal_Punch","floor":39},{"not_picked":["Yawn+1","Ignore+1","Toss_Stone"],"picked":"SKIP","floor":40},{"not_picked":["Hop+1","Normal_Punch+1"],"picked":"Consecutive_Normal_Punch","floor":41},{"not_picked":["Clothesline+1","Metallicize"],"picked":"Dagger Spray+1","floor":44},{"not_picked":["Perfected Strike","Quick Slash+1","Footwork"],"picked":"SKIP","floor":48}],"player_experience":3080,"relics_obtained":[{"floor":7,"key":"Darkstone Periapt"},{"floor":9,"key":"StoneCalendar"},{"floor":23,"key":"Pen Nib"},{"floor":26,"key":"Ancient Tea Set"},{"floor":36,"key":"Unceasing Top"},{"floor":40,"key":"Mercury Hourglass"},{"floor":41,"key":"Peace Pipe"},{"floor":43,"key":"Letter Opener"},{"floor":46,"key":"Happy Flower"}],"event_choices":[{"damage_healed":0,"gold_gain":0,"player_choice":"Success","damage_taken":18,"relics_obtained":["Mummified Hand"],"max_hp_gain":0,"max_hp_loss":0,"event_name":"Scrap Ooze","floor":3,"gold_loss":0},{"damage_healed":0,"gold_gain":0,"player_choice":"Entered Light","damage_taken":200,"max_hp_gain":0,"max_hp_loss":0,"event_name":"Shining Light","floor":5,"gold_loss":0,"cards_upgraded":["Defend_Y","Strike_Y"]},{"damage_healed":0,"gold_gain":0,"player_choice":"Ignored","damage_taken":0,"max_hp_gain":0,"max_hp_loss":0,"event_name":"Ghosts","floor":21,"gold_loss":0},{"damage_healed":0,"gold_gain":0,"player_choice":"Ignored","damage_taken":0,"max_hp_gain":0,"max_hp_loss":0,"event_name":"Vampires","floor":22,"gold_loss":0},{"cards_removed":["Yawn"],"damage_healed":0,"gold_gain":0,"player_choice":"Gave Gold","damage_taken":0,"max_hp_gain":0,"max_hp_loss":0,"event_name":"Beggar","floor":29,"gold_loss":75},{"damage_healed":0,"gold_gain":0,"player_choice":"Fight","damage_taken":0,"max_hp_gain":0,"max_hp_loss":0,"event_name":"Mysterious Sphere","floor":36,"gold_loss":0},{"damage_healed":0,"gold_gain":0,"player_choice":"Ignored","damage_taken":0,"max_hp_gain":0,"max_hp_loss":0,"event_name":"Tomb of Lord Red Mask","floor":38,"gold_loss":0},{"damage_healed":0,"gold_gain":0,"player_choice":"Fight","damage_taken":0,"max_hp_gain":0,"max_hp_loss":0,"event_name":"MindBloom","floor":41,"gold_loss":0}],"is_beta":false,"boss_relics":[{"not_picked":["Snecko Eye","Cursed Key"],"picked":"Sozu"},{"not_picked":["White Beast Statue","Orrery"],"picked":"Velvet Choker"}],"items_purged_floors":[42],"is_endless":false,"potions_floor_spawned":[7,12,13,18,19,25,28,33,36,37,40,48],"ascension_level":0}