{"gold_per_floor":[110,110,128,38,54,54,85,100,123,141,160,160,32,67,67,139,139,153,168,168,168,13,38,58,76,76,76,92,92,92],"floor_reached":30,"playtime":1339,"items_purged":["Strike_B","Writhe"],"score":524,"play_id":"3ed02290-497f-4050-9612-7dc5f7e32a1c","local_time":"20190826201153","is_ascension_mode":true,"campfire_choices":[{"data":"Go for the Eyes","floor":6.0,"key":"SMITH"},{"floor":12.0,"key":"REST"},{"data":"Fission","floor":15.0,"key":"SMITH"},{"floor":27,"key":"REST"},{"data":"Defragment","floor":29,"key":"SMITH"}],"neow_cost":"NONE","seed_source_timestamp":122996390711100,"circlet_count":0,"master_deck":["AscendersBane","Strike_B","Strike_B","Strike_B","Defend_B","Defend_B","Defend_B","Zap+1","Dualcast+1","Purity+1","Glacier","FTL","Go for the Eyes+1","Doom and Gloom","Ball Lightning","Steam","Fission+1","Ball Lightning","Capacitor","Seek","BootSequence+1","Hologram+1","Recycle","Defragment","Defragment+1"],"special_seed":0,"relics":["Cracked Core","Bag of Marbles","DataDisk","Art of War","Inserter","Letter Opener","War Paint"],"potions_floor_usage":[28],"damage_taken":[{"damage":2.0,"enemies":"Small Slimes","floor":1.0,"turns":4.0},{"damage":0.0,"enemies":"Cultist","floor":3.0,"turns":3.0},{"damage":0.0,"enemies":"Jaw Worm","floor":5.0,"turns":3.0},{"damage":28.0,"enemies":"3 Sentries","floor":7.0,"turns":5.0},{"damage":18.0,"enemies":"Exordium Thugs","floor":8.0,"turns":4.0},{"damage":0.0,"enemies":"Large Slime","floor":10.0,"turns":3.0},{"damage":0.0,"enemies":"Lots of Slimes","floor":11.0,"turns":1.0},{"damage":11.0,"enemies":"Lagavulin","floor":14.0,"turns":6.0},{"damage":5.0,"enemies":"Hexaghost","floor":16.0,"turns":8.0},{"damage":16.0,"enemies":"Spheric Guardian","floor":18.0,"turns":4.0},{"damage":7.0,"enemies":"3 Byrds","floor":19.0,"turns":3.0},{"damage":9.0,"enemies":"Slavers","floor":23.0,"turns":6.0},{"damage":0.0,"enemies":"Centurion and Healer","floor":24.0,"turns":8.0},{"damage":7,"enemies":"3 Cultists","floor":25,"turns":5},{"damage":5,"enemies":"Snake Plant","floor":28,"turns":2},{"damage":46,"enemies":"Cultist and Chosen","floor":30,"turns":4}],"seed_played":"592837184652193591","potions_obtained":[{"floor":5.0,"key":"Block Potion"},{"floor":11.0,"key":"SkillPotion"},{"floor":14.0,"key":"FocusPotion"},{"floor":16.0,"key":"Energy Potion"},{"floor":19.0,"key":"SmokeBomb"},{"floor":24.0,"key":"LiquidBronze"},{"floor":25,"key":"SkillPotion"}],"is_trial":false,"path_per_floor":["M","?","M","$","M","R","E","M","T","M","M","R","$","E","R","B",null,"M","M","?","?","$","E","M","M","T","R","M","R","M"],"character_chosen":"DEFECT","items_purchased":["Doom and Gloom","Fire Potion","Fire Potion"],"campfire_rested":2,"item_purchase_floors":[4,13,22],"current_hp_per_floor":[62,62,62,62,62,62,34,16,16,16,16,37,37,26,26,21,59,43,36,36,36,36,27,27,20,20,41,36,36,0],"gold":92,"neow_bonus":"RANDOM_COLORLESS","is_prod":false,"is_daily":false,"chose_seed":false,"campfire_upgraded":3,"win_rate":0,"timestamp":1566864713,"path_taken":["M","?","M","$","M","R","E","M","T","M","?","R","?","E","R","BOSS","M","M","?","?","$","E","M","M","T","R","?","R","M"],"build_version":"2019-07-17","purchased_purges":2,"victory":false,"max_hp_per_floor":[71,71,71,71,71,71,71,71,71,71,71,71,71,71,71,71,71,71,71,71,71,71,71,71,71,71,71,71,71,71],"card_choices":[{"not_picked":["Gash","Fusion"],"picked":"Glacier","floor":1.0},{"not_picked":["Fusion","Redo"],"picked":"Go for the Eyes","floor":3.0},{"not_picked":["Rebound","Glacier"],"picked":"Ball Lightning","floor":5.0},{"not_picked":["Doom and Gloom","Sweeping Beam"],"picked":"Steam","floor":7.0},{"not_picked":["Darkness","Scrape"],"picked":"Fission","floor":8.0},{"not_picked":["Redo","Auto Shields"],"picked":"Ball Lightning","floor":10.0},{"not_picked":["Beam Cell","Hologram"],"picked":"Capacitor","floor":11.0},{"not_picked":["Stack","Ball Lightning","Self Repair"],"picked":"SKIP","floor":14.0},{"not_picked":["Machine Learning","Thunder Strike"],"picked":"Seek","floor":16.0},{"not_picked":["Aggregate","Darkness","Sweeping Beam"],"picked":"SKIP","floor":18.0},{"not_picked":["Sweeping Beam","Aggregate"],"picked":"BootSequence+1","floor":19.0},{"not_picked":["Steam Power","Storm"],"picked":"Hologram+1","floor":23.0},{"not_picked":["Heatsinks","Ball Lightning+1"],"picked":"Recycle","floor":24.0},{"not_picked":["Ball Lightning","Glacier+1"],"picked":"Defragment","floor":25},{"not_picked":["Heatsinks","Steam"],"picked":"Defragment","floor":28}],"player_experience":1515729,"relics_obtained":[{"floor":7.0,"key":"Bag of Marbles"},{"floor":9.0,"key":"DataDisk"},{"floor":14.0,"key":"Art of War"},{"floor":23.0,"key":"War Paint"}],"event_choices":[{"damage_healed":0.0,"max_hp_gain":0.0,"max_hp_loss":0.0,"gold_gain":0.0,"cards_transformed":["Defend_B"],"event_name":"Transmorgrifier","player_choice":"Transformed","floor":2.0,"gold_loss":0.0,"damage_taken":0.0,"cards_obtained":["FTL"]},{"damage_healed":0.0,"max_hp_gain":0.0,"max_hp_loss":0.0,"gold_gain":0.0,"event_name":"The Mausoleum","player_choice":"Opened","floor":20.0,"gold_loss":0.0,"damage_taken":0.0,"relics_obtained":["Letter Opener"],"cards_obtained":["Writhe"]},{"damage_healed":0.0,"max_hp_gain":0.0,"max_hp_loss":0.0,"gold_gain":0.0,"event_name":"Upgrade Shrine","player_choice":"Upgraded","floor":21.0,"gold_loss":0.0,"damage_taken":0.0,"cards_upgraded":["Zap"]}],"is_beta":false,"boss_relics":[{"not_picked":["FrozenCore","Eternal Feather"],"picked":"Inserter"}],"items_purged_floors":[13,22],"is_endless":false,"potions_floor_spawned":[5,11,14,16,18,19,24,25],"killed_by":"Cultist and Chosen","ascension_level":20}