{"gold_per_floor":[119,136,150,75,75,75,89,89,160,160,180,206,52,65,65,165,165,176,190,202,127,127,127,147,176,176,176,195,209,209,64,64,169,169,182,193,68,168,18,50,50,69,69,69],"floor_reached":44,"playtime":2553,"items_purged":["Strike_B","Defend_B","Defend_B","Defend_B"],"score":510,"play_id":"1f6f5192-14d6-443b-9713-2736eb77cf82","local_time":"20190629203642","is_ascension_mode":false,"campfire_choices":[{"data":"Defragment","floor":6.0,"key":"SMITH"},{"data":"Zap","floor":8.0,"key":"SMITH"},{"data":"Ball Lightning","floor":10.0,"key":"SMITH"},{"data":"Ball Lightning","floor":15.0,"key":"SMITH"},{"data":"Creative AI","floor":23,"key":"SMITH"},{"data":"Capacitor","floor":27,"key":"SMITH"},{"data":"Capacitor","floor":32,"key":"SMITH"}],"neow_cost":"NONE","seed_source_timestamp":692777043574553,"circlet_count":0,"master_deck":["Zap+1","Dualcast","Glacier","Ball Lightning+1","Defragment+1","Ball Lightning+1","Chill","Compile Driver","Creative AI+1","Steam+1","Conserve Battery","Iron Wave","Capacitor+1","Coolheaded","Buffer","Capacitor+1","Coolheaded","Seek","Hologram+1","Reboot","Biased Cognition+1"],"special_seed":0,"relics":["Cracked Core","Bag of Preparation","Bottled Lightning","Regal Pillow","Lantern","Empty Cage","Bag of Marbles","Prayer Wheel","Nloth\u0027s Gift","Black Star","Incense Burner","Frozen Egg 2","Bottled Tornado","Vajra"],"potions_floor_usage":[19,20,35,44],"damage_taken":[{"damage":0.0,"enemies":"Cultist","floor":1.0,"turns":1.0},{"damage":0.0,"enemies":"Small Slimes","floor":2.0,"turns":1.0},{"damage":0.0,"enemies":"2 Louse","floor":3.0,"turns":1.0},{"damage":0.0,"enemies":"Red Slaver","floor":7.0,"turns":4.0},{"damage":0.0,"enemies":"Looter","floor":11.0,"turns":3.0},{"damage":3.0,"enemies":"Gremlin Nob","floor":12.0,"turns":3.0},{"damage":0.0,"enemies":"Exordium Thugs","floor":14.0,"turns":3.0},{"damage":0.0,"enemies":"The Guardian","floor":16.0,"turns":10.0},{"damage":0,"enemies":"Shell Parasite","floor":18,"turns":9},{"damage":0,"enemies":"2 Thieves","floor":19,"turns":4},{"damage":0,"enemies":"Cultist and Chosen","floor":20,"turns":7},{"damage":0,"enemies":"Chosen and Byrds","floor":24,"turns":6},{"damage":25,"enemies":"Gremlin Leader","floor":25,"turns":9},{"damage":0,"enemies":"Centurion and Healer","floor":28,"turns":8},{"damage":2,"enemies":"Snake Plant","floor":29,"turns":6},{"damage":5,"enemies":"Champ","floor":33,"turns":27},{"damage":0,"enemies":"3 Darklings","floor":35,"turns":6},{"damage":6,"enemies":"Orb Walker","floor":36,"turns":5},{"damage":2,"enemies":"Mind Bloom Boss Battle","floor":38,"turns":9},{"damage":9,"enemies":"Nemesis","floor":40,"turns":11},{"damage":0,"enemies":"Maw","floor":42,"turns":9},{"damage":60,"enemies":"2 Orb Walkers","floor":44,"turns":7}],"seed_played":"6141009146718844433","potions_obtained":[{"floor":3.0,"key":"SpeedPotion"},{"floor":14.0,"key":"SkillPotion"},{"floor":16.0,"key":"Dexterity Potion"},{"floor":19,"key":"Fire Potion"},{"floor":25,"key":"Explosive Potion"},{"floor":28,"key":"Weak Potion"},{"floor":36,"key":"Strength Potion"}],"is_trial":false,"path_per_floor":["M","M","M","$","?","R","M","R","T","R","M","E","$","M","R","B",null,"M","M","M","?","?","R","M","E","T","R","M","M","?","$","R","B",null,"M","M","$","?","$","E","?","M","T","?"],"character_chosen":"DEFECT","items_purchased":["Lantern","Coolheaded"],"campfire_rested":0,"item_purchase_floors":[13,31],"current_hp_per_floor":[75,75,75,75,72,72,72,72,72,72,72,69,69,69,69,69,75,75,75,75,75,75,75,75,50,50,50,50,48,48,48,48,43,75,75,69,69,67,67,58,58,58,58,0],"gold":69,"neow_bonus":"THREE_ENEMY_KILL","is_prod":false,"is_daily":false,"chose_seed":false,"campfire_upgraded":7,"win_rate":0.0,"timestamp":1561808202,"path_taken":["M","?","M","$","?","R","M","R","T","R","M","E","$","M","R","BOSS","M","M","M","?","?","R","M","E","T","R","?","M","?","$","R","BOSS","M","M","$","?","?","E","?","?","T","?"],"build_version":"2019-01-23","purchased_purges":4,"victory":false,"max_hp_per_floor":[75,75,75,75,75,75,75,75,75,75,75,75,75,75,75,75,75,75,75,75,75,75,75,75,75,75,75,75,75,75,75,75,75,75,75,75,75,75,75,75,71,71,71,71],"card_choices":[{"not_picked":["Stack","Conserve Battery"],"picked":"Glacier","floor":1.0},{"not_picked":["Sweeping Beam","Streamline"],"picked":"Ball Lightning","floor":2.0},{"not_picked":["Conserve Battery","Fission"],"picked":"Defragment","floor":3.0},{"not_picked":["Go for the Eyes","Hologram"],"picked":"Ball Lightning","floor":7.0},{"not_picked":["Streamline","Heatsinks"],"picked":"Chill","floor":11.0},{"not_picked":["Steam Power","Redo","Aggregate"],"picked":"SKIP","floor":12.0},{"not_picked":["Stack","Melter"],"picked":"Compile Driver","floor":14.0},{"not_picked":["All For One","Multi-Cast"],"picked":"Creative AI","floor":16.0},{"not_picked":["Static Discharge+1","Streamline"],"picked":"Steam+1","floor":18},{"not_picked":["Scrape","Force Field"],"picked":"Conserve Battery","floor":19},{"not_picked":["Steam Power","Ball Lightning+1","Leap"],"picked":"SKIP","floor":20},{"not_picked":["Barrage","All For One","Streamline"],"picked":"SKIP","floor":24},{"not_picked":["Ball Lightning","Gash"],"picked":"Capacitor","floor":25},{"not_picked":["Cold Snap","Ball Lightning+1"],"picked":"Coolheaded","floor":28},{"not_picked":["Conserve Battery","Chill","Sweeping Beam"],"picked":"SKIP","floor":28},{"not_picked":["Barrage","Leap"],"picked":"Buffer","floor":29},{"not_picked":["Ball Lightning+1","Coolheaded"],"picked":"Capacitor","floor":29},{"not_picked":["Multi-Cast","Creative AI"],"picked":"Seek","floor":33},{"not_picked":["Cold Snap","Heatsinks","Compile Driver"],"picked":"SKIP","floor":35},{"not_picked":["Compile Driver","Force Field","Sweeping Beam"],"picked":"SKIP","floor":35},{"not_picked":["Scrape+1","Streamline+1"],"picked":"Hologram+1","floor":36},{"not_picked":["Gash+1","Self Repair+1","Steam"],"picked":"SKIP","floor":36},{"not_picked":["Melter+1","Compile Driver+1"],"picked":"Reboot","floor":38},{"not_picked":["Leap+1","Steam+1","Ball Lightning"],"picked":"SKIP","floor":40},{"not_picked":["Steam+1","Hologram"],"picked":"Biased Cognition+1","floor":42},{"not_picked":["Capacitor+1","Redo+1","Compile Driver+1"],"picked":"SKIP","floor":42}],"player_experience":9171,"relics_obtained":[{"floor":9.0,"key":"Bottled Lightning"},{"floor":12.0,"key":"Regal Pillow"},{"floor":25,"key":"Bag of Marbles"},{"floor":26,"key":"Prayer Wheel"},{"floor":38,"key":"Incense Burner"},{"floor":40,"key":"Frozen Egg 2"},{"floor":40,"key":"Bottled Tornado"},{"floor":43,"key":"Vajra"}],"event_choices":[{"damage_healed":0.0,"max_hp_gain":0.0,"max_hp_loss":0.0,"gold_gain":0.0,"event_name":"Scrap Ooze","player_choice":"Success","floor":5.0,"gold_loss":0.0,"damage_taken":3.0,"relics_obtained":["Bag of Preparation"]},{"cards_removed":["Strike_B"],"damage_healed":0,"gold_gain":0,"player_choice":"Gave Gold","damage_taken":0,"max_hp_gain":0,"max_hp_loss":0,"event_name":"Beggar","floor":21,"gold_loss":75},{"cards_removed":["Defend_B"],"damage_healed":0,"gold_gain":0,"player_choice":"Took Card","damage_taken":0,"max_hp_gain":0,"max_hp_loss":0,"event_name":"NoteForYourself","floor":22,"gold_loss":0,"cards_obtained":["Iron Wave"]},{"damage_healed":0,"gold_gain":0,"player_choice":"Traded Relic","damage_taken":0,"relics_obtained":["Nloth\u0027s Gift"],"max_hp_gain":0,"max_hp_loss":0,"event_name":"N\u0027loth","floor":30,"relics_lost":["NeowsBlessing"],"gold_loss":0},{"damage_healed":0,"gold_gain":0,"player_choice":"Fight","damage_taken":0,"max_hp_gain":0,"max_hp_loss":0,"event_name":"MindBloom","floor":38,"gold_loss":0},{"damage_healed":0,"gold_gain":0,"player_choice":"Max HP","damage_taken":0,"max_hp_gain":0,"max_hp_loss":4,"event_name":"Winding Halls","floor":41,"gold_loss":0},{"damage_healed":0,"gold_gain":0,"player_choice":"Fight","damage_taken":0,"max_hp_gain":0,"max_hp_loss":0,"event_name":"Mysterious Sphere","floor":44,"gold_loss":0}],"is_beta":false,"boss_relics":[{"not_picked":["Eternal Feather","Astrolabe"],"picked":"Empty Cage"},{"not_picked":["FrozenCore","White Beast Statue"],"picked":"Black Star"}],"items_purged_floors":[4,31,37,39],"is_endless":false,"potions_floor_spawned":[3,14,16,19,25,28,36],"killed_by":"2 Orb Walkers","ascension_level":0}