{"gold_per_floor":[125,137,164,176,208,220,294,306,318,350,378,390,419,441,453,560,572,594,516,133,148,162,191,203,203,227,227,300,300,334,351,351,447,447,458,1,1,1,18,18,49,67,143,243,243,143,158,176,176,176],"floor_reached":51,"playtime":2810,"items_purged":["Strike_R","Strike_R+1"],"score":744,"play_id":"63cd2158-f6f2-4049-b858-8583d6afbba5","local_time":"20190709214322","is_ascension_mode":false,"campfire_choices":[{"data":"Bash","floor":6,"key":"SMITH"},{"data":"Demon Form","floor":8,"key":"SMITH"},{"data":"Disarm","floor":15,"key":"SMITH"},{"floor":29,"key":"REST"},{"floor":32,"key":"RECALL"},{"floor":40,"key":"REST"},{"floor":49,"key":"REST"}],"neow_cost":"NONE","seed_source_timestamp":1560637613882559,"circlet_count":0,"master_deck":["Strike_R+1","Defend_R","Defend_R","Defend_R","Defend_R","Bash+1","Twin Strike","True Grit+1","Demon Form+1","Shrug It Off","Carnage+1","Body Slam+1","Disarm+1","Reaper+1","Headbutt+1","Feel No Pain","Shrug It Off","Sword Boomerang+1","Dual Wield","Shrug It Off","Exhume","Disarm+1","Demon Form+1","Madness","Madness","Strike_G","Disarm","Metallicize","Warcry"],"relics":["Burning Blood","MawBank","Tiny Chest","Molten Egg 2","Paper Frog","Fusion Hammer","Bag of Preparation","Ancient Tea Set","Nilry\u0027s Codex","Bronze Scales","Gremlin Horn","Champion Belt","Sozu","DollysMirror","Dodecahedron","PreservedInsect","Question Card","Mango"],"potions_floor_usage":[50,50,50],"damage_taken":[{"damage":0,"enemies":"Small Slimes","floor":1,"turns":3},{"damage":6,"enemies":"Jaw Worm","floor":3,"turns":3},{"damage":0,"enemies":"2 Louse","floor":5,"turns":3},{"damage":34,"enemies":"Lagavulin","floor":7,"turns":9},{"damage":11,"enemies":"Gremlin Gang","floor":10,"turns":11},{"damage":0,"enemies":"3 Louse","floor":11,"turns":3},{"damage":6,"enemies":"Large Slime","floor":13,"turns":7},{"damage":5,"enemies":"Looter","floor":14,"turns":2},{"damage":17,"enemies":"Hexaghost","floor":16,"turns":8},{"damage":0,"enemies":"Chosen","floor":18,"turns":3},{"damage":0,"enemies":"Spheric Guardian","floor":21,"turns":3},{"damage":8,"enemies":"Snake Plant","floor":22,"turns":5},{"damage":19,"enemies":"Book of Stabbing","floor":23,"turns":5},{"damage":11,"enemies":"Centurion and Healer","floor":24,"turns":6},{"damage":16,"enemies":"Slavers","floor":30,"turns":6},{"damage":4,"enemies":"Cultist and Chosen","floor":31,"turns":6},{"damage":16,"enemies":"Champ","floor":33,"turns":8},{"damage":6,"enemies":"3 Darklings","floor":35,"turns":5},{"damage":24,"enemies":"3 Shapes","floor":39,"turns":7},{"damage":15,"enemies":"Giant Head","floor":41,"turns":6},{"damage":16,"enemies":"Writhing Mass","floor":42,"turns":9},{"damage":0,"enemies":"Mind Bloom Boss Battle","floor":44,"turns":8},{"damage":24,"enemies":"3 Darklings","floor":47,"turns":4},{"damage":28,"enemies":"Maw","floor":48,"turns":7},{"damage":39,"enemies":"Time Eater","floor":50,"turns":9}],"seed_played":"-3835411886216889007","potions_obtained":[{"floor":1,"key":"Ancient Potion"},{"floor":5,"key":"SpeedPotion"},{"floor":10,"key":"Poison Potion"},{"floor":14,"key":"FearPotion"},{"floor":30,"key":"Swift Potion"}],"is_trial":false,"path_per_floor":["M","?","M","?","M","R","E","R","T","M","M","T","M","M","R","B",null,"M","?","$","M","M","E","M","?","T","?","T","R","E","M","R","B",null,"M","$","?","?","M","R","E","M","T","?","?","$","M","M","R","B",null],"character_chosen":"IRONCLAD","items_purchased":["Feel No Pain","Bag of Preparation","Dexterity Potion","Shrug It Off","DollysMirror","Dodecahedron"],"campfire_rested":3,"item_purchase_floors":[20,20,20,20,36,36],"current_hp_per_floor":[80,80,80,64,70,70,42,42,42,37,43,43,43,44,44,33,80,80,80,80,80,80,80,80,64,64,64,64,80,80,80,80,80,80,80,80,70,70,80,80,80,72,72,94,94,94,94,94,94,94],"gold":176,"neow_bonus":"RANDOM_COMMON_RELIC","is_prod":false,"is_daily":false,"chose_seed":false,"campfire_upgraded":3,"win_rate":1,"timestamp":1562676202,"path_taken":["M","?","M","?","M","R","E","R","T","M","M","?","M","M","R","BOSS","M","?","$","M","?","E","M","?","T","?","?","R","E","M","R","BOSS","M","$","?","?","?","R","E","M","T","?","?","$","M","M","R","BOSS"],"build_version":"2019-07-05","purchased_purges":2,"victory":true,"max_hp_per_floor":[80,80,80,80,80,80,80,80,80,80,80,80,80,80,80,80,80,80,80,80,80,80,80,80,80,80,80,80,80,80,80,80,80,80,80,80,80,80,80,80,80,80,80,94,94,94,94,94,94,94],"card_choices":[{"not_picked":["Rupture","Perfected Strike"],"picked":"Twin Strike","floor":1},{"not_picked":["Shrug It Off","Evolve"],"picked":"True Grit","floor":3},{"not_picked":["Cleave","Bloodletting"],"picked":"Shrug It Off","floor":5},{"not_picked":["Inflame","Armaments"],"picked":"Demon Form","floor":7},{"not_picked":["Heavy Blade+1","Flex"],"picked":"Shrug It Off","floor":10},{"not_picked":["Warcry","Armaments"],"picked":"Carnage+1","floor":11},{"not_picked":["Power Through","Perfected Strike+1"],"picked":"Body Slam+1","floor":13},{"not_picked":["Warcry","Infernal Blade"],"picked":"Disarm","floor":14},{"not_picked":["Limit Break","Demon Form"],"picked":"Reaper+1","floor":16},{"not_picked":["Rupture","Searing Blow+1"],"picked":"Headbutt+1","floor":18},{"not_picked":["Thunderclap+1","Iron Wave+1"],"picked":"Sword Boomerang+1","floor":21},{"not_picked":["Body Slam+1","Hemokinesis+1","Combust+1"],"picked":"SKIP","floor":22},{"not_picked":["Shrug It Off","Flex"],"picked":"Dual Wield","floor":23},{"not_picked":["Sentinel","Intimidate","Rage"],"picked":"SKIP","floor":24},{"not_picked":["Thunderclap+1","Corruption","Bloodletting+1"],"picked":"SKIP","floor":30},{"not_picked":["Perfected Strike+1","Sentinel"],"picked":"Shrug It Off","floor":31},{"not_picked":["Brutality","Dark Embrace"],"picked":"Exhume","floor":33},{"not_picked":["Dual Wield+1","Cleave+1"],"picked":"Disarm+1","floor":35},{"not_picked":["Thunderclap+1","Warcry+1"],"picked":"Disarm","floor":39},{"not_picked":["Rampage+1","Power Through+1"],"picked":"Metallicize","floor":41},{"not_picked":["Wild Strike+1","Pommel Strike+1"],"picked":"Warcry","floor":42},{"not_picked":["Sword Boomerang+1","Headbutt+1","Perfected Strike+1","Bloodletting+1"],"picked":"SKIP","floor":47},{"not_picked":["Sword Boomerang+1","Anger+1","Body Slam+1","Seeing Red"],"picked":"SKIP","floor":48}],"player_experience":56450,"relics_obtained":[{"floor":7,"key":"Tiny Chest"},{"floor":9,"key":"Molten Egg 2"},{"floor":12,"key":"Paper Frog"},{"floor":23,"key":"Ancient Tea Set"},{"floor":25,"key":"Nilry\u0027s Codex"},{"floor":26,"key":"Bronze Scales"},{"floor":28,"key":"Gremlin Horn"},{"floor":30,"key":"Champion Belt"},{"floor":41,"key":"PreservedInsect"},{"floor":43,"key":"Question Card"},{"floor":44,"key":"Mango"}],"event_choices":[{"damage_healed":0,"gold_gain":0,"player_choice":"Ignored","damage_taken":0,"max_hp_gain":0,"max_hp_loss":0,"event_name":"Liars Game","floor":2,"gold_loss":0},{"damage_healed":0,"gold_gain":0,"player_choice":"Entered Light","damage_taken":16,"max_hp_gain":0,"max_hp_loss":0,"event_name":"Shining Light","floor":4,"gold_loss":0,"cards_upgraded":["True Grit","Strike_R"]},{"cards_removed":["Strike_R"],"damage_healed":0,"gold_gain":0,"player_choice":"Upgrade and Remove","damage_taken":0,"max_hp_gain":0,"max_hp_loss":0,"event_name":"Designer","floor":19,"gold_loss":90,"cards_upgraded":["Strike_R"]},{"damage_healed":0,"gold_gain":0,"player_choice":"Obtained Book","damage_taken":16,"max_hp_gain":0,"max_hp_loss":0,"event_name":"Cursed Tome","floor":25,"gold_loss":0},{"damage_healed":0,"gold_gain":0,"player_choice":"Ignored","damage_taken":0,"max_hp_gain":0,"max_hp_loss":0,"event_name":"Vampires","floor":27,"gold_loss":0},{"damage_healed":0,"gold_gain":0,"player_choice":"Embrace Madness","damage_taken":10,"max_hp_gain":0,"max_hp_loss":0,"event_name":"Winding Halls","floor":37,"gold_loss":0,"cards_obtained":["Madness","Madness"]},{"cards_removed":["Shrug It Off"],"damage_healed":0,"gold_gain":0,"player_choice":"Took Card","damage_taken":0,"max_hp_gain":0,"max_hp_loss":0,"event_name":"NoteForYourself","floor":38,"gold_loss":0,"cards_obtained":["Strike_G"]},{"damage_healed":0,"gold_gain":0,"player_choice":"Fight","damage_taken":0,"max_hp_gain":0,"max_hp_loss":0,"event_name":"MindBloom","floor":44,"gold_loss":0},{"cards_removed":["Strike_R"],"damage_healed":0,"gold_gain":0,"player_choice":"Offered Basic","damage_taken":0,"max_hp_gain":0,"max_hp_loss":0,"event_name":"Bonfire Elementals","floor":45,"gold_loss":0}],"is_beta":false,"boss_relics":[{"not_picked":["Tiny House","Orrery"],"picked":"Fusion Hammer"},{"not_picked":["Runic Cube","Pandora\u0027s Box"],"picked":"Sozu"}],"items_purged_floors":[20,46],"is_endless":false,"potions_floor_spawned":[1,5,10,14,21,30,31,33,39,41,44],"ascension_level":0}