{"gold_per_floor":[118,135,145,162,112,112,140,156,156,156,156,1,33,62,62,164,164,181,451,461,471,484,484,109,138,138,138,157,170,170,85,85,181,181,194,194,194,9,22,51,51,51,51,51,67,78,78,97,97,97],"floor_reached":51,"playtime":2275,"items_purged":["Strike_R"],"score":742,"play_id":"338faf4f-a259-4dbb-9e6e-d1e49a17f17d","local_time":"20190831180213","is_ascension_mode":false,"campfire_choices":[{"data":"Carnage","floor":6,"key":"SMITH"},{"data":"Infernal Blade","floor":11,"key":"SMITH"},{"data":"Spot Weakness","floor":15,"key":"SMITH"},{"data":"Fiend Fire","floor":23,"key":"SMITH"},{"floor":27,"key":"REST"},{"data":"Immolate","floor":30,"key":"SMITH"},{"floor":32,"key":"REST"},{"data":"Metallicize","floor":42,"key":"SMITH"},{"data":"Apotheosis","floor":44,"key":"SMITH"},{"data":"Offering","floor":47,"key":"SMITH"},{"data":"Shrug It Off","floor":49,"key":"SMITH"}],"neow_cost":"NONE","seed_source_timestamp":947424796081100,"circlet_count":0,"master_deck":["Strike_R","Strike_R","Defend_R","Defend_R","Defend_R","Bash+1","Feel No Pain","Carnage+1","Cleave","Spot Weakness+1","Dual Wield+1","Infernal Blade+1","Immolate+1","Shrug It Off+1","Clash","Fiend Fire+1","Thunderclap+1","Clash","Dual Wield","Flex+1","Metallicize+1","Feed","Apotheosis+1","Shrug It Off+1","Shrug It Off+1","Cleave","Offering+1","True Grit+1","Flame Barrier"],"relics":["Burning Blood","Orichalcum","Sundial","WingedGreaves","Letter Opener","Velvet Choker","Oddly Smooth Stone","Red Skull","Shuriken","Bottled Flame","Mummified Hand","Sozu","Bronze Scales","Happy Flower","Calipers"],"potions_floor_usage":[21,22,25,28,50,50,50],"damage_taken":[{"damage":2,"enemies":"2 Louse","floor":1,"turns":3},{"damage":8,"enemies":"Jaw Worm","floor":2,"turns":3},{"damage":5,"enemies":"Small Slimes","floor":3,"turns":4},{"damage":5,"enemies":"Exordium Thugs","floor":4,"turns":4},{"damage":8,"enemies":"Gremlin Nob","floor":7,"turns":3},{"damage":0,"enemies":"Large Slime","floor":8,"turns":5},{"damage":10,"enemies":"3 Sentries","floor":13,"turns":3},{"damage":19,"enemies":"Gremlin Nob","floor":14,"turns":4},{"damage":35,"enemies":"Hexaghost","floor":16,"turns":8},{"damage":0,"enemies":"3 Byrds","floor":18,"turns":3},{"damage":4,"enemies":"Chosen","floor":20,"turns":3},{"damage":0,"enemies":"Centurion and Healer","floor":21,"turns":2},{"damage":0,"enemies":"Snake Plant","floor":22,"turns":3},{"damage":54,"enemies":"Book of Stabbing","floor":25,"turns":6},{"damage":6,"enemies":"Shelled Parasite and Fungi","floor":28,"turns":2},{"damage":7,"enemies":"Cultist and Chosen","floor":29,"turns":3},{"damage":55,"enemies":"Automaton","floor":33,"turns":10},{"damage":0,"enemies":"3 Shapes","floor":35,"turns":2},{"damage":5,"enemies":"3 Darklings","floor":39,"turns":6},{"damage":7,"enemies":"Giant Head","floor":40,"turns":7},{"damage":3,"enemies":"4 Shapes","floor":45,"turns":5},{"damage":17,"enemies":"Spire Growth","floor":46,"turns":3},{"damage":1,"enemies":"Sphere and 2 Shapes","floor":48,"turns":14},{"damage":27,"enemies":"Awakened One","floor":50,"turns":10}],"seed_played":"8115049671775539018","potions_obtained":[{"floor":1,"key":"Block Potion"},{"floor":2,"key":"Dexterity Potion"},{"floor":14,"key":"SpeedPotion"},{"floor":16,"key":"Block Potion"},{"floor":21,"key":"Block Potion"},{"floor":25,"key":"Weak Potion"},{"floor":29,"key":"GamblersBrew"},{"floor":33,"key":"Swift Potion"}],"is_trial":false,"path_per_floor":["M","M","M","M","?","R","E","M","T","?","R","$","E","E","R","B",null,"M","?","M","M","M","R","$","E","T","R","M","M","R","?","R","B",null,"M","?","?","$","M","E","?","R","T","R","M","M","R","M","R","B",null],"character_chosen":"IRONCLAD","items_purchased":["Immolate","Oddly Smooth Stone","Red Skull","Apotheosis"],"campfire_rested":2,"item_purchase_floors":[12,24,24,38],"current_hp_per_floor":[80,78,79,80,80,80,78,80,80,80,80,80,76,63,63,34,80,80,48,50,56,62,62,62,14,14,38,38,37,37,37,61,12,80,80,80,80,80,84,83,83,83,83,83,87,76,76,89,89,68],"gold":97,"neow_bonus":"UPGRADE_CARD","is_prod":false,"is_daily":false,"chose_seed":false,"campfire_upgraded":9,"win_rate":0,"timestamp":1567242133,"path_taken":["M","M","M","M","?","R","E","M","T","?","R","$","E","E","R","BOSS","M","?","?","M","M","R","$","E","T","R","M","M","R","?","R","BOSS","M","?","?","$","?","E","?","R","T","R","?","?","R","M","R","BOSS"],"build_version":"2019-07-17","purchased_purges":1,"victory":true,"max_hp_per_floor":[80,80,80,80,80,80,80,80,80,80,80,80,80,80,80,80,80,80,80,80,80,80,80,80,80,80,80,80,80,80,80,80,80,80,80,80,80,80,84,84,84,84,84,84,87,87,87,95,95,95],"card_choices":[{"not_picked":["Searing Blow","Rupture"],"picked":"Feel No Pain","floor":1},{"not_picked":["Body Slam","Seeing Red"],"picked":"Carnage","floor":2},{"not_picked":["Corruption","Perfected Strike"],"picked":"Cleave","floor":3},{"not_picked":["Searing Blow","Twin Strike"],"picked":"Spot Weakness","floor":4},{"not_picked":["Reckless Charge","Power Through"],"picked":"Dual Wield","floor":7},{"not_picked":["Armaments","Pommel Strike"],"picked":"Infernal Blade","floor":8},{"not_picked":["Entrench","Sentinel"],"picked":"Shrug It Off","floor":13},{"not_picked":["Feel No Pain","Reckless Charge"],"picked":"Clash","floor":14},{"not_picked":["Exhume","Immolate"],"picked":"Fiend Fire","floor":16},{"not_picked":["Pommel Strike","Warcry"],"picked":"Thunderclap+1","floor":18},{"not_picked":["Clothesline+1","Headbutt"],"picked":"Clash","floor":20},{"not_picked":["Cleave+1","Iron Wave"],"picked":"Evolve","floor":21},{"not_picked":["Fiend Fire","Rampage"],"picked":"Dual Wield","floor":22},{"not_picked":["Entrench","Evolve+1"],"picked":"Flex+1","floor":25},{"not_picked":["Body Slam+1","Pommel Strike"],"picked":"Metallicize","floor":28},{"not_picked":["Body Slam+1","True Grit","Combust"],"picked":"SKIP","floor":29},{"not_picked":["Barricade","Fiend Fire"],"picked":"Feed","floor":33},{"not_picked":["Seeing Red","Carnage","Bloodletting"],"picked":"SKIP","floor":35},{"not_picked":["Thunderclap","Combust"],"picked":"Shrug It Off+1","floor":39},{"not_picked":["Pommel Strike+1","Uppercut+1"],"picked":"Shrug It Off+1","floor":40},{"not_picked":["Feel No Pain+1","Carnage+1"],"picked":"Offering","floor":45},{"not_picked":["Clothesline+1","Dropkick+1"],"picked":"True Grit+1","floor":46},{"not_picked":["Warcry","Thunderclap+1"],"picked":"Flame Barrier","floor":48}],"player_experience":314066,"relics_obtained":[{"floor":7,"key":"Orichalcum"},{"floor":9,"key":"Sundial"},{"floor":13,"key":"WingedGreaves"},{"floor":14,"key":"Letter Opener"},{"floor":25,"key":"Shuriken"},{"floor":26,"key":"Bottled Flame"},{"floor":40,"key":"Happy Flower"},{"floor":43,"key":"Calipers"}],"event_choices":[{"cards_removed":["Strike_R"],"damage_healed":0,"gold_gain":0,"player_choice":"Card Removal","damage_taken":0,"max_hp_gain":0,"max_hp_loss":0,"event_name":"The Cleric","floor":5,"gold_loss":50},{"damage_healed":0,"gold_gain":0,"player_choice":"Grow","damage_taken":0,"max_hp_gain":0,"max_hp_loss":0,"event_name":"Living Wall","floor":10,"gold_loss":0,"cards_upgraded":["Dual Wield"]},{"damage_healed":0,"gold_gain":270,"player_choice":"GOLD GOLD GOLD ","damage_taken":32,"max_hp_gain":0,"max_hp_loss":0,"event_name":"Knowing Skull","floor":19,"potions_obtained":[],"gold_loss":0,"cards_obtained":[]},{"damage_healed":0,"gold_gain":0,"player_choice":"Obtained Relic","damage_taken":0,"relics_obtained":["Mummified Hand"],"max_hp_gain":0,"max_hp_loss":0,"event_name":"Addict","floor":31,"gold_loss":85},{"cards_removed":["Defend_R"],"damage_healed":0,"gold_gain":0,"player_choice":"Removed Skill","damage_taken":0,"max_hp_gain":0,"max_hp_loss":0,"event_name":"Falling","floor":36,"gold_loss":0},{"cards_removed":["Evolve"],"damage_healed":0,"gold_gain":0,"player_choice":"Gave Card","damage_taken":0,"relics_obtained":["Bronze Scales"],"max_hp_gain":0,"max_hp_loss":0,"event_name":"WeMeetAgain","floor":37,"gold_loss":0},{"damage_healed":0,"gold_gain":0,"cards_transformed":["Strike_R"],"player_choice":"Transformed","damage_taken":0,"max_hp_gain":0,"max_hp_loss":0,"event_name":"Transmorgrifier","floor":41,"gold_loss":0,"cards_obtained":["Cleave"]}],"is_beta":false,"boss_relics":[{"not_picked":["Coffee Dripper","Runic Dome"],"picked":"Velvet Choker"},{"not_picked":["Black Blood","Runic Cube"],"picked":"Sozu"}],"items_purged_floors":[24],"is_endless":false,"potions_floor_spawned":[1,2,14,16,18,21,25,29,33,39,40,46],"ascension_level":0}