{"gold_per_floor":[119,139,11,11,29,29,58,76,76,76,76,116,144,44,44,138,138,159,159,159,178,13,13,46,98,98,118,133,172,172,216,216,216],"floor_reached":33,"playtime":1211,"items_purged":["Strike_B","Strike_B"],"score":672,"play_id":"ffedf862-579c-4d1b-b26c-21bb8ffef085","local_time":"20190621172525","is_ascension_mode":true,"campfire_choices":[{"data":"Barrage","floor":6,"key":"SMITH"},{"data":"Chill","floor":11,"key":"SMITH"},{"data":"Zap","floor":15,"key":"SMITH"},{"data":"Streamline","floor":23,"key":"SMITH"},{"floor":30,"key":"REST"},{"data":"Hologram","floor":32,"key":"SMITH"}],"neow_cost":"NONE","seed_source_timestamp":75449603821900,"circlet_count":0,"master_deck":["AscendersBane","Strike_B","Strike_B","Defend_B+1","Defend_B","Defend_B+1","Defend_B","Zap+1","Dualcast","Cold Snap+1","Chill+1","Ball Lightning","Barrage+1","Ball Lightning+1","Compile Driver","Rainbow","Biased Cognition+1","Streamline+1","Hologram+1","Coolheaded+1","Streamline+1"],"relics":["Cracked Core","Shuriken","Frozen Egg 2","Golden Idol","Ornamental Fan","Odd Mushroom","Busted Crown","Symbiotic Virus","Bottled Flame","Omamori","Whetstone","War Paint","Bag of Preparation"],"potions_floor_usage":[7,7,24,24,29,31,31],"damage_taken":[{"damage":0,"enemies":"Cultist","floor":1,"turns":4},{"damage":0,"enemies":"2 Louse","floor":2,"turns":2},{"damage":5,"enemies":"Small Slimes","floor":5,"turns":2},{"damage":6,"enemies":"Gremlin Nob","floor":7,"turns":3},{"damage":0,"enemies":"Exordium Thugs","floor":8,"turns":4},{"damage":11,"enemies":"3 Sentries","floor":12,"turns":6},{"damage":1,"enemies":"The Mushroom Lair","floor":13,"turns":4},{"damage":24,"enemies":"The Guardian","floor":16,"turns":10},{"damage":0,"enemies":"Spheric Guardian","floor":18,"turns":3},{"damage":18,"enemies":"2 Thieves","floor":21,"turns":3},{"damage":2,"enemies":"Slavers","floor":24,"turns":4},{"damage":10,"enemies":"Cultist and Chosen","floor":27,"turns":4},{"damage":5,"enemies":"Centurion and Healer","floor":28,"turns":5},{"damage":9,"enemies":"Gremlin Leader","floor":29,"turns":6},{"damage":0,"enemies":"Slavers","floor":31,"turns":3},{"damage":49,"enemies":"Collector","floor":33,"turns":7}],"seed_played":"-8086482211371175439","potions_obtained":[{"floor":1,"key":"GamblersBrew"},{"floor":5,"key":"Strength Potion"},{"floor":12,"key":"FairyPotion"},{"floor":13,"key":"Ancient Potion"},{"floor":27,"key":"Block Potion"},{"floor":28,"key":"Swift Potion"},{"floor":29,"key":"Energy Potion"}],"is_trial":false,"path_per_floor":["M","M","$","?","M","R","E","M","T","?","R","E","?","$","R","B",null,"M","?","?","M","$","R","E","T","T","M","M","E","R","E","R","B"],"character_chosen":"DEFECT","items_purchased":["Poison Potion","FocusPotion","Regen Potion"],"campfire_rested":1,"item_purchase_floors":[3,22,22],"current_hp_per_floor":[64,64,64,69,64,64,58,58,58,58,58,47,46,46,46,22,57,57,57,57,39,39,39,49,49,49,39,34,25,45,45,45,0],"gold":216,"neow_bonus":"THREE_CARDS","is_prod":false,"is_daily":false,"chose_seed":false,"campfire_upgraded":5,"win_rate":0,"timestamp":1561152325,"path_taken":["M","M","$","?","M","R","E","M","T","?","R","E","?","$","R","BOSS","M","?","?","?","$","R","E","?","T","M","M","E","R","E","R","BOSS"],"build_version":"2019-01-23","purchased_purges":2,"victory":false,"max_hp_per_floor":[71,71,71,76,76,76,76,76,76,69,69,69,69,69,69,69,69,69,69,69,69,69,69,69,69,69,69,69,69,69,69,69,69],"card_choices":[{"not_picked":["Scrape","Streamline"],"picked":"Cold Snap","floor":0},{"not_picked":["Lockon","Rebound"],"picked":"Chill","floor":1},{"not_picked":["Steam Power","Leap"],"picked":"Ball Lightning","floor":2},{"not_picked":["Fusion","Turbo"],"picked":"Barrage","floor":5},{"not_picked":["Steam Power","Stack","Lockon"],"picked":"SKIP","floor":7},{"not_picked":["Gash","Stack"],"picked":"Ball Lightning","floor":8},{"not_picked":["Ball Lightning","Streamline"],"picked":"Compile Driver","floor":12},{"not_picked":["Compile Driver","Turbo"],"picked":"Rainbow","floor":13},{"not_picked":["Meteor Strike","Amplify"],"picked":"Biased Cognition+1","floor":16},{"not_picked":[],"picked":"Streamline","floor":18},{"not_picked":["Stack"],"picked":"SKIP","floor":21},{"not_picked":[],"picked":"Hologram","floor":24},{"not_picked":[],"picked":"Coolheaded+1","floor":27},{"not_picked":["Force Field"],"picked":"SKIP","floor":28},{"not_picked":["Barrage"],"picked":"SKIP","floor":29},{"not_picked":[],"picked":"Streamline+1","floor":31}],"player_experience":1200051,"relics_obtained":[{"floor":7,"key":"Shuriken"},{"floor":9,"key":"Frozen Egg 2"},{"floor":12,"key":"Ornamental Fan"},{"floor":13,"key":"Odd Mushroom"},{"floor":24,"key":"Bottled Flame"},{"floor":25,"key":"Omamori"},{"floor":26,"key":"Whetstone"},{"floor":29,"key":"War Paint"},{"floor":31,"key":"Bag of Preparation"}],"event_choices":[{"damage_healed":0,"gold_gain":0,"player_choice":"Donut","damage_taken":0,"max_hp_gain":5,"max_hp_loss":0,"event_name":"Big Fish","floor":4,"gold_loss":0},{"damage_healed":0,"gold_gain":0,"player_choice":"Lose Max HP","damage_taken":0,"relics_obtained":["Golden Idol"],"max_hp_gain":0,"max_hp_loss":7,"event_name":"Golden Idol","floor":10,"gold_loss":0},{"damage_healed":0,"gold_gain":0,"player_choice":"Fought Mushrooms","damage_taken":0,"max_hp_gain":0,"max_hp_loss":0,"event_name":"Mushrooms","floor":13,"gold_loss":0},{"damage_healed":0,"gold_gain":0,"player_choice":"Opened","damage_taken":0,"relics_obtained":["Symbiotic Virus"],"max_hp_gain":0,"max_hp_loss":0,"event_name":"The Mausoleum","floor":19,"gold_loss":0,"cards_obtained":["Writhe"]},{"cards_removed":["Writhe"],"damage_healed":0,"gold_gain":0,"player_choice":"Removed Curses","damage_taken":0,"max_hp_gain":0,"max_hp_loss":0,"event_name":"Fountain of Cleansing","floor":20,"gold_loss":0}],"is_beta":false,"boss_relics":[{"not_picked":["Lizard Tail","White Beast Statue"],"picked":"Busted Crown"}],"items_purged_floors":[3,14],"is_endless":false,"potions_floor_spawned":[1,5,12,13,27,28,29],"killed_by":"Collector","ascension_level":20}