{"gold_per_floor":[115,125,145,145,163,188,188,188,236,236,269,269,295,314,314,314],"floor_reached":16,"playtime":811,"items_purged":[],"score":186,"play_id":"67dde566-2196-4a31-8ec6-b6c8e72f2581","local_time":"20190903144705","is_ascension_mode":true,"campfire_choices":[{"floor":8.0,"key":"REST"},{"data":"Neutralize","floor":10.0,"key":"SMITH"},{"data":"Dash","floor":12.0,"key":"SMITH"},{"data":"Terror","floor":15.0,"key":"SMITH"}],"neow_cost":"NONE","seed_source_timestamp":0,"circlet_count":0,"master_deck":["AscendersBane","Strike_G","Strike_G","Strike_G","Strike_G","Defend_G","Defend_G","Defend_G","Defend_G","Defend_G","Survivor","Neutralize+1","All Out Attack","Dash+1","Footwork","Well Laid Plans","Cloak And Dagger","PiercingWail","Unload","Sucker Punch","Terror+1"],"special_seed":0,"relics":["Ring of the Snake","Pear","Oddly Smooth Stone","Juzu Bracelet","PreservedInsect","Art of War"],"potions_floor_usage":[],"damage_taken":[{"damage":0.0,"enemies":"Jaw Worm","floor":1.0,"turns":5.0},{"damage":5.0,"enemies":"Small Slimes","floor":2.0,"turns":3.0},{"damage":0.0,"enemies":"Cultist","floor":3.0,"turns":4.0},{"damage":1.0,"enemies":"Exordium Thugs","floor":5.0,"turns":4.0},{"damage":20.0,"enemies":"3 Sentries","floor":6.0,"turns":11.0},{"damage":31.0,"enemies":"Gremlin Nob","floor":11.0,"turns":6.0},{"damage":9.0,"enemies":"Lagavulin","floor":13.0,"turns":6.0},{"damage":0.0,"enemies":"Exordium Wildlife","floor":14.0,"turns":2.0},{"damage":0,"enemies":"Slime Boss","floor":16,"turns":1}],"seed_played":"-6185968132729590718","potions_obtained":[{"floor":1.0,"key":"SpeedPotion"},{"floor":2.0,"key":"Strength Potion"},{"floor":3.0,"key":"Explosive Potion"},{"floor":14.0,"key":"Explosive Potion"}],"is_trial":false,"path_per_floor":["M","M","M","?","M","E","?","R","T","R","E","R","E","M","R","B"],"character_chosen":"THE_SILENT","items_purchased":[],"campfire_rested":1,"item_purchase_floors":[],"current_hp_per_floor":[63,58,58,51,50,40,28,52,52,52,21,21,12,12,12,12],"gold":314,"neow_bonus":"THREE_CARDS","is_prod":false,"is_daily":false,"chose_seed":false,"campfire_upgraded":3,"win_rate":0,"timestamp":1567536425,"path_taken":["M","M","M","?","M","E","?","R","T","R","E","R","E","M","R","BOSS"],"build_version":"2019-07-17","purchased_purges":0,"victory":false,"max_hp_per_floor":[70,70,70,70,70,80,80,80,80,80,80,80,80,80,80,80],"card_choices":[{"not_picked":["Footwork","Infinite Blades"],"picked":"All Out Attack","floor":0.0},{"not_picked":["Deflect","Calculated Gamble"],"picked":"Dash","floor":1.0},{"not_picked":["All Out Attack","Dagger Throw"],"picked":"Footwork","floor":2.0},{"not_picked":["Poisoned Stab","Flechettes"],"picked":"Well Laid Plans","floor":3.0},{"not_picked":["Slice","Prepared"],"picked":"Cloak And Dagger","floor":5.0},{"not_picked":["Catalyst","Distraction"],"picked":"PiercingWail","floor":6.0},{"not_picked":["Blade Dance","Catalyst"],"picked":"Unload","floor":11.0},{"not_picked":["Dagger Throw","Calculated Gamble"],"picked":"Sucker Punch","floor":13.0},{"not_picked":["PiercingWail","Quick Slash"],"picked":"Terror","floor":14.0}],"player_experience":295196,"relics_obtained":[{"floor":6.0,"key":"Pear"},{"floor":9.0,"key":"Juzu Bracelet"},{"floor":11.0,"key":"PreservedInsect"},{"floor":13.0,"key":"Art of War"}],"event_choices":[{"cards_removed":["Strike_G"],"damage_healed":0.0,"max_hp_gain":0.0,"max_hp_loss":0.0,"gold_gain":0.0,"event_name":"Golden Wing","player_choice":"Card Removal","floor":4.0,"gold_loss":0.0,"damage_taken":7.0},{"damage_healed":0.0,"max_hp_gain":0.0,"max_hp_loss":0.0,"gold_gain":0.0,"event_name":"Scrap Ooze","player_choice":"Success","floor":7.0,"gold_loss":0.0,"damage_taken":12.0,"relics_obtained":["Oddly Smooth Stone"]}],"is_beta":false,"boss_relics":[],"items_purged_floors":[],"is_endless":false,"potions_floor_spawned":[1,2,3,14],"killed_by":"Slime Boss","ascension_level":11}