{"gold_per_floor":[113,113,113,38,54,54,86,86,86,86,86,106,2,28,28,28],"floor_reached":16,"playtime":542,"items_purged":["Strike_B"],"score":212,"play_id":"f3a619a4-562e-45d3-b901-a26b650f47b7","local_time":"20190707220537","is_ascension_mode":true,"campfire_choices":[{"data":"Dualcast","floor":6.0,"key":"SMITH"},{"data":"Defragment","floor":8,"key":"SMITH"},{"floor":10,"key":"REST"},{"data":"Coolheaded","floor":15,"key":"SMITH"}],"neow_cost":"NONE","seed_source_timestamp":8861395041900,"circlet_count":0,"master_deck":["AscendersBane","Strike_B","Strike_B+1","Defend_B","Defend_B","Defend_B+1","Defend_B","Zap+1","Dualcast+1","Barrage+1","Glacier","Compile Driver","Defragment+1","Ball Lightning","Coolheaded+1","Conserve Battery"],"special_seed":0,"relics":["Cracked Core","Orichalcum","Potion Belt","Unceasing Top"],"potions_floor_usage":[16],"damage_taken":[{"damage":1.0,"enemies":"Cultist","floor":1.0,"turns":4.0},{"damage":0.0,"enemies":"Small Slimes","floor":5.0,"turns":2.0},{"damage":21,"enemies":"3 Sentries","floor":7,"turns":8},{"damage":0,"enemies":"2 Louse","floor":12,"turns":2},{"damage":8,"enemies":"Lagavulin","floor":14,"turns":4},{"damage":28,"enemies":"Hexaghost","floor":16,"turns":11}],"seed_played":"1244292075165156351","potions_obtained":[{"floor":7,"key":"Ancient Potion"},{"floor":14,"key":"SkillPotion"}],"is_trial":false,"path_per_floor":["M","?","?","$","M","R","E","R","T","R","?","M","$","E","R","B"],"character_chosen":"DEFECT","items_purchased":["Glacier","Coolheaded"],"campfire_rested":1,"item_purchase_floors":[4,13],"current_hp_per_floor":[63,42,42,42,42,42,21,21,21,42,35,35,35,27,27,0],"gold":28,"neow_bonus":"UPGRADE_CARD","is_prod":false,"is_daily":false,"chose_seed":false,"campfire_upgraded":3,"win_rate":0,"timestamp":1562551537,"path_taken":["M","?","?","$","?","R","E","R","T","R","?","M","$","E","R","BOSS"],"build_version":"2019-07-05","purchased_purges":1,"victory":false,"max_hp_per_floor":[71,71,71,71,71,71,71,71,71,71,71,71,71,71,71,71],"card_choices":[{"not_picked":["Redo","Stack"],"picked":"Barrage","floor":1.0},{"not_picked":["Reinforced Body","BootSequence"],"picked":"Compile Driver","floor":5.0},{"not_picked":["Compile Driver","Machine Learning"],"picked":"Defragment","floor":7},{"not_picked":["Stack","Loop"],"picked":"Ball Lightning","floor":12},{"not_picked":["Beam Cell","Sweeping Beam"],"picked":"Conserve Battery","floor":14}],"player_experience":1320055,"relics_obtained":[{"floor":7,"key":"Orichalcum"},{"floor":9,"key":"Potion Belt"},{"floor":14,"key":"Unceasing Top"}],"event_choices":[{"damage_healed":0.0,"max_hp_gain":0.0,"max_hp_loss":0.0,"gold_gain":0.0,"event_name":"Shining Light","player_choice":"Entered Light","floor":2.0,"gold_loss":0.0,"damage_taken":21.0,"cards_upgraded":["Strike_B","Defend_B"]},{"damage_healed":0.0,"max_hp_gain":0.0,"max_hp_loss":0.0,"gold_gain":0.0,"event_name":"Accursed Blacksmith","player_choice":"Forge","floor":3.0,"gold_loss":0.0,"damage_taken":0.0,"cards_upgraded":["Barrage"]},{"cards_removed":["Strike_B"],"damage_healed":0,"gold_gain":0,"player_choice":"Card Removal","damage_taken":7,"max_hp_gain":0,"max_hp_loss":0,"event_name":"Golden Wing","floor":11,"gold_loss":0}],"is_beta":false,"boss_relics":[],"items_purged_floors":[13],"is_endless":false,"potions_floor_spawned":[7,14],"killed_by":"Hexaghost","ascension_level":20}