{"gold_per_floor":[114,129,139,158,169,169,196,196,196,211,226,226,226,236,236,340,340,315,315,327,327,344,50,67,67,144,160,175,175,207,218,218,319,319,338,63,81,95,95,120,136,171,222,237,237,9,9,0,0,25,25,25,6,62,62],"floor_reached":56,"playtime":4911,"items_purged":["Pain","Zap"],"score":1232,"play_id":"0ba2c08e-1a2d-4a7c-9e85-fc08f3176cb6","local_time":"20190901210402","is_ascension_mode":false,"campfire_choices":[{"data":"Ball Lightning","floor":6.0,"key":"SMITH"},{"data":"Consume","floor":8.0,"key":"SMITH"},{"data":"Loop","floor":15.0,"key":"SMITH"},{"data":"Seek","floor":25.0,"key":"SMITH"},{"data":"Fission","floor":29.0,"key":"SMITH"},{"data":"Loop","floor":32.0,"key":"SMITH"},{"data":"Creative AI","floor":45,"key":"SMITH"},{"floor":47,"key":"RECALL"},{"data":"Hologram","floor":49,"key":"SMITH"},{"data":"White Noise","floor":52,"key":"SMITH"}],"neow_cost":"NONE","seed_source_timestamp":1041979093273800,"circlet_count":0,"master_deck":["Dualcast","Leap","Rebound","Consume+1","Cold Snap","Ball Lightning+1","Loop+1","Darkness","Stack","Hologram+1","Seek+1","Conserve Battery+1","Coolheaded","Bite","Bite","Bite","Bite","Bite","Electrodynamics","White Noise+1","Compile Driver+1","Turbo+1","Fission+1","Loop+1","Reinforced Body","Machine Learning","Melter+1","White Noise","Rebound+1","Steam Power","Capacitor+1","Coolheaded","Loop+1","Compile Driver+1","Dark Shackles","Discovery","HandOfGreed+1","Chill","Creative AI+1","Turbo","Loop","Go for the Eyes+1"],"special_seed":0,"relics":["Cracked Core","Darkstone Periapt","Art of War","Vajra","Torii","Inserter","WarpedTongs","Molten Egg 2","Mercury Hourglass","Pandora\u0027s Box","Membership Card","Matryoshka","Dream Catcher","PreservedInsect","Turnip","Red Mask","Pear"],"potions_floor_usage":[55,55,55],"damage_taken":[{"damage":0.0,"enemies":"Cultist","floor":1.0,"turns":3.0},{"damage":0.0,"enemies":"2 Louse","floor":2.0,"turns":2.0},{"damage":0.0,"enemies":"Jaw Worm","floor":3.0,"turns":4.0},{"damage":0.0,"enemies":"3 Louse","floor":4.0,"turns":1.0},{"damage":6.0,"enemies":"Exordium Thugs","floor":5.0,"turns":6.0},{"damage":16.0,"enemies":"Gremlin Nob","floor":7.0,"turns":4.0},{"damage":4.0,"enemies":"Exordium Wildlife","floor":10.0,"turns":5.0},{"damage":0.0,"enemies":"3 Louse","floor":11.0,"turns":2.0},{"damage":11.0,"enemies":"Large Slime","floor":14.0,"turns":5.0},{"damage":1.0,"enemies":"The Guardian","floor":16.0,"turns":6.0},{"damage":25.0,"enemies":"2 Thieves","floor":18.0,"turns":5.0},{"damage":9.0,"enemies":"Shell Parasite","floor":20.0,"turns":5.0},{"damage":24.0,"enemies":"3 Cultists","floor":22.0,"turns":7.0},{"damage":8.0,"enemies":"Snake Plant","floor":24.0,"turns":4.0},{"damage":2.0,"enemies":"Cultist and Chosen","floor":27.0,"turns":5.0},{"damage":1.0,"enemies":"3 Cultists","floor":28.0,"turns":4.0},{"damage":1.0,"enemies":"Gremlin Leader","floor":30.0,"turns":6.0},{"damage":17.0,"enemies":"Centurion and Healer","floor":31.0,"turns":6.0},{"damage":16.0,"enemies":"Champ","floor":33.0,"turns":14.0},{"damage":17.0,"enemies":"3 Darklings","floor":35.0,"turns":10.0},{"damage":0.0,"enemies":"Orb Walker","floor":37.0,"turns":3.0},{"damage":1.0,"enemies":"Maw","floor":38.0,"turns":10.0},{"damage":2.0,"enemies":"Nemesis","floor":40.0,"turns":13.0},{"damage":0,"enemies":"Transient","floor":41,"turns":5},{"damage":8,"enemies":"3 Darklings","floor":42,"turns":8},{"damage":10,"enemies":"Writhing Mass","floor":44,"turns":12},{"damage":27,"enemies":"Time Eater","floor":50,"turns":28},{"damage":47,"enemies":"Shield and Spear","floor":54,"turns":30},{"damage":51,"enemies":"The Heart","floor":55,"turns":13}],"seed_played":"-3961132862406013777","potions_obtained":[{"floor":2.0,"key":"Explosive Potion"},{"floor":4.0,"key":"AttackPotion"},{"floor":7.0,"key":"FocusPotion"},{"floor":11.0,"key":"Regen Potion"},{"floor":20.0,"key":"GamblersBrew"},{"floor":22.0,"key":"Swift Potion"},{"floor":27.0,"key":"Strength Potion"},{"floor":31.0,"key":"Weak Potion"},{"floor":38.0,"key":"FocusPotion"},{"floor":54,"key":"FocusPotion"}],"is_trial":false,"path_per_floor":["M","M","M","M","M","R","E","R","T","M","M","?","T","M","R","B",null,"M","?","M","?","M","$","M","R","T","M","M","R","E","M","R","B",null,"M","$","M","M","?","E","M","M","T","M","R","$","R","?","R","B",null,"R","$","E","B",null],"character_chosen":"DEFECT","items_purchased":["Electrodynamics","White Noise","Membership Card","Coolheaded","PreservedInsect","Turnip","Loop"],"campfire_rested":0,"item_purchase_floors":[23,23,36,36,46,46,53],"current_hp_per_floor":[82,82,82,82,76,76,60,60,60,56,56,38,38,27,27,26,82,57,63,66,61,50,50,48,48,48,52,56,56,61,51,51,61,61,61,61,61,61,51,61,61,61,61,61,61,61,61,61,61,61,61,61,61,71,38],"gold":62,"neow_bonus":"TEN_PERCENT_HP_BONUS","is_prod":false,"is_daily":false,"chose_seed":false,"campfire_upgraded":9,"win_rate":0,"timestamp":1567339442,"path_taken":["M","M","?","M","M","R","E","R","T","M","M","?","?","M","R","BOSS","M","?","?","?","M","$","M","R","T","M","M","R","E","M","R","BOSS","M","$","M","M","?","E","M","M","T","M","R","$","R","?","R","BOSS","R","$","E","BOSS"],"build_version":"2019-07-17","purchased_purges":2,"victory":true,"max_hp_per_floor":[82,82,82,82,82,82,82,82,82,82,82,82,82,82,82,82,82,82,88,88,61,61,61,61,61,61,61,61,61,61,61,61,61,61,61,61,61,61,61,61,61,61,61,61,61,61,61,61,61,61,61,61,61,71,71],"card_choices":[{"not_picked":["Recycle","Stack"],"picked":"Leap","floor":1.0},{"not_picked":["Compile Driver","Stack"],"picked":"Rebound","floor":2.0},{"not_picked":["Hyperbeam","Redo"],"picked":"Consume","floor":3.0},{"not_picked":["Tempest","Turbo"],"picked":"Cold Snap","floor":4.0},{"not_picked":["Reprogram","Undo"],"picked":"Ball Lightning","floor":5.0},{"not_picked":["Cold Snap","BootSequence"],"picked":"Loop","floor":7.0},{"not_picked":["Turbo","Go for the Eyes"],"picked":"Darkness","floor":10.0},{"not_picked":["Sweeping Beam","Blizzard"],"picked":"Stack","floor":11.0},{"not_picked":["Beam Cell","Static Discharge"],"picked":"Hologram","floor":14.0},{"not_picked":["Reboot","Buffer"],"picked":"Seek","floor":16.0},{"not_picked":["Loop","Consume"],"picked":"Conserve Battery+1","floor":18.0},{"not_picked":["Reprogram","Beam Cell"],"picked":"Coolheaded","floor":20.0},{"not_picked":["Blizzard+1","Leap","Streamline"],"picked":"SKIP","floor":22.0},{"not_picked":["Chaos","Stack"],"picked":"Compile Driver+1","floor":24.0},{"not_picked":["Rebound+1","Auto Shields"],"picked":"Turbo+1","floor":27.0},{"not_picked":["Beam Cell+1","Lockon+1"],"picked":"Fission","floor":28.0},{"not_picked":["Steam","Compile Driver+1"],"picked":"Loop","floor":30.0},{"not_picked":["Double Energy","Leap"],"picked":"Reinforced Body","floor":31.0},{"not_picked":["Fission","Multi-Cast"],"picked":"Machine Learning","floor":33.0},{"not_picked":["Steam","Hologram"],"picked":"Capacitor+1","floor":35.0},{"not_picked":["Go for the Eyes+1","Coolheaded"],"picked":"Loop+1","floor":37.0},{"not_picked":["Gash+1","Stack"],"picked":"Compile Driver+1","floor":38.0},{"not_picked":["Purity","Enlightenment"],"picked":"Dark Shackles","floor":39.0},{"not_picked":["Bandage Up","Secret Technique"],"picked":"Discovery","floor":39.0},{"not_picked":["Magnetism","Trip"],"picked":"HandOfGreed+1","floor":39.0},{"not_picked":["Beam Cell+1","Streamline+1"],"picked":"Chill","floor":40.0},{"not_picked":["Ball Lightning+1","Scrape+1"],"picked":"Creative AI","floor":41},{"not_picked":["Barrage+1","Go for the Eyes+1"],"picked":"Turbo","floor":42},{"not_picked":["Rip and Tear+1","Scrape+1","Ball Lightning+1"],"picked":"SKIP","floor":44},{"not_picked":["Compile Driver+1","Multi-Cast"],"picked":"Go for the Eyes+1","floor":54}],"player_experience":341694,"relics_obtained":[{"floor":7.0,"key":"Darkstone Periapt"},{"floor":9.0,"key":"Art of War"},{"floor":13.0,"key":"Torii"},{"floor":26.0,"key":"Molten Egg 2"},{"floor":30.0,"key":"Mercury Hourglass"},{"floor":40.0,"key":"Matryoshka"},{"floor":43,"key":"Dream Catcher"},{"floor":54,"key":"Pear"}],"event_choices":[{"damage_healed":0.0,"max_hp_gain":0.0,"max_hp_loss":0.0,"gold_gain":0.0,"event_name":"Scrap Ooze","player_choice":"Success","floor":12.0,"gold_loss":0.0,"damage_taken":18.0,"relics_obtained":["Vajra"]},{"damage_healed":0.0,"max_hp_gain":0.0,"max_hp_loss":0.0,"gold_gain":0.0,"event_name":"Accursed Blacksmith","player_choice":"Rummage","floor":19.0,"gold_loss":0.0,"damage_taken":0.0,"relics_obtained":["WarpedTongs"],"cards_obtained":["Pain"]},{"damage_healed":0.0,"max_hp_gain":0.0,"max_hp_loss":27.0,"gold_gain":0.0,"event_name":"Vampires","player_choice":"Became a vampire","floor":21.0,"gold_loss":0.0,"damage_taken":0.0,"cards_obtained":["Bite","Bite","Bite","Bite","Bite"]},{"damage_healed":0.0,"max_hp_gain":0.0,"max_hp_loss":0.0,"gold_gain":0.0,"event_name":"SensoryStone","player_choice":"Memory 3","floor":39.0,"gold_loss":0.0,"damage_taken":10.0},{"damage_healed":0,"gold_gain":0,"player_choice":"Paid","damage_taken":0,"relics_obtained":["Red Mask"],"max_hp_gain":0,"max_hp_loss":0,"event_name":"Tomb of Lord Red Mask","floor":48,"gold_loss":9}],"is_beta":false,"boss_relics":[{"not_picked":["Lizard Tail","Runic Dome"],"picked":"Inserter"},{"not_picked":["Empty Cage","Velvet Choker"],"picked":"Pandora\u0027s Box"}],"items_purged_floors":[23,36],"is_endless":false,"potions_floor_spawned":[2,4,7,11,20,22,27,31,38,40,54],"ascension_level":0}