{"gold_per_floor":[112,124,44,44,44,44,64,84,84,84,101,116,148,165,165,266,266,283,313,325,70,19,19,30,65,120,134,163,173,185,200,200,295,295,312,332,332,332,348,348,348,359,407,407,417,452,62,77,77,77],"floor_reached":51,"playtime":2838,"items_purged":["Entrench"],"score":800,"play_id":"76cbad44-f377-4ba0-a211-73aea091c57c","local_time":"20190817193819","is_ascension_mode":false,"campfire_choices":[{"data":"Bash","floor":6,"key":"SMITH"},{"data":"Metallicize","floor":10,"key":"SMITH"},{"data":"True Grit","floor":15,"key":"SMITH"},{"floor":23,"key":"REST"},{"floor":32,"key":"RECALL"},{"floor":40,"key":"REST"},{"floor":44,"key":"REST"},{"floor":49,"key":"REST"}],"neow_cost":"NONE","seed_source_timestamp":2295335678226300,"circlet_count":0,"master_deck":["Bash+1","Clash+1","Iron Wave","Metallicize+1","Thunderclap+1","Battle Trance","Metallicize","True Grit","Inflame","True Grit+1","Reaper","Sword Boomerang+1","Carnage+1","Metallicize","Inflame","Double Tap","Shrug It Off","Demon Form","Dual Wield","Spot Weakness","Pommel Strike","Inflame","Feed","True Grit+1","Warcry","Panacea","Flash of Steel","Jack Of All Trades","Clash+1","Heavy Blade+1","Feel No Pain+1","Offering"],"relics":["Burning Blood","FaceOfCleric","Shuriken","Mercury Hourglass","Fusion Hammer","Red Mask","Paper Frog","FossilizedHelix","Blood Vial","Whetstone","Bottled Lightning","Pandora\u0027s Box","Juzu Bracelet","Dodecahedron","Pocketwatch"],"potions_floor_usage":[19,50,50,50],"damage_taken":[{"damage":0,"enemies":"2 Louse","floor":1,"turns":3},{"damage":2,"enemies":"Small Slimes","floor":2,"turns":3},{"damage":0,"enemies":"Cultist","floor":7,"turns":3},{"damage":0,"enemies":"Large Slime","floor":8,"turns":7},{"damage":0,"enemies":"3 Louse","floor":11,"turns":3},{"damage":0,"enemies":"Exordium Thugs","floor":12,"turns":5},{"damage":0,"enemies":"3 Sentries","floor":13,"turns":10},{"damage":0,"enemies":"2 Fungi Beasts","floor":14,"turns":4},{"damage":43,"enemies":"Hexaghost","floor":16,"turns":10},{"damage":16,"enemies":"2 Thieves","floor":18,"turns":5},{"damage":11,"enemies":"Masked Bandits","floor":19,"turns":5},{"damage":3,"enemies":"Shell Parasite","floor":20,"turns":3},{"damage":7,"enemies":"Snake Plant","floor":24,"turns":3},{"damage":24,"enemies":"Slavers","floor":25,"turns":6},{"damage":3,"enemies":"Shelled Parasite and Fungi","floor":27,"turns":7},{"damage":32,"enemies":"Gremlin Leader","floor":28,"turns":6},{"damage":0,"enemies":"Chosen and Byrds","floor":29,"turns":4},{"damage":0,"enemies":"Snecko","floor":30,"turns":4},{"damage":0,"enemies":"Cultist and Chosen","floor":31,"turns":6},{"damage":35,"enemies":"Automaton","floor":33,"turns":9},{"damage":0,"enemies":"3 Shapes","floor":35,"turns":8},{"damage":9,"enemies":"Orb Walker","floor":36,"turns":4},{"damage":14,"enemies":"Sphere and 2 Shapes","floor":39,"turns":5},{"damage":21,"enemies":"3 Darklings","floor":42,"turns":7},{"damage":8,"enemies":"Spire Growth","floor":45,"turns":5},{"damage":95,"enemies":"Nemesis","floor":46,"turns":9},{"damage":0,"enemies":"Transient","floor":48,"turns":5},{"damage":37,"enemies":"Donu and Deca","floor":50,"turns":8}],"seed_played":"-6149502490517777540","potions_obtained":[{"floor":2,"key":"SpeedPotion"},{"floor":8,"key":"Fire Potion"},{"floor":13,"key":"Dexterity Potion"},{"floor":19,"key":"Fire Potion"},{"floor":20,"key":"Ancient Potion"}],"is_trial":false,"path_per_floor":["M","M","$","?","?","R","M","M","T","R","M","M","E","M","R","B",null,"M","?","M","$","?","R","M","E","T","M","E","M","M","M","R","B",null,"M","M","?","?","M","R","?","M","T","R","M","E","$","M","R","B",null],"character_chosen":"IRONCLAD","items_purchased":["Metallicize","Paper Frog","Pocketwatch"],"campfire_rested":4,"item_purchase_floors":[3,21,47],"current_hp_per_floor":[80,80,80,73,73,73,80,82,82,82,83,84,85,86,86,50,87,87,87,90,90,90,90,91,74,74,92,83,95,96,97,97,69,98,102,103,103,98,94,102,92,106,106,106,105,71,71,80,109,109],"gold":77,"neow_bonus":"REMOVE_CARD","is_prod":false,"is_daily":false,"chose_seed":false,"campfire_upgraded":3,"win_rate":0,"timestamp":1566038299,"path_taken":["M","M","$","?","?","R","M","M","T","R","M","M","E","?","R","BOSS","M","?","M","$","?","R","?","E","T","M","E","M","M","M","R","BOSS","M","M","?","?","M","R","?","M","T","R","M","E","$","M","R","BOSS"],"build_version":"2019-07-17","purchased_purges":1,"victory":true,"max_hp_per_floor":[80,80,80,80,80,80,81,82,82,82,83,84,85,86,86,87,87,88,89,90,90,90,90,91,92,92,93,94,95,96,97,97,98,98,102,103,103,98,102,102,102,106,106,106,107,108,108,109,109,110],"card_choices":[{"not_picked":["Blood for Blood","Dropkick"],"picked":"Clash","floor":1},{"not_picked":["Pommel Strike","Rupture"],"picked":"Iron Wave","floor":2},{"not_picked":["Sever Soul","Headbutt"],"picked":"Thunderclap","floor":7},{"not_picked":["Rupture","Disarm"],"picked":"Battle Trance","floor":8},{"not_picked":["Second Wind","Thunderclap"],"picked":"Metallicize","floor":11},{"not_picked":["Rupture","Warcry"],"picked":"True Grit","floor":12},{"not_picked":["Shrug It Off","Twin Strike"],"picked":"Inflame","floor":13},{"not_picked":["Second Wind","Carnage"],"picked":"True Grit","floor":14},{"not_picked":["Bludgeon","Offering"],"picked":"Reaper","floor":16},{"not_picked":["Warcry","Pommel Strike"],"picked":"Sword Boomerang+1","floor":18},{"not_picked":["Pummel","Cleave+1"],"picked":"Carnage+1","floor":20},{"not_picked":["Body Slam+1","Pommel Strike"],"picked":"Metallicize","floor":24},{"not_picked":["Dual Wield","Blood for Blood","Carnage"],"picked":"SKIP","floor":25},{"not_picked":["Armaments","Seeing Red"],"picked":"Inflame","floor":27},{"not_picked":["Infernal Blade","Dual Wield","Cleave"],"picked":"SKIP","floor":28},{"not_picked":["Sword Boomerang","Flex"],"picked":"Double Tap","floor":29},{"not_picked":["Fire Breathing+1","Hemokinesis","Searing Blow"],"picked":"SKIP","floor":30},{"not_picked":["Perfected Strike","Armaments"],"picked":"Shrug It Off","floor":31},{"not_picked":["Juggernaut","Double Tap"],"picked":"Demon Form","floor":33},{"not_picked":["Havoc","True Grit","Iron Wave+1"],"picked":"SKIP","floor":35},{"not_picked":["Carnage+1","Perfected Strike+1"],"picked":"True Grit+1","floor":36},{"not_picked":["Rupture","Inflame"],"picked":"Warcry","floor":39},{"not_picked":["Dramatic Entrance","Madness"],"picked":"Panacea","floor":41},{"not_picked":["Enlightenment","The Bomb"],"picked":"Flash of Steel","floor":41},{"not_picked":["PanicButton","Forethought"],"picked":"Jack Of All Trades","floor":41},{"not_picked":["Warcry","Armaments+1"],"picked":"Clash+1","floor":42},{"not_picked":["Clash+1","Cleave+1"],"picked":"Heavy Blade+1","floor":45},{"not_picked":["Carnage","Rupture"],"picked":"Feel No Pain+1","floor":46},{"not_picked":["Warcry+1","Metallicize+1"],"picked":"Offering","floor":48}],"player_experience":169546,"relics_obtained":[{"floor":9,"key":"Shuriken"},{"floor":13,"key":"Mercury Hourglass"},{"floor":19,"key":"Red Mask"},{"floor":25,"key":"Blood Vial"},{"floor":26,"key":"Whetstone"},{"floor":28,"key":"Bottled Lightning"},{"floor":43,"key":"Juzu Bracelet"},{"floor":46,"key":"Dodecahedron"}],"event_choices":[{"cards_removed":["Strike_R"],"damage_healed":0,"gold_gain":0,"player_choice":"Card Removal","damage_taken":7,"max_hp_gain":0,"max_hp_loss":0,"event_name":"Golden Wing","floor":4,"gold_loss":0},{"damage_healed":0,"gold_gain":0,"player_choice":"Trade","damage_taken":0,"relics_obtained":["FaceOfCleric"],"max_hp_gain":0,"max_hp_loss":0,"event_name":"FaceTrader","floor":5,"gold_loss":0},{"damage_healed":0,"gold_gain":0,"player_choice":"Fought Bandits","damage_taken":0,"max_hp_gain":0,"max_hp_loss":0,"event_name":"Masked Bandits","floor":19,"gold_loss":0},{"damage_healed":0,"gold_gain":0,"player_choice":"Paid Gold","damage_taken":0,"relics_obtained":["FossilizedHelix"],"max_hp_gain":0,"max_hp_loss":0,"event_name":"WeMeetAgain","floor":22,"gold_loss":51},{"cards_removed":["Barricade"],"damage_healed":0,"gold_gain":0,"player_choice":"Removed Power","damage_taken":0,"max_hp_gain":0,"max_hp_loss":0,"event_name":"Falling","floor":37,"gold_loss":0},{"damage_healed":0,"gold_gain":0,"player_choice":"Max HP","damage_taken":0,"max_hp_gain":0,"max_hp_loss":5,"event_name":"Winding Halls","floor":38,"gold_loss":0},{"damage_healed":0,"gold_gain":0,"player_choice":"Memory 3","damage_taken":10,"max_hp_gain":0,"max_hp_loss":0,"event_name":"SensoryStone","floor":41,"gold_loss":0}],"is_beta":false,"boss_relics":[{"not_picked":["Tiny House","Lizard Tail"],"picked":"Fusion Hammer"},{"not_picked":["Black Star","Black Blood"],"picked":"Pandora\u0027s Box"}],"items_purged_floors":[47],"is_endless":false,"potions_floor_spawned":[2,8,13,18,19,20,28,31,33,39,46,48],"ascension_level":0}