{"gold_per_floor":[118,135,135,1,1,26,26,57,57,73,98,148,173,184,184,261,261,271,34,34,51,51,82,82,113,160,160,178,178,193,226,226,303,303,315,331,12,12,12,12,45,96,121,41,57,74,74,89,89,89,89,89,89,28,56,56],"floor_reached":57,"playtime":3474,"items_purged":["Shame","Gash"],"score":2982,"play_id":"8d2dbd05-1663-4bd5-891b-adc1ca1e39f2","local_time":"20190825090507","is_ascension_mode":true,"campfire_choices":[{"data":"Zap","floor":7.0,"key":"SMITH"},{"data":"Dualcast","floor":15.0,"key":"SMITH"},{"data":"Defragment","floor":24.0,"key":"SMITH"},{"data":"RitualDagger","floor":27.0,"key":"SMITH"},{"data":"Fission","floor":29.0,"key":"SMITH"},{"data":"Aggregate","floor":32.0,"key":"SMITH"},{"floor":40.0,"key":"RECALL"},{"floor":47.0,"key":"REST"},{"floor":49.0,"key":"REST"},{"floor":53.0,"key":"REST"}],"neow_cost":"NONE","seed_source_timestamp":123656084869600,"circlet_count":0,"master_deck":["AscendersBane","Zap+1","Dualcast+1","Cold Snap","Ball Lightning","Leap","Ball Lightning","Conserve Battery","Compile Driver","Chill","Steam+1","Hologram","Reboot","Redo","Rainbow","Defragment+1","Aggregate+1","Streamline","Leap","Fission+1","Aggregate+1","Coolheaded+1","Undo","Coolheaded","RitualDagger+1","BootSequence","Double Energy+1","Stack","Glacier+1","Buffer+1","Electrodynamics","Machine Learning","Capacitor+1","Compile Driver+1","Defragment+1","Defragment"],"special_seed":0,"relics":["Cracked Core","NeowsBlessing","Pen Nib","Potion Belt","Letter Opener","The Courier","Bag of Preparation","Strawberry","Pandora\u0027s Box","Anchor","Regal Pillow","Art of War","War Paint","StoneCalendar","Fusion Hammer","DataDisk","Oddly Smooth Stone","Bottled Flame","Thread and Needle","Bottled Lightning"],"potions_floor_usage":[56,56,56,56],"damage_taken":[{"damage":0.0,"enemies":"Small Slimes","floor":1.0,"turns":1.0},{"damage":0.0,"enemies":"Cultist","floor":2.0,"turns":1.0},{"damage":0.0,"enemies":"Gremlin Nob","floor":6.0,"turns":1.0},{"damage":28.0,"enemies":"3 Sentries","floor":8.0,"turns":7.0},{"damage":0.0,"enemies":"Jaw Worm","floor":10.0,"turns":3.0},{"damage":7.0,"enemies":"Gremlin Nob","floor":11.0,"turns":3.0},{"damage":9.0,"enemies":"Lagavulin","floor":13.0,"turns":5.0},{"damage":0.0,"enemies":"2 Fungi Beasts","floor":14.0,"turns":2.0},{"damage":21.0,"enemies":"The Guardian","floor":16.0,"turns":11.0},{"damage":1.0,"enemies":"3 Byrds","floor":18.0,"turns":4.0},{"damage":0.0,"enemies":"Chosen","floor":21.0,"turns":4.0},{"damage":1.0,"enemies":"Slavers","floor":23.0,"turns":4.0},{"damage":3.0,"enemies":"Gremlin Leader","floor":25.0,"turns":7.0},{"damage":2.0,"enemies":"Sentry and Sphere","floor":28.0,"turns":4.0},{"damage":0.0,"enemies":"Snake Plant","floor":30.0,"turns":2.0},{"damage":0.0,"enemies":"Slavers","floor":31.0,"turns":4.0},{"damage":36.0,"enemies":"Collector","floor":33.0,"turns":9.0},{"damage":0.0,"enemies":"3 Shapes","floor":35.0,"turns":5.0},{"damage":0.0,"enemies":"Orb Walker","floor":36.0,"turns":2.0},{"damage":13.0,"enemies":"Reptomancer","floor":41.0,"turns":7.0},{"damage":0.0,"enemies":"2 Orb Walkers","floor":42.0,"turns":4.0},{"damage":0.0,"enemies":"Sphere and 2 Shapes","floor":45.0,"turns":2.0},{"damage":0.0,"enemies":"3 Darklings","floor":46.0,"turns":3.0},{"damage":0.0,"enemies":"Maw","floor":48.0,"turns":7.0},{"damage":47.0,"enemies":"Time Eater","floor":50.0,"turns":16.0},{"damage":0.0,"enemies":"Donu and Deca","floor":51.0,"turns":7.0},{"damage":0.0,"enemies":"Shield and Spear","floor":55.0,"turns":6.0},{"damage":48,"enemies":"The Heart","floor":56,"turns":8}],"seed_played":"1675132642735090240","potions_obtained":[{"floor":8.0,"key":"Weak Potion"},{"floor":10.0,"key":"Energy Potion"},{"floor":11.0,"key":"LiquidBronze"},{"floor":13.0,"key":"Weak Potion"},{"floor":18.0,"key":"SkillPotion"},{"floor":21.0,"key":"Explosive Potion"},{"floor":25.0,"key":"Ancient Potion"},{"floor":45.0,"key":"SteroidPotion"},{"floor":46.0,"key":"LiquidBronze"}],"is_trial":false,"path_per_floor":["M","M","?","$","?","E","R","E","T","M","E","?","E","M","R","B",null,"M","$","?","M","?","E","R","E","T","R","M","R","M","E","R","B",null,"M","M","$","?","$","R","E","?","T","$","M","M","R","M","R","B","B",null,"R","$","E","B",null],"character_chosen":"DEFECT","items_purchased":["Leap","Anchor","Coolheaded","Undo","DataDisk","Oddly Smooth Stone","Electrodynamics","Defragment"],"campfire_rested":3,"item_purchase_floors":[4,19,19,19,37,37,37,54],"current_hp_per_floor":[64,64,64,64,59,59,59,31,31,31,24,24,22,22,22,1,59,58,58,58,58,52,51,51,48,48,48,46,46,46,46,46,10,61,61,61,61,61,61,61,48,48,48,48,48,48,78,78,78,31,31,66,78,78,78,30],"gold":56,"neow_bonus":"THREE_ENEMY_KILL","is_prod":false,"is_daily":false,"chose_seed":false,"campfire_upgraded":6,"win_rate":0,"timestamp":1566738307,"path_taken":["M","M","?","?","?","E","R","E","T","M","E","?","E","M","R","BOSS","M","?","?","M","?","E","R","E","T","R","M","R","M","E","R","BOSS","M","M","$","?","?","R","E","?","T","$","M","M","R","M","R","BOSS","BOSS","R","$","E","BOSS"],"build_version":"2019-07-17","purchased_purges":2,"victory":true,"max_hp_per_floor":[71,71,71,71,71,71,71,71,71,71,71,71,78,78,78,78,78,78,78,78,78,78,78,78,78,78,78,78,78,78,78,78,78,78,78,78,78,78,78,78,78,78,78,78,78,78,78,78,78,78,78,78,78,78,78,78],"card_choices":[{"not_picked":["Redo","Beam Cell"],"picked":"Cold Snap","floor":1.0},{"not_picked":["Steam Power","Beam Cell"],"picked":"Ball Lightning","floor":2.0},{"not_picked":["Thunder Strike","Recycle"],"picked":"Ball Lightning","floor":6.0},{"not_picked":["Sweeping Beam","Storm"],"picked":"Conserve Battery","floor":8.0},{"not_picked":["Undo","Aggregate"],"picked":"Compile Driver","floor":10.0},{"not_picked":["Compile Driver","Ball Lightning"],"picked":"Chill","floor":11.0},{"not_picked":["Beam Cell","Rainbow"],"picked":"Steam","floor":13.0},{"not_picked":["Auto Shields","Stack"],"picked":"Hologram","floor":14.0},{"not_picked":["Fission","Rainbow"],"picked":"Reboot","floor":16.0},{"not_picked":["Scrape+1","Redo"],"picked":"Aggregate+1","floor":18.0},{"not_picked":["Compile Driver","Blizzard"],"picked":"Coolheaded","floor":21.0},{"not_picked":["Coolheaded","Thunder Strike"],"picked":"BootSequence","floor":23.0},{"not_picked":["Cold Snap","Beam Cell"],"picked":"Double Energy+1","floor":25.0},{"not_picked":["Compile Driver","Sweeping Beam"],"picked":"Stack","floor":28.0},{"not_picked":["Undo","Go for the Eyes","Static Discharge"],"picked":"SKIP","floor":30.0},{"not_picked":["Turbo","Streamline"],"picked":"Glacier+1","floor":31.0},{"not_picked":["Multi-Cast","Reboot"],"picked":"Buffer","floor":33.0},{"not_picked":["Redo","Tempest+1","Leap+1"],"picked":"SKIP","floor":35.0},{"not_picked":["Doom and Gloom","Steam","Redo+1"],"picked":"SKIP","floor":36.0},{"not_picked":["Stack","Sweeping Beam"],"picked":"Machine Learning","floor":41.0},{"not_picked":["Force Field","Chaos"],"picked":"Capacitor+1","floor":42.0},{"not_picked":["Leap","Hello World+1","Hologram"],"picked":"SKIP","floor":45.0},{"not_picked":["Ball Lightning","Redo"],"picked":"Compile Driver+1","floor":46.0},{"not_picked":["Stack","Buffer"],"picked":"Defragment+1","floor":48.0},{"not_picked":["Buffer","Barrage","Redo"],"picked":"SKIP","floor":55.0},{"not_picked":["Buffer","Barrage","Redo"],"picked":"SKIP","floor":55.0}],"player_experience":1502333,"relics_obtained":[{"floor":6.0,"key":"Potion Belt"},{"floor":8.0,"key":"Letter Opener"},{"floor":9.0,"key":"The Courier"},{"floor":11.0,"key":"Bag of Preparation"},{"floor":13.0,"key":"Strawberry"},{"floor":23.0,"key":"Regal Pillow"},{"floor":25.0,"key":"Art of War"},{"floor":26.0,"key":"War Paint"},{"floor":31.0,"key":"StoneCalendar"},{"floor":41.0,"key":"Bottled Flame"},{"floor":42.0,"key":"Thread and Needle"},{"floor":55.0,"key":"Bottled Lightning"}],"event_choices":[{"damage_healed":0.0,"max_hp_gain":0.0,"max_hp_loss":0.0,"gold_gain":0.0,"event_name":"Match and Keep!","player_choice":"1 cards matched","floor":3.0,"gold_loss":0.0,"damage_taken":0.0,"cards_obtained":["Shame"]},{"damage_healed":0.0,"max_hp_gain":0.0,"max_hp_loss":0.0,"gold_gain":0.0,"event_name":"Scrap Ooze","player_choice":"Success","floor":5.0,"gold_loss":0.0,"damage_taken":5.0,"relics_obtained":["Pen Nib"]},{"damage_healed":0.0,"max_hp_gain":0.0,"max_hp_loss":0.0,"gold_gain":50.0,"event_name":"Golden Shrine","player_choice":"Pray","floor":12.0,"gold_loss":0.0,"damage_taken":0.0},{"damage_healed":0.0,"max_hp_gain":0.0,"max_hp_loss":0.0,"gold_gain":0.0,"event_name":"Nest","player_choice":"Joined the Cult","floor":22.0,"gold_loss":0.0,"damage_taken":6.0,"cards_obtained":["RitualDagger"]},{"damage_healed":0.0,"max_hp_gain":0.0,"max_hp_loss":0.0,"gold_gain":0.0,"event_name":"Accursed Blacksmith","player_choice":"Forge","floor":38.0,"gold_loss":0.0,"damage_taken":0.0,"cards_upgraded":["Buffer"]},{"damage_healed":0.0,"max_hp_gain":0.0,"max_hp_loss":0.0,"gold_gain":0.0,"event_name":"Mysterious Sphere","player_choice":"Fight","floor":42.0,"gold_loss":0.0,"damage_taken":0.0}],"is_beta":false,"boss_relics":[{"not_picked":["Coffee Dripper","Velvet Choker"],"picked":"Pandora\u0027s Box"},{"not_picked":["White Beast Statue","Lizard Tail"],"picked":"Fusion Hammer"}],"items_purged_floors":[4,44],"is_endless":false,"potions_floor_spawned":[8,10,11,13,18,21,25,28,45,46],"ascension_level":20}