{"gold_per_floor":[109,109,125,125,8,8,37,37,37,37,0,0,10,28,28,104,104,120,40,53,53,73,73,73],"floor_reached":24,"playtime":940,"items_purged":[],"score":388,"play_id":"06f864bb-b645-4389-959f-2664ab5d73ab","local_time":"20190531164220","is_ascension_mode":true,"campfire_choices":[{"data":"Neutralize","floor":6.0,"key":"SMITH"},{"floor":8.0,"key":"REST"},{"data":"Bouncing Flask","floor":10.0,"key":"SMITH"},{"data":"Endless Agony","floor":15.0,"key":"SMITH"},{"data":"Adrenaline","floor":23.0,"key":"SMITH"}],"neow_cost":"NONE","seed_source_timestamp":340687773113800,"circlet_count":0,"master_deck":["AscendersBane","Defend_G","Defend_G","Defend_G","Defend_G","Defend_G","Strike_G","Strike_G+1","Strike_G+1","Survivor","Neutralize+1","Blur","Endless Agony+1","Bouncing Flask+1","Dagger Spray","Cloak And Dagger","Adrenaline+1","PiercingWail","Catalyst","Flying Knee"],"special_seed":0,"relics":["Ring of the Snake","Whetstone","Calipers","Sozu"],"potions_floor_usage":[],"damage_taken":[{"damage":1.0,"enemies":"Small Slimes","floor":1.0,"turns":4.0},{"damage":6.0,"enemies":"Jaw Worm","floor":3.0,"turns":7.0},{"damage":56.0,"enemies":"Gremlin Nob","floor":7.0,"turns":5.0},{"damage":0.0,"enemies":"Cultist","floor":13.0,"turns":3.0},{"damage":0.0,"enemies":"Looter","floor":14.0,"turns":4.0},{"damage":21.0,"enemies":"The Guardian","floor":16.0,"turns":10.0},{"damage":2.0,"enemies":"3 Byrds","floor":18.0,"turns":5.0},{"damage":17.0,"enemies":"Shell Parasite","floor":20.0,"turns":6.0},{"damage":0.0,"enemies":"Snake Plant","floor":22.0,"turns":4.0},{"damage":49,"enemies":"Gremlin Leader","floor":24,"turns":4}],"seed_played":"-112419507695825359","potions_obtained":[{"floor":1.0,"key":"Regen Potion"},{"floor":14.0,"key":"EssenceOfSteel"}],"is_trial":false,"path_per_floor":["M","?","M","?","$","R","E","R","T","R","?","?","M","M","R","B",null,"M","$","M","?","M","R","E"],"character_chosen":"THE_SILENT","items_purchased":["Bouncing Flask","Dagger Spray","Catalyst"],"campfire_rested":1,"item_purchase_floors":[5,5,19],"current_hp_per_floor":[64,64,58,58,58,58,11,32,32,32,32,25,25,25,25,4,55,53,53,36,36,36,36,0],"gold":73,"neow_bonus":"TEN_PERCENT_HP_BONUS","is_prod":false,"is_daily":false,"chose_seed":false,"campfire_upgraded":4,"win_rate":0,"timestamp":1559335340,"path_taken":["M","?","M","?","$","R","E","R","T","R","?","?","M","M","R","BOSS","M","$","M","?","M","R","E"],"build_version":"2019-01-23","purchased_purges":0,"victory":false,"max_hp_per_floor":[72,72,72,72,72,72,72,72,72,72,72,72,72,72,72,72,72,72,72,72,72,72,72,72],"card_choices":[{"not_picked":["Caltrops","PiercingWail"],"picked":"Blur","floor":1.0},{"not_picked":["Prepared","Blade Dance"],"picked":"Endless Agony","floor":3.0},{"not_picked":["All Out Attack","Blade Dance","Prepared"],"picked":"SKIP","floor":7.0},{"not_picked":["Riddle With Holes","Poisoned Stab","Setup"],"picked":"SKIP","floor":13.0},{"not_picked":["Underhanded Strike","Distraction"],"picked":"Cloak And Dagger","floor":14.0},{"not_picked":["Malaise","Grand Finale"],"picked":"Adrenaline","floor":16.0},{"not_picked":["Reflex","Infinite Blades"],"picked":"PiercingWail","floor":18.0},{"not_picked":["Finisher","Outmaneuver+1"],"picked":"Flying Knee","floor":20.0},{"not_picked":["Tactician","Dagger Throw","Prepared"],"picked":"SKIP","floor":22.0}],"player_experience":1121998,"relics_obtained":[{"floor":7.0,"key":"Whetstone"},{"floor":9.0,"key":"Calipers"}],"event_choices":[{"damage_healed":0.0,"max_hp_gain":0.0,"max_hp_loss":0.0,"gold_gain":0.0,"event_name":"The Cleric","player_choice":"Leave","floor":2.0,"gold_loss":0.0,"damage_taken":0.0},{"damage_healed":0.0,"max_hp_gain":0.0,"max_hp_loss":0.0,"gold_gain":0.0,"event_name":"Golden Idol","player_choice":"Ignored","floor":4.0,"gold_loss":0.0,"damage_taken":0.0},{"damage_healed":0.0,"max_hp_gain":0.0,"max_hp_loss":0.0,"gold_gain":0.0,"event_name":"World of Goop","player_choice":"Left Gold","floor":11.0,"gold_loss":37.0,"damage_taken":0.0},{"cards_removed":["Strike_G"],"damage_healed":0.0,"max_hp_gain":0.0,"max_hp_loss":0.0,"gold_gain":0.0,"event_name":"Golden Wing","player_choice":"Card Removal","floor":12.0,"gold_loss":0.0,"damage_taken":7.0},{"cards_removed":["Strike_G"],"damage_healed":0.0,"max_hp_gain":0.0,"max_hp_loss":0.0,"gold_gain":0.0,"event_name":"Purifier","player_choice":"Purged","floor":21.0,"gold_loss":0.0,"damage_taken":0.0}],"is_beta":false,"boss_relics":[{"not_picked":["Calling Bell","Coffee Dripper"],"picked":"Sozu"}],"items_purged_floors":[],"is_endless":false,"potions_floor_spawned":[1,14,20],"killed_by":"Gremlin Leader","ascension_level":20}