{"gold_per_floor":[113,113,21,33,0,35,35,62,117,128,128,142,142,171,171,245,245,256,256,31,35,35,35,64,64,109,109,127,155,155,170,170,244,244,263,263,276,276,296,296,296,325,325,40,52,52,52,69,69,69,69,69,69,12,12],"floor_reached":55,"playtime":3700,"items_purged":["Hello World"],"score":1852,"play_id":"340d0328-fa82-43a9-ab9c-ece079bd937d","local_time":"20190702165046","is_ascension_mode":true,"campfire_choices":[{"data":"Go for the Eyes","floor":7.0,"key":"SMITH"},{"floor":11.0,"key":"REST"},{"floor":13.0,"key":"REST"},{"data":"Loop","floor":15.0,"key":"SMITH"},{"data":"Chill","floor":23.0,"key":"SMITH"},{"data":"Blizzard","floor":27.0,"key":"SMITH"},{"data":"Defragment","floor":32.0,"key":"SMITH"},{"data":"Coolheaded","floor":40.0,"key":"SMITH"},{"floor":46.0,"key":"RECALL"},{"floor":49.0,"key":"REST"},{"data":"Machine Learning","floor":53.0,"key":"SMITH"}],"neow_cost":"NONE","seed_source_timestamp":0,"circlet_count":0,"master_deck":["AscendersBane","Strike_B+1","Defend_B","Defend_B","Defend_B","Zap+1","Dualcast","Go for the Eyes+1","Glacier","Loop+1","All For One+1","Conserve Battery","Chill+1","Core Surge","Blizzard+1","Cold Snap","Coolheaded","Go for the Eyes","Hologram","Melter","Machine Learning+1","Defragment+1","Seek","Reinforced Body","Coolheaded+1","Mind Blast","Coolheaded+1"],"special_seed":0,"relics":["Cracked Core","Lantern","PreservedInsect","Tiny Chest","Boot","Philosopher\u0027s Stone","Unceasing Top","Whetstone","Bronze Scales","Snecko Eye","Juzu Bracelet","Runic Capacitor"],"potions_floor_usage":[55],"damage_taken":[{"damage":2.0,"enemies":"Jaw Worm","floor":1.0,"turns":2.0},{"damage":2.0,"enemies":"Small Slimes","floor":4.0,"turns":4.0},{"damage":17.0,"enemies":"Lagavulin","floor":6.0,"turns":9.0},{"damage":39.0,"enemies":"Gremlin Nob","floor":8.0,"turns":4.0},{"damage":2.0,"enemies":"2 Louse","floor":10.0,"turns":3.0},{"damage":9.0,"enemies":"Exordium Thugs","floor":12.0,"turns":5.0},{"damage":3.0,"enemies":"3 Sentries","floor":14.0,"turns":5.0},{"damage":9.0,"enemies":"Hexaghost","floor":16.0,"turns":9.0},{"damage":0.0,"enemies":"Chosen","floor":18.0,"turns":5.0},{"damage":14.0,"enemies":"2 Thieves","floor":21.0,"turns":4.0},{"damage":26.0,"enemies":"Slavers","floor":24.0,"turns":5.0},{"damage":3.0,"enemies":"Centurion and Healer","floor":28.0,"turns":6.0},{"damage":29.0,"enemies":"Gremlin Leader","floor":29.0,"turns":8.0},{"damage":10.0,"enemies":"Snecko","floor":31.0,"turns":5.0},{"damage":20.0,"enemies":"Champ","floor":33.0,"turns":17.0},{"damage":0.0,"enemies":"3 Shapes","floor":35.0,"turns":5.0},{"damage":7.0,"enemies":"3 Darklings","floor":37.0,"turns":7.0},{"damage":0.0,"enemies":"Writhing Mass","floor":39.0,"turns":8.0},{"damage":16.0,"enemies":"Nemesis","floor":42.0,"turns":15.0},{"damage":0.0,"enemies":"Transient","floor":45.0,"turns":6.0},{"damage":7.0,"enemies":"Spire Growth","floor":48.0,"turns":7.0},{"damage":5.0,"enemies":"Awakened One","floor":50.0,"turns":20.0},{"damage":2.0,"enemies":"Time Eater","floor":51.0,"turns":18.0},{"damage":87,"enemies":"Shield and Spear","floor":55,"turns":2}],"seed_played":"1763013905448736772","potions_obtained":[{"floor":6.0,"key":"Dexterity Potion"},{"floor":10.0,"key":"Swift Potion"},{"floor":16.0,"key":"Swift Potion"},{"floor":19.0,"key":"LiquidBronze"},{"floor":24.0,"key":"FocusPotion"},{"floor":29.0,"key":"Ancient Potion"},{"floor":33.0,"key":"SkillPotion"},{"floor":37.0,"key":"Block Potion"},{"floor":39.0,"key":"Explosive Potion"}],"is_trial":false,"path_per_floor":["M","?","$","M","?","E","R","E","T","M","R","M","R","E","R","B",null,"M","?","$","M","$","R","E","?","T","R","M","E","?","M","R","B",null,"M","?","M","?","M","R","?","E","T","$","M","R","?","M","R","B","B",null,"R","$","E"],"character_chosen":"DEFECT","items_purchased":["Glacier","Explosive Potion","All For One","Cold Snap","Runic Capacitor","Fire Potion"],"campfire_rested":3,"item_purchase_floors":[3,3,20,20,44,54],"current_hp_per_floor":[62,67,67,65,65,48,48,9,9,7,29,20,42,39,39,30,65,65,65,65,51,51,51,25,86,86,86,83,54,54,44,44,24,71,71,71,64,86,86,86,76,60,60,60,60,60,60,53,78,73,71,82,82,82,0],"gold":12,"neow_bonus":"UPGRADE_CARD","is_prod":false,"is_daily":false,"chose_seed":false,"campfire_upgraded":7,"win_rate":0,"timestamp":1562100646,"path_taken":["M","?","$","M","?","E","R","E","T","M","R","M","R","E","R","BOSS","M","?","$","M","?","R","E","?","T","R","?","E","?","M","R","BOSS","M","?","?","?","?","R","?","E","T","$","M","R","?","M","R","BOSS","BOSS","R","$","E"],"build_version":"2019-07-01","purchased_purges":1,"victory":false,"max_hp_per_floor":[71,76,76,76,76,76,76,76,76,76,76,76,76,76,76,76,76,76,76,76,76,76,76,76,86,86,86,86,86,86,86,86,86,86,86,86,86,86,86,86,86,86,86,86,86,86,86,86,86,86,86,86,86,86,86],"card_choices":[{"not_picked":["Stack","Leap"],"picked":"Go for the Eyes","floor":1.0},{"not_picked":["Skim","Heatsinks"],"picked":"Hello World","floor":4.0},{"not_picked":["Go for the Eyes","Consume"],"picked":"Loop","floor":6.0},{"not_picked":["Conserve Battery","Lockon"],"picked":"All For One","floor":8.0},{"not_picked":["Compile Driver","Gash"],"picked":"Conserve Battery","floor":10.0},{"not_picked":["Turbo","Reprogram","Gash"],"picked":"SKIP","floor":12.0},{"not_picked":["Reboot","Conserve Battery"],"picked":"Chill","floor":14.0},{"not_picked":["Reboot","Hyperbeam"],"picked":"Core Surge","floor":16.0},{"not_picked":["Fusion","Leap"],"picked":"Blizzard","floor":18.0},{"not_picked":["Stack","Melter+1"],"picked":"Coolheaded","floor":21.0},{"not_picked":["BootSequence","Ball Lightning"],"picked":"Go for the Eyes","floor":24.0},{"not_picked":["Go for the Eyes+1","Gash"],"picked":"Hologram","floor":28.0},{"not_picked":["Gash","Hologram","Streamline"],"picked":"SKIP","floor":29.0},{"not_picked":["Tempest","Static Discharge"],"picked":"Defragment","floor":31.0},{"not_picked":["Electrodynamics","Buffer"],"picked":"Seek","floor":33.0},{"not_picked":["Barrage+1","Stack","Self Repair+1"],"picked":"SKIP","floor":35.0},{"not_picked":["Leap","Go for the Eyes+1","Hello World"],"picked":"SKIP","floor":37.0},{"not_picked":["Hello World+1","Streamline"],"picked":"Coolheaded","floor":39.0},{"not_picked":["Finesse","Chrysalis"],"picked":"Mind Blast","floor":41.0},{"not_picked":["Lockon","Chaos+1"],"picked":"Coolheaded+1","floor":42.0},{"not_picked":["Beam Cell","Rip and Tear","Force Field+1"],"picked":"SKIP","floor":45.0},{"not_picked":["Sweeping Beam+1","Conserve Battery","Loop"],"picked":"SKIP","floor":48.0}],"player_experience":1260382,"relics_obtained":[{"floor":6.0,"key":"Lantern"},{"floor":8.0,"key":"PreservedInsect"},{"floor":9.0,"key":"Tiny Chest"},{"floor":14.0,"key":"Boot"},{"floor":24.0,"key":"Unceasing Top"},{"floor":26.0,"key":"Whetstone"},{"floor":29.0,"key":"Bronze Scales"},{"floor":42.0,"key":"Juzu Bracelet"}],"event_choices":[{"damage_healed":0.0,"max_hp_gain":5.0,"max_hp_loss":0.0,"gold_gain":0.0,"event_name":"Big Fish","player_choice":"Donut","floor":2.0,"gold_loss":0.0,"damage_taken":0.0},{"damage_healed":0.0,"max_hp_gain":0.0,"max_hp_loss":0.0,"gold_gain":0.0,"event_name":"World of Goop","player_choice":"Left Gold","floor":5.0,"gold_loss":33.0,"damage_taken":0.0},{"damage_healed":0.0,"max_hp_gain":0.0,"max_hp_loss":0.0,"gold_gain":0.0,"event_name":"Lab","player_choice":"Got Potions","floor":19.0,"gold_loss":0.0,"damage_taken":0.0},{"cards_removed":["All For One"],"damage_healed":51.0,"max_hp_gain":10.0,"max_hp_loss":0.0,"gold_gain":0.0,"event_name":"Bonfire Elementals","player_choice":"Offered Rare","floor":25.0,"gold_loss":0.0,"damage_taken":0.0},{"damage_healed":0.0,"max_hp_gain":0.0,"max_hp_loss":0.0,"gold_gain":0.0,"cards_transformed":["Strike_B","Strike_B"],"event_name":"Drug Dealer","player_choice":"Became Test Subject","floor":30.0,"gold_loss":0.0,"damage_taken":0.0,"cards_obtained":["Melter","Machine Learning"]},{"damage_healed":0.0,"max_hp_gain":0.0,"max_hp_loss":0.0,"gold_gain":0.0,"cards_transformed":["Strike_B"],"event_name":"Transmorgrifier","player_choice":"Transformed","floor":36.0,"gold_loss":0.0,"damage_taken":0.0,"cards_obtained":["Reinforced Body"]},{"damage_healed":22.0,"max_hp_gain":0.0,"max_hp_loss":0.0,"gold_gain":0.0,"event_name":"Wheel of Change","player_choice":"Full Heal","floor":38.0,"gold_loss":0.0,"damage_taken":0.0},{"damage_healed":0.0,"max_hp_gain":0.0,"max_hp_loss":0.0,"gold_gain":0.0,"event_name":"SensoryStone","player_choice":"Memory 3","floor":41.0,"gold_loss":0.0,"damage_taken":10.0},{"cards_removed":["Defend_B"],"damage_healed":0.0,"max_hp_gain":0.0,"max_hp_loss":0.0,"gold_gain":0.0,"event_name":"Purifier","player_choice":"Purged","floor":47.0,"gold_loss":0.0,"damage_taken":0.0}],"is_beta":false,"boss_relics":[{"not_picked":["Empty Cage","Lizard Tail"],"picked":"Philosopher\u0027s Stone"},{"not_picked":["White Beast Statue","FrozenCore"],"picked":"Snecko Eye"}],"items_purged_floors":[44],"is_endless":false,"potions_floor_spawned":[6,10,12,14,16,24,29,31,33,37,39],"killed_by":"Shield and Spear","ascension_level":20}