{"gold_per_floor":[111,111,122,21,37,37,70,84,84,84,84,159,188,212,212,307,307,323,52,41,241,51,51,62,72,72,45,64,64,114,139,139,240,240,256,59,71,89,89,89,102,102,151,161,181,181,195,207,207,207],"floor_reached":51,"playtime":2303,"items_purged":["Strike_G"],"score":729,"play_id":"ce1c6750-d395-4922-ac6a-87856ab9771c","local_time":"20190804165227","is_ascension_mode":false,"campfire_choices":[{"data":"Deadly Poison","floor":6.0,"key":"SMITH"},{"data":"Crippling Poison","floor":10.0,"key":"SMITH"},{"data":"Footwork","floor":15.0,"key":"SMITH"},{"data":"Noxious Fumes","floor":23.0,"key":"SMITH"},{"data":"Neutralize","floor":32,"key":"SMITH"},{"data":"Backstab","floor":40,"key":"SMITH"},{"floor":46,"key":"REST"},{"data":"After Image","floor":49,"key":"SMITH"}],"neow_cost":"NONE","seed_source_timestamp":1162575728959500,"circlet_count":0,"master_deck":["Strike_G","Defend_G","Defend_G","Defend_G","Defend_G","Defend_G","Survivor","Neutralize+1","Blade Dance","Backstab+1","Accuracy","Poisoned Stab","Footwork+1","Poisoned Stab","Deadly Poison+1","Crippling Poison+1","Infinite Blades","Doppelganger+1","Phantasmal Killer+1","Dagger Spray","Dodge and Roll+1","Dagger Spray+1","Noxious Fumes+1","Backflip+1","Dodge and Roll+1","Prepared+1","Deadly Poison+1","Cloak And Dagger+1","Night Terror+1","Burst+1","Catalyst+1","After Image+1","Footwork+1","Backflip+1","Backflip+1","Leg Sweep+1"],"special_seed":0,"relics":["Ring of the Snake","Blue Candle","Toxic Egg 2","Ninja Scroll","Odd Mushroom","Sozu","Mercury Hourglass","Potion Belt","Bottled Flame","Eternal Feather","Chemical X","Bronze Scales"],"potions_floor_usage":[50,50,50],"damage_taken":[{"damage":0.0,"enemies":"2 Louse","floor":1.0,"turns":3.0},{"damage":0.0,"enemies":"Cultist","floor":3.0,"turns":4.0},{"damage":1.0,"enemies":"Jaw Worm","floor":5.0,"turns":4.0},{"damage":18.0,"enemies":"Gremlin Nob","floor":7.0,"turns":6.0},{"damage":0.0,"enemies":"3 Louse","floor":8.0,"turns":2.0},{"damage":8.0,"enemies":"3 Sentries","floor":13.0,"turns":7.0},{"damage":0.0,"enemies":"The Mushroom Lair","floor":14.0,"turns":2.0},{"damage":20.0,"enemies":"Slime Boss","floor":16.0,"turns":10.0},{"damage":2.0,"enemies":"Spheric Guardian","floor":18.0,"turns":3.0},{"damage":7.0,"enemies":"2 Thieves","floor":20.0,"turns":4.0},{"damage":1.0,"enemies":"Cultist and Chosen","floor":24.0,"turns":3.0},{"damage":2.0,"enemies":"Centurion and Healer","floor":25.0,"turns":4.0},{"damage":0.0,"enemies":"Chosen and Byrds","floor":28.0,"turns":4.0},{"damage":18,"enemies":"Book of Stabbing","floor":31,"turns":5},{"damage":31,"enemies":"Automaton","floor":33,"turns":8},{"damage":12,"enemies":"Orb Walker","floor":35,"turns":4},{"damage":12,"enemies":"3 Darklings","floor":37,"turns":4},{"damage":6,"enemies":"Spire Growth","floor":38,"turns":3},{"damage":24,"enemies":"Sphere and 2 Shapes","floor":41,"turns":5},{"damage":0,"enemies":"4 Shapes","floor":44,"turns":4},{"damage":5,"enemies":"Jaw Worm Horde","floor":45,"turns":5},{"damage":0,"enemies":"Maw","floor":47,"turns":5},{"damage":15,"enemies":"Writhing Mass","floor":48,"turns":5},{"damage":10,"enemies":"Donu and Deca","floor":50,"turns":12}],"seed_played":"1550519158681621597","potions_obtained":[{"floor":1.0,"key":"Dexterity Potion"},{"floor":5.0,"key":"Weak Potion"},{"floor":8.0,"key":"PowerPotion"},{"floor":13.0,"key":"LiquidBronze"}],"is_trial":false,"path_per_floor":["M","?","M","$","M","R","E","M","T","R","?","?","E","?","R","B",null,"M","$","M","?","$","R","M","M","T","$","M","?","?","E","R","B",null,"M","$","M","M","?","R","M","?","T","M","M","R","M","M","R","B",null],"character_chosen":"THE_SILENT","items_purchased":["Footwork","Poisoned Stab","Mercury Hourglass","Dodge and Roll+1","Noxious Fumes","Backflip+1","Deadly Poison+1","Chemical X"],"campfire_rested":1,"item_purchase_floors":[4,4,19,19,22,22,27,36],"current_hp_per_floor":[70,70,70,70,69,69,51,51,51,51,44,33,25,25,25,5,70,68,68,61,61,61,61,60,58,58,58,58,58,58,40,40,9,70,58,58,46,40,40,58,34,34,34,34,29,68,68,53,70,60],"gold":207,"neow_bonus":"THREE_CARDS","is_prod":false,"is_daily":false,"chose_seed":false,"campfire_upgraded":7,"win_rate":1,"timestamp":1564905147,"path_taken":["M","?","?","$","M","R","E","M","T","R","?","?","E","?","R","BOSS","M","$","M","?","?","R","?","M","T","$","M","?","?","E","R","BOSS","M","$","M","?","?","R","M","?","T","M","M","R","M","M","R","BOSS"],"build_version":"2019-07-17","purchased_purges":1,"victory":true,"max_hp_per_floor":[70,70,70,70,70,70,70,70,70,70,70,70,70,70,70,70,70,70,70,70,70,70,70,70,70,70,70,70,70,70,70,70,70,70,70,70,70,70,70,70,70,70,70,70,70,70,70,70,70,70],"card_choices":[{"not_picked":["Underhanded Strike","Accuracy"],"picked":"Blade Dance","floor":0.0},{"not_picked":["Slice","Bane"],"picked":"Backstab","floor":1.0},{"not_picked":["Underhanded Strike","Calculated Gamble"],"picked":"Poisoned Stab","floor":3.0},{"not_picked":["Caltrops","Endless Agony"],"picked":"Deadly Poison","floor":5.0},{"not_picked":["Dagger Spray","Terror"],"picked":"Crippling Poison","floor":7.0},{"not_picked":["Tactician","Poisoned Stab","Reflex"],"picked":"SKIP","floor":8.0},{"not_picked":["Dagger Throw","Dagger Spray"],"picked":"Infinite Blades","floor":13.0},{"not_picked":["Setup+1","Flying Knee"],"picked":"Doppelganger+1","floor":14.0},{"not_picked":["Bullet Time+1","Storm of Steel+1"],"picked":"Phantasmal Killer+1","floor":16.0},{"not_picked":["Distraction+1","Underhanded Strike"],"picked":"Dagger Spray","floor":18.0},{"not_picked":["Backflip+1","Poisoned Stab+1"],"picked":"Dagger Spray+1","floor":20.0},{"not_picked":["Dagger Throw","Prepared+1"],"picked":"Dodge and Roll+1","floor":24.0},{"not_picked":["Sucker Punch","Slice"],"picked":"Prepared+1","floor":25.0},{"not_picked":["Poisoned Stab","Venomology+1"],"picked":"Cloak And Dagger+1","floor":28.0},{"not_picked":["Poisoned Stab+1","Endless Agony"],"picked":"Night Terror+1","floor":31},{"not_picked":["Storm of Steel+1","Venomology+1"],"picked":"Burst+1","floor":33},{"not_picked":["Dagger Throw+1","Blur+1"],"picked":"Catalyst+1","floor":35},{"not_picked":["Bane+1","Quick Slash","Blade Dance+1"],"picked":"SKIP","floor":37},{"not_picked":["Endless Agony+1","Underhanded Strike","Slice"],"picked":"SKIP","floor":38},{"not_picked":["Underhanded Strike","Choke"],"picked":"After Image","floor":41},{"not_picked":["Deadly Poison+1","Expertise+1"],"picked":"Footwork+1","floor":44},{"not_picked":["Accuracy+1","Underhanded Strike+1"],"picked":"Backflip+1","floor":45},{"not_picked":["Poisoned Stab+1","PiercingWail+1"],"picked":"Backflip+1","floor":47},{"not_picked":["Backstab","Dash+1"],"picked":"Leg Sweep+1","floor":48}],"player_experience":132374,"relics_obtained":[{"floor":7.0,"key":"Blue Candle"},{"floor":9.0,"key":"Toxic Egg 2"},{"floor":13.0,"key":"Ninja Scroll"},{"floor":14.0,"key":"Odd Mushroom"},{"floor":26.0,"key":"Potion Belt"},{"floor":31,"key":"Bottled Flame"},{"floor":43,"key":"Bronze Scales"}],"event_choices":[{"damage_healed":0.0,"max_hp_gain":0.0,"max_hp_loss":0.0,"gold_gain":0.0,"cards_transformed":["Strike_G"],"event_name":"Transmorgrifier","player_choice":"Transformed","floor":2.0,"gold_loss":0.0,"damage_taken":0.0,"cards_obtained":["Accuracy"]},{"cards_removed":["Strike_G"],"damage_healed":0.0,"max_hp_gain":0.0,"max_hp_loss":0.0,"gold_gain":0.0,"event_name":"Golden Wing","player_choice":"Card Removal","floor":11.0,"gold_loss":0.0,"damage_taken":7.0},{"damage_healed":0.0,"max_hp_gain":0.0,"max_hp_loss":0.0,"gold_gain":75.0,"event_name":"World of Goop","player_choice":"Gather Gold","floor":12.0,"gold_loss":0.0,"damage_taken":11.0},{"damage_healed":0.0,"max_hp_gain":0.0,"max_hp_loss":0.0,"gold_gain":0.0,"event_name":"Mushrooms","player_choice":"Fought Mushrooms","floor":14.0,"gold_loss":0.0,"damage_taken":0.0},{"damage_healed":0.0,"max_hp_gain":0.0,"max_hp_loss":0.0,"gold_gain":200.0,"event_name":"Wheel of Change","player_choice":"Gold","floor":21.0,"gold_loss":0.0,"damage_taken":0.0},{"damage_healed":0.0,"max_hp_gain":0.0,"max_hp_loss":0.0,"gold_gain":0.0,"event_name":"Vampires","player_choice":"Ignored","floor":29.0,"gold_loss":0.0,"damage_taken":0.0},{"damage_healed":0,"gold_gain":100,"player_choice":"Bet on Murderer","damage_taken":0,"max_hp_gain":0,"max_hp_loss":0,"event_name":"The Joust","floor":30,"gold_loss":50},{"damage_healed":0,"gold_gain":0,"player_choice":"Ignored","damage_taken":0,"max_hp_gain":0,"max_hp_loss":0,"event_name":"Mysterious Sphere","floor":39,"gold_loss":0},{"cards_removed":["Strike_G"],"damage_healed":0,"gold_gain":0,"player_choice":"Removed Attack","damage_taken":0,"max_hp_gain":0,"max_hp_loss":0,"event_name":"Falling","floor":42,"gold_loss":0}],"is_beta":false,"boss_relics":[{"not_picked":["WristBlade","Pandora\u0027s Box"],"picked":"Sozu"},{"not_picked":["White Beast Statue","Ring of the Serpent"],"picked":"Eternal Feather"}],"items_purged_floors":[22],"is_endless":false,"potions_floor_spawned":[1,5,8,13,16,24,25,28,35,38,41,47],"ascension_level":0}