{"gold_per_floor":[109,128,148,148,67,67,94,107,107,137,157,171,171,200,200,271,271,288,288,288,300,62,62,81,114,114,146,146,46,57,67,67,141,141,160,179,193,193,210,244,244,244,269,279,279,313,331,347,347,347,347,347,347,139,168,168],"floor_reached":56,"playtime":3349,"items_purged":["Strike_B","Strike_B","Defend_B"],"score":2092,"play_id":"a57b1162-b832-4e00-81f3-b9cf67ca607c","local_time":"20190901190912","is_ascension_mode":true,"campfire_choices":[{"data":"Sunder","floor":6.0,"key":"SMITH"},{"data":"Genetic Algorithm","floor":13.0,"key":"SMITH"},{"data":"Streamline","floor":15.0,"key":"SMITH"},{"data":"Hologram","floor":23.0,"key":"SMITH"},{"data":"Reinforced Body","floor":28.0,"key":"SMITH"},{"data":"Undo","floor":32.0,"key":"SMITH"},{"data":"1","floor":41.0,"key":"LIFT"},{"floor":45.0,"key":"RECALL"},{"data":"Heatsinks","floor":49.0,"key":"SMITH"},{"data":"2","floor":53.0,"key":"LIFT"}],"neow_cost":"NONE","seed_source_timestamp":0,"circlet_count":0,"master_deck":["AscendersBane","Defend_B","Defend_B","Defend_B+1","Zap","Dualcast+1","Sunder+1","Ball Lightning","Streamline+1","Undo+1","Genetic Algorithm+1","Glacier","Creative AI","Meteor Strike+1","Hologram+1","Doom and Gloom+1","Reinforced Body+1","Compile Driver+1","Buffer+1","Undo","Compile Driver+1","Sunder+1","Heatsinks+1"],"special_seed":0,"relics":["Snecko Eye","Art of War","Meat on the Bone","Molten Egg 2","PreservedInsect","Inserter","Anchor","Centennial Puzzle","Bottled Tornado","Empty Cage","Girya","Bronze Scales","Ice Cream","War Paint"],"potions_floor_usage":[56],"damage_taken":[{"damage":7.0,"enemies":"2 Louse","floor":1.0,"turns":2.0},{"damage":0.0,"enemies":"Cultist","floor":2.0,"turns":2.0},{"damage":7.0,"enemies":"Jaw Worm","floor":3.0,"turns":2.0},{"damage":17.0,"enemies":"Lagavulin","floor":7.0,"turns":4.0},{"damage":0.0,"enemies":"3 Louse","floor":8.0,"turns":2.0},{"damage":0.0,"enemies":"3 Sentries","floor":10.0,"turns":4.0},{"damage":1.0,"enemies":"Lots of Slimes","floor":11.0,"turns":4.0},{"damage":4.0,"enemies":"Looter","floor":12.0,"turns":3.0},{"damage":12.0,"enemies":"Lagavulin","floor":14.0,"turns":6.0},{"damage":24.0,"enemies":"Hexaghost","floor":16.0,"turns":7.0},{"damage":0.0,"enemies":"Chosen","floor":18.0,"turns":3.0},{"damage":0.0,"enemies":"2 Thieves","floor":21.0,"turns":3.0},{"damage":19.0,"enemies":"Cultist and Chosen","floor":24.0,"turns":5.0},{"damage":0.0,"enemies":"Gremlin Leader","floor":25.0,"turns":5.0},{"damage":0.0,"enemies":"Slavers","floor":27.0,"turns":3.0},{"damage":0.0,"enemies":"Chosen and Byrds","floor":30.0,"turns":4.0},{"damage":0.0,"enemies":"3 Cultists","floor":31.0,"turns":3.0},{"damage":6.0,"enemies":"Automaton","floor":33.0,"turns":8.0},{"damage":0.0,"enemies":"Orb Walker","floor":35.0,"turns":3.0},{"damage":0.0,"enemies":"3 Darklings","floor":36.0,"turns":3.0},{"damage":4.0,"enemies":"4 Shapes","floor":37.0,"turns":5.0},{"damage":0.0,"enemies":"Jaw Worm Horde","floor":39.0,"turns":3.0},{"damage":7.0,"enemies":"Nemesis","floor":40.0,"turns":3.0},{"damage":2.0,"enemies":"Sphere and 2 Shapes","floor":44.0,"turns":8.0},{"damage":0.0,"enemies":"Giant Head","floor":46.0,"turns":7.0},{"damage":0.0,"enemies":"4 Shapes","floor":47.0,"turns":4.0},{"damage":0.0,"enemies":"Maw","floor":48.0,"turns":5.0},{"damage":23.0,"enemies":"Donu and Deca","floor":50.0,"turns":10.0},{"damage":24.0,"enemies":"Time Eater","floor":51.0,"turns":12.0},{"damage":23.0,"enemies":"Shield and Spear","floor":55.0,"turns":5.0},{"damage":46,"enemies":"The Heart","floor":56,"turns":5}],"seed_played":"-5914989831361240594","potions_obtained":[{"floor":3.0,"key":"GamblersBrew"},{"floor":4.0,"key":"AttackPotion"},{"floor":10.0,"key":"Energy Potion"},{"floor":11.0,"key":"Fruit Juice"},{"floor":12.0,"key":"Ancient Potion"},{"floor":16.0,"key":"Regen Potion"},{"floor":21.0,"key":"Fire Potion"},{"floor":25.0,"key":"Swift Potion"},{"floor":37.0,"key":"Regen Potion"},{"floor":47.0,"key":"Energy Potion"},{"floor":55.0,"key":"SteroidPotion"}],"is_trial":false,"path_per_floor":["M","M","M","?","$","R","E","M","T","E","M","M","R","E","R","B",null,"M","?","?","M","$","R","M","E","T","E","R","$","M","M","R","B",null,"M","M","M","?","M","E","R","?","T","M","R","E","M","M","R","B","B",null,"R","$","E","B"],"character_chosen":"DEFECT","items_purchased":["Undo","Anchor","FocusPotion"],"campfire_rested":0,"item_purchase_floors":[5,22,54],"current_hp_per_floor":[57,57,50,50,50,50,33,33,33,45,44,45,45,45,45,33,65,65,65,65,65,65,65,46,60,60,60,60,60,60,60,60,54,71,71,71,67,67,67,60,60,60,60,58,58,58,58,58,58,50,38,67,67,67,44,0],"gold":168,"neow_bonus":"BOSS_RELIC","is_prod":false,"is_daily":false,"chose_seed":false,"campfire_upgraded":7,"win_rate":0,"timestamp":1567379352,"path_taken":["M","M","M","?","?","R","E","M","T","E","M","M","R","E","R","BOSS","M","?","?","M","$","R","M","E","T","E","R","$","M","M","R","BOSS","M","M","?","?","M","E","R","?","T","?","R","E","M","M","R","BOSS","BOSS","R","$","E","BOSS"],"build_version":"2019-08-26","purchased_purges":3,"victory":false,"max_hp_per_floor":[71,71,71,71,71,71,71,71,71,71,71,76,76,76,76,76,76,76,76,76,76,76,76,76,76,76,76,76,76,76,76,76,76,76,76,76,76,76,76,76,76,76,76,76,76,76,76,76,76,76,76,76,76,76,76,76],"card_choices":[{"not_picked":["Redo","Rebound"],"picked":"Sunder","floor":1.0},{"not_picked":["Redo","Blizzard"],"picked":"Ball Lightning","floor":2.0},{"not_picked":["Beam Cell","Barrage"],"picked":"Streamline","floor":3.0},{"not_picked":["Turbo","Hologram"],"picked":"Genetic Algorithm","floor":7.0},{"not_picked":["Coolheaded","FTL"],"picked":"Glacier","floor":8.0},{"not_picked":["Loop","Rebound"],"picked":"Creative AI","floor":10.0},{"not_picked":["Blizzard+1","Rebound+1","Self Repair"],"picked":"SKIP","floor":11.0},{"not_picked":["Conserve Battery","Go for the Eyes+1","Ball Lightning+1"],"picked":"SKIP","floor":12.0},{"not_picked":["Cold Snap+1","Ball Lightning+1","Steam"],"picked":"SKIP","floor":14.0},{"not_picked":["Buffer","Thunder Strike+1"],"picked":"Meteor Strike+1","floor":16.0},{"not_picked":["Steam","Auto Shields"],"picked":"Hologram","floor":18.0},{"not_picked":["Coolheaded","Fusion","Capacitor"],"picked":"SKIP","floor":21.0},{"not_picked":["Go for the Eyes+1","Conserve Battery"],"picked":"Reinforced Body","floor":24.0},{"not_picked":["Rebound+1","Capacitor","Chaos"],"picked":"SKIP","floor":25.0},{"not_picked":["Leap","Turbo","Cold Snap+1"],"picked":"SKIP","floor":27.0},{"not_picked":["Leap","Turbo","Streamline+1"],"picked":"SKIP","floor":30.0},{"not_picked":["Turbo","Conserve Battery"],"picked":"Compile Driver+1","floor":31.0},{"not_picked":["Reboot","Rainbow"],"picked":"Buffer","floor":33.0},{"not_picked":["Turbo","BootSequence+1"],"picked":"Undo","floor":35.0},{"not_picked":["Loop+1","Chill+1","Hello World"],"picked":"SKIP","floor":36.0},{"not_picked":["Conserve Battery+1","Streamline+1","Rebound+1"],"picked":"SKIP","floor":37.0},{"not_picked":["Steam","Recycle"],"picked":"Compile Driver+1","floor":39.0},{"not_picked":["Self Repair","Buffer"],"picked":"Sunder+1","floor":40.0},{"not_picked":["Leap","Rebound+1","Cold Snap+1"],"picked":"SKIP","floor":44.0},{"not_picked":["Beam Cell+1","Stack","Hyperbeam+1"],"picked":"SKIP","floor":46.0},{"not_picked":["Cold Snap+1","Consume"],"picked":"Heatsinks","floor":47.0},{"not_picked":["Rebound+1","Recycle","Heatsinks"],"picked":"SKIP","floor":48.0},{"not_picked":["Barrage+1","Ball Lightning+1","Gash+1"],"picked":"SKIP","floor":55.0}],"player_experience":822583,"relics_obtained":[{"floor":7.0,"key":"Art of War"},{"floor":9.0,"key":"Meat on the Bone"},{"floor":10.0,"key":"Molten Egg 2"},{"floor":14.0,"key":"PreservedInsect"},{"floor":25.0,"key":"Centennial Puzzle"},{"floor":27.0,"key":"Bottled Tornado"},{"floor":40.0,"key":"Girya"},{"floor":43.0,"key":"Bronze Scales"},{"floor":46.0,"key":"Ice Cream"},{"floor":55.0,"key":"War Paint"}],"event_choices":[{"damage_healed":0.0,"max_hp_gain":0.0,"max_hp_loss":0.0,"gold_gain":0.0,"event_name":"Lab","player_choice":"Got Potions","floor":4.0,"gold_loss":0.0,"damage_taken":0.0},{"damage_healed":0.0,"max_hp_gain":0.0,"max_hp_loss":0.0,"gold_gain":0.0,"event_name":"The Library","player_choice":"Read","floor":19.0,"gold_loss":0.0,"damage_taken":0.0,"cards_obtained":["Doom and Gloom"]},{"damage_healed":0.0,"max_hp_gain":0.0,"max_hp_loss":0.0,"gold_gain":0.0,"event_name":"N\u0027loth","player_choice":"Ignored","floor":20.0,"gold_loss":0.0,"damage_taken":0.0},{"damage_healed":0.0,"max_hp_gain":0.0,"max_hp_loss":0.0,"gold_gain":0.0,"event_name":"SensoryStone","player_choice":"Memory 1","floor":38.0,"gold_loss":0.0,"damage_taken":0.0},{"damage_healed":0.0,"max_hp_gain":0.0,"max_hp_loss":0.0,"gold_gain":0.0,"event_name":"Accursed Blacksmith","player_choice":"Forge","floor":42.0,"gold_loss":0.0,"damage_taken":0.0,"cards_upgraded":["Buffer"]}],"is_beta":true,"boss_relics":[{"not_picked":["Cursed Key","Eternal Feather"],"picked":"Inserter"},{"not_picked":["Busted Crown","Runic Dome"],"picked":"Empty Cage"}],"items_purged_floors":[22,29,54],"is_endless":false,"potions_floor_spawned":[3,10,11,12,16,21,25,37,47,48,55],"killed_by":"The Heart","ascension_level":20}