{"gold_per_floor":[211,224,8,8,27,27,55,55,55,55,87,100,100,112,112,191,191,203,223,13,29,42,42,42],"floor_reached":24,"playtime":1242,"items_purged":[],"score":416,"play_id":"d7bc8769-121e-4d6d-84b4-e04b7a5147ab","local_time":"20190612123614","is_ascension_mode":true,"campfire_choices":[{"data":"Perfected Strike","floor":6.0,"key":"SMITH"},{"data":"Intimidate","floor":10.0,"key":"SMITH"},{"data":"Armaments","floor":15.0,"key":"SMITH"},{"floor":23.0,"key":"REST"}],"neow_cost":"NONE","seed_source_timestamp":1362245738645000,"circlet_count":0,"master_deck":["AscendersBane","Strike_R","Strike_R","Strike_R","Strike_R","Strike_R","Defend_R+1","Defend_R","Defend_R","Defend_R+1","Bash","Intimidate+1","Pommel Strike","Armaments+1","Perfected Strike+1","Disarm","Sword Boomerang","Offering","Clothesline","Corruption","Battle Trance+1"],"special_seed":0,"relics":["Burning Blood","War Paint","Bottled Lightning","Vajra","Potion Belt","Philosopher\u0027s Stone","Oddly Smooth Stone"],"potions_floor_usage":[24],"damage_taken":[{"damage":16.0,"enemies":"Small Slimes","floor":1.0,"turns":5.0},{"damage":6.0,"enemies":"Cultist","floor":2.0,"turns":4.0},{"damage":4.0,"enemies":"Jaw Worm","floor":5.0,"turns":4.0},{"damage":18.0,"enemies":"Lagavulin","floor":7.0,"turns":7.0},{"damage":20.0,"enemies":"3 Sentries","floor":11.0,"turns":12.0},{"damage":4.0,"enemies":"Blue Slaver","floor":12.0,"turns":3.0},{"damage":25.0,"enemies":"Lots of Slimes","floor":14.0,"turns":7.0},{"damage":30.0,"enemies":"Hexaghost","floor":16.0,"turns":9.0},{"damage":15.0,"enemies":"Shell Parasite","floor":18.0,"turns":4.0},{"damage":6.0,"enemies":"3 Byrds","floor":19.0,"turns":6.0},{"damage":10.0,"enemies":"Centurion and Healer","floor":21.0,"turns":7.0},{"damage":12.0,"enemies":"Snake Plant","floor":22.0,"turns":4.0},{"damage":70,"enemies":"Slavers","floor":24,"turns":5}],"seed_played":"-6477706070677626773","potions_obtained":[{"floor":1.0,"key":"GamblersBrew"},{"floor":2.0,"key":"Weak Potion"},{"floor":4.0,"key":"Block Potion"},{"floor":7.0,"key":"SteroidPotion"},{"floor":12.0,"key":"AttackPotion"},{"floor":14.0,"key":"SkillPotion"},{"floor":18.0,"key":"Block Potion"}],"is_trial":false,"path_per_floor":["M","M","$","?","M","R","E","?","T","R","E","M","?","M","R","B",null,"M","M","$","M","M","R","E"],"character_chosen":"IRONCLAD","items_purchased":["Armaments","War Paint","Corruption","Oddly Smooth Stone"],"campfire_rested":1,"item_purchase_floors":[3,3,20,20],"current_hp_per_floor":[58,58,58,58,60,60,48,48,48,48,34,36,75,56,56,32,64,55,55,55,51,45,67,0],"gold":42,"neow_bonus":"HUNDRED_GOLD","is_prod":false,"is_daily":false,"chose_seed":false,"campfire_upgraded":3,"win_rate":0,"timestamp":1560357374,"path_taken":["M","M","$","?","?","R","E","?","T","R","E","M","?","M","R","BOSS","M","M","$","?","M","R","E"],"build_version":"2019-01-23","purchased_purges":0,"victory":false,"max_hp_per_floor":[75,75,75,75,75,75,75,75,75,75,75,75,75,75,75,75,75,75,75,75,75,75,75,75],"card_choices":[{"not_picked":["Entrench","Burning Pact"],"picked":"Intimidate","floor":1.0},{"not_picked":["Burning Pact","Evolve"],"picked":"Pommel Strike","floor":2.0},{"not_picked":["Cleave","Warcry"],"picked":"Perfected Strike","floor":5.0},{"not_picked":["Flex","Dropkick"],"picked":"Disarm","floor":7.0},{"not_picked":["Body Slam","Armaments"],"picked":"Uppercut","floor":11.0},{"not_picked":["Berserk","Sentinel","Blood for Blood"],"picked":"SKIP","floor":12.0},{"not_picked":["Clash","Infernal Blade"],"picked":"Sword Boomerang","floor":14.0},{"not_picked":["Limit Break","Bludgeon"],"picked":"Offering","floor":16.0},{"not_picked":["Flex","Reckless Charge"],"picked":"Clothesline","floor":18.0},{"not_picked":["Havoc","Blood for Blood","Heavy Blade"],"picked":"SKIP","floor":19.0},{"not_picked":["Berserk","Blood for Blood","Flex"],"picked":"SKIP","floor":21.0},{"not_picked":["Rage","Dropkick"],"picked":"Battle Trance+1","floor":22.0}],"player_experience":1165866,"relics_obtained":[{"floor":7.0,"key":"Bottled Lightning"},{"floor":9.0,"key":"Vajra"},{"floor":11.0,"key":"Potion Belt"}],"event_choices":[{"damage_healed":0.0,"max_hp_gain":0.0,"max_hp_loss":0.0,"gold_gain":0.0,"event_name":"Lab","player_choice":"Got Potions","floor":4.0,"gold_loss":0.0,"damage_taken":0.0},{"damage_healed":0.0,"max_hp_gain":0.0,"max_hp_loss":0.0,"gold_gain":0.0,"event_name":"Golden Idol","player_choice":"Ignored","floor":8.0,"gold_loss":0.0,"damage_taken":0.0},{"cards_removed":["Uppercut"],"damage_healed":39.0,"max_hp_gain":0.0,"max_hp_loss":0.0,"gold_gain":0.0,"event_name":"Bonfire Elementals","player_choice":"Offered Uncommon","floor":13.0,"gold_loss":0.0,"damage_taken":0.0}],"is_beta":false,"boss_relics":[{"not_picked":["Astrolabe","Busted Crown"],"picked":"Philosopher\u0027s Stone"}],"items_purged_floors":[],"is_endless":false,"potions_floor_spawned":[1,2,7,12,14,18],"killed_by":"Slavers","ascension_level":20}