{"gold_per_floor":[110,21,21,21,38,70,70,70,93,106,132,144,164,175,175,249,249,269,282,302,302,317,317,317,317],"floor_reached":25,"playtime":1395,"items_purged":[],"score":480,"play_id":"22ce7b47-2df6-4ee3-9e2d-d529d6e8ca69","local_time":"20190607185151","is_ascension_mode":true,"campfire_choices":[{"floor":8,"key":"REST"},{"data":"Crippling Poison","floor":15,"key":"SMITH"},{"floor":23,"key":"REST"}],"neow_cost":"NONE","seed_source_timestamp":952991612312100,"circlet_count":0,"master_deck":["AscendersBane","Defend_G","Defend_G","Defend_G+1","Defend_G","Defend_G","Strike_G","Strike_G+1","Survivor","Neutralize","Poisoned Stab","Crippling Poison+1","Setup","Well Laid Plans","Deadly Poison","Glass Knife","Caltrops","Backstab","Deadly Poison","Bullet Time","All Out Attack+1","Footwork","Venomology","Backflip","Night Terror"],"relics":["Ring of the Serpent","NeowsBlessing","Turnip","Dream Catcher","Matryoshka"],"potions_floor_usage":[22,22,25],"damage_taken":[{"damage":0,"enemies":"Jaw Worm","floor":1,"turns":1},{"damage":0,"enemies":"2 Louse","floor":5,"turns":1},{"damage":0,"enemies":"3 Sentries","floor":6,"turns":1},{"damage":0,"enemies":"Cultist","floor":10,"turns":4},{"damage":17,"enemies":"Lagavulin","floor":11,"turns":6},{"damage":8,"enemies":"2 Fungi Beasts","floor":12,"turns":4},{"damage":2,"enemies":"Large Slime","floor":13,"turns":5},{"damage":5,"enemies":"Gremlin Gang","floor":14,"turns":4},{"damage":4,"enemies":"The Guardian","floor":16,"turns":9},{"damage":11,"enemies":"2 Thieves","floor":18,"turns":4},{"damage":6,"enemies":"3 Byrds","floor":19,"turns":4},{"damage":14,"enemies":"Centurion and Healer","floor":20,"turns":8},{"damage":3,"enemies":"Snake Plant","floor":22,"turns":4},{"damage":39,"enemies":"Book of Stabbing","floor":25,"turns":4}],"seed_played":"4210694911115632368","potions_obtained":[{"floor":5,"key":"LiquidBronze"},{"floor":11,"key":"Block Potion"},{"floor":12,"key":"PowerPotion"},{"floor":20,"key":"SteroidPotion"}],"is_trial":false,"path_per_floor":["M","$","?","?","M","E","?","R","T","M","E","M","M","M","R","B",null,"M","M","M","?","M","R","?","E"],"character_chosen":"THE_SILENT","items_purchased":["Crippling Poison"],"campfire_rested":2,"item_purchase_floors":[2],"current_hp_per_floor":[59,59,39,39,39,39,32,51,51,51,34,26,24,19,19,15,53,42,36,22,22,19,38,38,0],"gold":317,"neow_bonus":"THREE_ENEMY_KILL","is_prod":false,"is_daily":false,"chose_seed":false,"campfire_upgraded":1,"win_rate":0,"timestamp":1559947911,"path_taken":["M","$","?","?","?","E","?","R","T","M","E","M","M","M","R","BOSS","M","M","M","?","?","R","?","E"],"build_version":"2019-01-23","purchased_purges":0,"victory":false,"max_hp_per_floor":[66,66,66,66,66,66,66,66,66,66,66,66,66,66,66,66,66,66,66,66,66,66,66,66,66],"card_choices":[{"not_picked":["Prepared","Deflect"],"picked":"Poisoned Stab","floor":1},{"not_picked":["Infinite Blades","Eviscerate"],"picked":"Well Laid Plans","floor":5},{"not_picked":["Poisoned Stab","Terror"],"picked":"Deadly Poison","floor":6},{"not_picked":["Cloak And Dagger","Underhanded Strike"],"picked":"Glass Knife","floor":10},{"not_picked":["Cloak And Dagger","Acrobatics"],"picked":"Caltrops","floor":11},{"not_picked":["Bane","Dagger Throw"],"picked":"Backstab","floor":12},{"not_picked":["Envenom","Slice"],"picked":"Deadly Poison","floor":13},{"not_picked":["Skewer","Sucker Punch","All Out Attack"],"picked":"SKIP","floor":14},{"not_picked":["Phantasmal Killer","A Thousand Cuts"],"picked":"Bullet Time","floor":16},{"not_picked":["Bane","Slice","Setup"],"picked":"SKIP","floor":18},{"not_picked":["Dodge and Roll","Blade Dance+1"],"picked":"All Out Attack+1","floor":19},{"not_picked":["Prepared","Concentrate"],"picked":"Footwork","floor":20},{"not_picked":["Dagger Throw","Poisoned Stab","Setup"],"picked":"SKIP","floor":22},{"not_picked":["Dodge and Roll","Bullet Time"],"picked":"Backflip","floor":23}],"player_experience":1145810,"relics_obtained":[{"floor":6,"key":"Turnip"},{"floor":9,"key":"Dream Catcher"},{"floor":11,"key":"Matryoshka"}],"event_choices":[{"damage_healed":0,"gold_gain":0,"player_choice":"Entered Light","damage_taken":20,"max_hp_gain":0,"max_hp_loss":0,"event_name":"Shining Light","floor":3,"gold_loss":0,"cards_upgraded":["Strike_G","Defend_G"]},{"damage_healed":0,"gold_gain":0,"cards_transformed":["Strike_G"],"player_choice":"Transformed","damage_taken":0,"max_hp_gain":0,"max_hp_loss":0,"event_name":"Transmorgrifier","floor":4,"gold_loss":0,"cards_obtained":["Setup"]},{"cards_removed":["Strike_G"],"damage_healed":0,"gold_gain":0,"player_choice":"Card Removal","damage_taken":7,"max_hp_gain":0,"max_hp_loss":0,"event_name":"Golden Wing","floor":7,"gold_loss":0},{"damage_healed":0,"gold_gain":0,"player_choice":"1 cards matched","damage_taken":0,"max_hp_gain":0,"max_hp_loss":0,"event_name":"Match and Keep!","floor":21,"gold_loss":0,"cards_obtained":["Venomology"]},{"damage_healed":0,"gold_gain":0,"cards_transformed":["Strike_G"],"player_choice":"Transformed","damage_taken":0,"max_hp_gain":0,"max_hp_loss":0,"event_name":"Transmorgrifier","floor":24,"gold_loss":0,"cards_obtained":["Night Terror"]}],"is_beta":false,"boss_relics":[{"not_picked":["WristBlade","Astrolabe"],"picked":"Ring of the Serpent"}],"items_purged_floors":[],"is_endless":false,"potions_floor_spawned":[5,11,12,14,19,20],"killed_by":"Book of Stabbing","ascension_level":20}