{"gold_per_floor":[109,109,127,127,127,127,153,153,153,171,171,206,221,221,221,292,292,312,332,332,352,9,9,37,47,47,47,47,47,47,63,63,135,135,154,3,0,0,13,13,44,44,44,60,91,111,111,122,122,122],"floor_reached":50,"playtime":2616,"items_purged":["Strike_G","Strike_G+1"],"score":1131,"play_id":"6120562f-5707-4c23-ada8-15da282fe060","local_time":"20190601200929","is_ascension_mode":true,"campfire_choices":[{"data":"Sucker Punch","floor":6.0,"key":"SMITH"},{"data":"Escape Plan","floor":8.0,"key":"SMITH"},{"data":"Cloak And Dagger","floor":11.0,"key":"SMITH"},{"data":"Dodge and Roll","floor":15.0,"key":"SMITH"},{"floor":23.0,"key":"REST"},{"data":"Burst","floor":27.0,"key":"SMITH"},{"floor":30.0,"key":"REST"},{"floor":32.0,"key":"REST"},{"data":"Night Terror","floor":40.0,"key":"SMITH"},{"floor":42.0,"key":"REST"},{"floor":49.0,"key":"RECALL"}],"neow_cost":"NONE","seed_source_timestamp":437401887118500,"circlet_count":0,"master_deck":["AscendersBane","Defend_G","Defend_G","Defend_G","Defend_G+1","Strike_G+1","Survivor","Neutralize+1","Sucker Punch+1","Crippling Poison+1","Escape Plan+1","Cloak And Dagger+1","Dodge and Roll+1","Burst+1","All Out Attack+1","PiercingWail","Blade Dance","Quick Slash+1","Venomology","Night Terror+1","Concentrate+1","Blur+1","Deadly Poison+1","Noxious Fumes","PiercingWail","Escape Plan","Dodge and Roll+1","Backflip","Well Laid Plans"],"special_seed":0,"relics":["Ring of the Snake","NeowsBlessing","Nunchaku","Kunai","Blood Vial","Philosopher\u0027s Stone","Shuriken","Whetstone","Bottled Flame","Oddly Smooth Stone","Astrolabe","Red Mask","Torii","Calipers","Paper Crane"],"potions_floor_usage":[50,50],"damage_taken":[{"damage":0.0,"enemies":"Jaw Worm","floor":1.0,"turns":1.0},{"damage":0.0,"enemies":"2 Louse","floor":3.0,"turns":1.0},{"damage":0.0,"enemies":"Lagavulin","floor":7.0,"turns":1.0},{"damage":0.0,"enemies":"Cultist","floor":10.0,"turns":3.0},{"damage":18.0,"enemies":"Gremlin Nob","floor":12.0,"turns":5.0},{"damage":0.0,"enemies":"2 Fungi Beasts","floor":13.0,"turns":2.0},{"damage":21.0,"enemies":"Hexaghost","floor":16.0,"turns":15.0},{"damage":17.0,"enemies":"Chosen","floor":18.0,"turns":7.0},{"damage":9.0,"enemies":"Spheric Guardian","floor":19.0,"turns":6.0},{"damage":6.0,"enemies":"Centurion and Healer","floor":21.0,"turns":9.0},{"damage":30.0,"enemies":"Book of Stabbing","floor":24.0,"turns":7.0},{"damage":1.0,"enemies":"3 Cultists","floor":25.0,"turns":3.0},{"damage":12.0,"enemies":"Snake Plant","floor":31.0,"turns":4.0},{"damage":48.0,"enemies":"Champ","floor":33.0,"turns":23.0},{"damage":6.0,"enemies":"3 Darklings","floor":35.0,"turns":10.0},{"damage":0.0,"enemies":"3 Shapes","floor":39.0,"turns":5.0},{"damage":47.0,"enemies":"Nemesis","floor":41.0,"turns":9.0},{"damage":0.0,"enemies":"Writhing Mass","floor":44.0,"turns":9.0},{"damage":27.0,"enemies":"Reptomancer","floor":45.0,"turns":7.0},{"damage":0.0,"enemies":"Sphere and 2 Shapes","floor":46.0,"turns":3.0},{"damage":31.0,"enemies":"Spire Growth","floor":48.0,"turns":11.0},{"damage":72,"enemies":"Time Eater","floor":50,"turns":11}],"seed_played":"-4743684479357103374","potions_obtained":[{"floor":1.0,"key":"GhostInAJar"},{"floor":12.0,"key":"Strength Potion"},{"floor":16.0,"key":"Weak Potion"},{"floor":19.0,"key":"SkillPotion"},{"floor":31.0,"key":"Fruit Juice"},{"floor":44.0,"key":"Regen Potion"}],"is_trial":false,"path_per_floor":["M","?","M","?","?","R","E","R","T","M","R","E","M","?","R","B",null,"M","M","?","M","$","R","E","M","T","R","T","?","R","M","R","B",null,"M","$","?","T","M","R","E","R","T","M","E","M","?","M","R","B"],"character_chosen":"THE_SILENT","items_purchased":["Shuriken","PiercingWail"],"campfire_rested":4,"item_purchase_floors":[22,36],"current_hp_per_floor":[59,59,59,64,64,64,64,64,64,64,64,46,48,27,27,8,55,40,33,33,29,29,50,22,23,23,23,23,23,44,39,61,15,61,57,57,57,57,59,59,14,36,36,53,43,45,86,55,55,0],"gold":122,"neow_bonus":"THREE_ENEMY_KILL","is_prod":false,"is_daily":false,"chose_seed":false,"campfire_upgraded":6,"win_rate":0,"timestamp":1559434169,"path_taken":["M","?","M","?","?","R","E","R","T","?","R","E","M","?","R","BOSS","M","M","?","?","$","R","E","M","T","R","?","?","R","M","R","BOSS","M","$","?","?","M","R","E","R","T","M","E","?","?","M","R","BOSS"],"build_version":"2019-01-23","purchased_purges":2,"victory":false,"max_hp_per_floor":[66,66,66,71,71,71,71,71,71,71,71,71,71,71,71,71,71,71,71,71,71,71,71,71,71,71,71,71,71,71,76,76,76,76,76,76,76,76,76,76,76,76,76,76,76,76,86,86,86,86],"card_choices":[{"not_picked":["Setup","Acrobatics"],"picked":"Sucker Punch","floor":1.0},{"not_picked":["Quick Slash","Poisoned Stab"],"picked":"Crippling Poison","floor":3.0},{"not_picked":["Slice","Backflip"],"picked":"Escape Plan","floor":7.0},{"not_picked":["Dagger Spray","Crippling Poison"],"picked":"Cloak And Dagger","floor":10.0},{"not_picked":["Bouncing Flask","Leg Sweep"],"picked":"Die Die Die","floor":12.0},{"not_picked":["Flying Knee","Caltrops"],"picked":"Dodge and Roll","floor":13.0},{"not_picked":["Bullet Time","Envenom"],"picked":"Burst","floor":16.0},{"not_picked":["Slice","Dodge and Roll"],"picked":"All Out Attack+1","floor":18.0},{"not_picked":["Choke","Expertise"],"picked":"PiercingWail","floor":19.0},{"not_picked":["Outmaneuver","Dagger Spray"],"picked":"Blade Dance","floor":21.0},{"not_picked":["Dagger Spray","Blade Dance"],"picked":"Quick Slash","floor":24.0},{"not_picked":["Slice","Deadly Poison","Concentrate"],"picked":"SKIP","floor":25.0},{"not_picked":["Footwork","Tactician"],"picked":"Venomology","floor":31.0},{"not_picked":["A Thousand Cuts","Burst"],"picked":"Night Terror","floor":33.0},{"not_picked":["Bane","Underhanded Strike"],"picked":"Noxious Fumes","floor":35.0},{"not_picked":["Quick Slash+1","Finisher"],"picked":"Escape Plan","floor":39.0},{"not_picked":["Choke","Unload","Slice"],"picked":"SKIP","floor":41.0},{"not_picked":["Outmaneuver","Distraction"],"picked":"Dodge and Roll+1","floor":44.0},{"not_picked":["Crippling Poison","Poisoned Stab"],"picked":"Backflip","floor":45.0},{"not_picked":["Tactician","Deflect","Deadly Poison+1"],"picked":"SKIP","floor":46.0},{"not_picked":["Caltrops","PiercingWail+1"],"picked":"Well Laid Plans","floor":48.0}],"player_experience":1128902,"relics_obtained":[{"floor":7.0,"key":"Nunchaku"},{"floor":9.0,"key":"Kunai"},{"floor":12.0,"key":"Blood Vial"},{"floor":24.0,"key":"Whetstone"},{"floor":26.0,"key":"Bottled Flame"},{"floor":28.0,"key":"Oddly Smooth Stone"},{"floor":38.0,"key":"Torii"},{"floor":41.0,"key":"Calipers"},{"floor":45.0,"key":"Paper Crane"}],"event_choices":[{"damage_healed":0.0,"max_hp_gain":0.0,"max_hp_loss":0.0,"gold_gain":0.0,"event_name":"Living Wall","player_choice":"Grow","floor":2.0,"gold_loss":0.0,"damage_taken":0.0,"cards_upgraded":["Neutralize"]},{"damage_healed":0.0,"max_hp_gain":5.0,"max_hp_loss":0.0,"gold_gain":0.0,"event_name":"Big Fish","player_choice":"Donut","floor":4.0,"gold_loss":0.0,"damage_taken":0.0},{"damage_healed":0.0,"max_hp_gain":0.0,"max_hp_loss":0.0,"gold_gain":0.0,"event_name":"Upgrade Shrine","player_choice":"Upgraded","floor":5.0,"gold_loss":0.0,"damage_taken":0.0,"cards_upgraded":["Crippling Poison"]},{"damage_healed":0.0,"max_hp_gain":0.0,"max_hp_loss":0.0,"gold_gain":0.0,"event_name":"Shining Light","player_choice":"Entered Light","floor":14.0,"gold_loss":0.0,"damage_taken":21.0,"cards_upgraded":["Defend_G","Strike_G"]},{"damage_healed":0.0,"max_hp_gain":0.0,"max_hp_loss":0.0,"gold_gain":0.0,"event_name":"N\u0027loth","player_choice":"Ignored","floor":20.0,"gold_loss":0.0,"damage_taken":0.0},{"damage_healed":0.0,"max_hp_gain":0.0,"max_hp_loss":0.0,"gold_gain":0.0,"event_name":"Beggar","player_choice":"Ignored","floor":29.0,"gold_loss":0.0,"damage_taken":0.0},{"damage_healed":0.0,"max_hp_gain":0.0,"max_hp_loss":0.0,"gold_gain":0.0,"event_name":"Tomb of Lord Red Mask","player_choice":"Paid","floor":37.0,"gold_loss":3.0,"damage_taken":0.0,"relics_obtained":["Red Mask"]},{"cards_removed":["Die Die Die"],"damage_healed":31.0,"max_hp_gain":10.0,"max_hp_loss":0.0,"gold_gain":0.0,"event_name":"Bonfire Elementals","player_choice":"Offered Rare","floor":47.0,"gold_loss":0.0,"damage_taken":0.0}],"is_beta":false,"boss_relics":[{"not_picked":["Snecko Eye","Velvet Choker"],"picked":"Philosopher\u0027s Stone"},{"not_picked":["Tiny House","White Beast Statue"],"picked":"Astrolabe"}],"items_purged_floors":[22,36],"is_endless":false,"potions_floor_spawned":[1,12,16,19,31,39,44],"killed_by":"Time Eater","ascension_level":20}