{"gold_per_floor":[111,126,51,51,51,51,110,136,136,192,192,204,217,233,233,310,310,329,379,394,394,394,394,408,408,408,161,161,261,261,271,271,342,342,355,355,455,473,483,483,514,514,564,84,132,143,156,175,175,175],"floor_reached":51,"playtime":3510,"items_purged":["Strike_R","Strike_R"],"score":1293,"play_id":"e2f59c5a-996f-4c00-804b-206b5cc60e21","local_time":"20190902103228","is_ascension_mode":true,"campfire_choices":[{"data":"Bash","floor":6,"key":"SMITH"},{"data":"Uppercut","floor":11,"key":"SMITH"},{"data":"Disarm","floor":15,"key":"SMITH"},{"data":"Feel No Pain","floor":23,"key":"SMITH"},{"floor":25,"key":"REST"},{"data":"Demon Form","floor":28,"key":"SMITH"},{"data":"Sword Boomerang","floor":30,"key":"SMITH"},{"floor":32,"key":"REST"},{"floor":40,"key":"REST"},{"data":"Exhume","floor":42,"key":"SMITH"},{"data":"Burning Pact","floor":49,"key":"SMITH"}],"neow_cost":"NONE","seed_source_timestamp":327700793526000,"circlet_count":0,"master_deck":["AscendersBane","Defend_R","Defend_R","Defend_R","Defend_R","Bash+1","Iron Wave","Anger","Uppercut+1","Pummel","Disarm+1","Exhume+1","Demon Form+1","Burning Pact+1","Feel No Pain+1","Flex","Sword Boomerang+1","Warcry+1","Exhume","Evolve+1","Immolate","Fiend Fire","Havoc","Bandage Up","Good Instincts","Havoc","Shrug It Off+1","Warcry+1","Metallicize","Shockwave","Limit Break","Flash of Steel","True Grit"],"relics":["Burning Blood","Red Skull","Dead Branch","Vajra","Question Card","Mark of Pain","Mercury Hourglass","Ice Cream","Sundial","Sozu","Charon\u0027s Ashes","Meat on the Bone","PreservedInsect","FossilizedHelix"],"potions_floor_usage":[8,24,29,39,39],"damage_taken":[{"damage":4,"enemies":"2 Louse","floor":1,"turns":4},{"damage":18,"enemies":"Small Slimes","floor":2,"turns":6},{"damage":35,"enemies":"3 Sentries","floor":7,"turns":11},{"damage":22,"enemies":"Gremlin Nob","floor":8,"turns":4},{"damage":2,"enemies":"Jaw Worm","floor":12,"turns":3},{"damage":10,"enemies":"Exordium Wildlife","floor":13,"turns":2},{"damage":10,"enemies":"3 Louse","floor":14,"turns":2},{"damage":1,"enemies":"Hexaghost","floor":16,"turns":7},{"damage":17,"enemies":"Shell Parasite","floor":18,"turns":5},{"damage":22,"enemies":"Spheric Guardian","floor":20,"turns":4},{"damage":24,"enemies":"Cultist and Chosen","floor":24,"turns":6},{"damage":14,"enemies":"Colosseum Slavers","floor":29,"turns":6},{"damage":12,"enemies":"Colosseum Nobs","floor":29,"turns":4},{"damage":5,"enemies":"Snake Plant","floor":31,"turns":5},{"damage":36,"enemies":"Champ","floor":33,"turns":8},{"damage":1,"enemies":"3 Shapes","floor":35,"turns":3},{"damage":9,"enemies":"Mind Bloom Boss Battle","floor":37,"turns":4},{"damage":19,"enemies":"3 Darklings","floor":38,"turns":3},{"damage":18,"enemies":"Jaw Worm Horde","floor":39,"turns":2},{"damage":0,"enemies":"Reptomancer","floor":41,"turns":5},{"damage":14,"enemies":"2 Orb Walkers","floor":45,"turns":3},{"damage":0,"enemies":"Spire Growth","floor":46,"turns":2},{"damage":9,"enemies":"3 Darklings","floor":47,"turns":4},{"damage":9,"enemies":"Writhing Mass","floor":48,"turns":5},{"damage":43,"enemies":"Awakened One","floor":50,"turns":9}],"seed_played":"91318784332216430","potions_obtained":[{"floor":1,"key":"Regen Potion"},{"floor":7,"key":"GamblersBrew"},{"floor":13,"key":"Fire Potion"},{"floor":14,"key":"BloodPotion"},{"floor":24,"key":"Ancient Potion"},{"floor":31,"key":"Explosive Potion"}],"is_trial":false,"path_per_floor":["M","M","?","?","?","R","?","E","T","?","R","M","M","M","R","B",null,"M","?","M","?","?","R","M","R","T","$","R","?","R","M","R","B",null,"M","?","?","M","M","R","E","R","T","$","?","M","M","M","R","B",null],"character_chosen":"IRONCLAD","items_purchased":["Exhume","Metallicize","Shockwave","Limit Break","Flash of Steel"],"campfire_rested":3,"item_purchase_floors":[27,44,44,44,44],"current_hp_per_floor":[77,65,65,54,54,54,25,18,18,18,18,22,18,14,14,19,66,55,55,39,15,15,15,18,44,44,44,44,30,30,31,57,27,72,77,72,73,60,56,82,87,87,87,87,79,85,86,87,87,54],"gold":175,"neow_bonus":"TEN_PERCENT_HP_BONUS","is_prod":false,"is_daily":false,"chose_seed":false,"campfire_upgraded":8,"win_rate":0,"timestamp":1567387948,"path_taken":["M","M","?","?","?","R","?","E","T","?","R","?","M","M","R","BOSS","M","?","M","?","?","R","M","R","T","$","R","?","R","M","R","BOSS","M","?","?","M","M","R","E","R","T","$","?","M","M","M","R","BOSS"],"build_version":"2019-07-17","purchased_purges":2,"victory":true,"max_hp_per_floor":[82,82,82,82,82,82,82,82,82,82,82,82,82,82,82,82,82,82,82,82,87,87,87,87,87,87,87,87,87,87,87,87,87,87,87,87,87,87,87,87,87,87,87,87,87,87,87,87,87,87],"card_choices":[{"not_picked":["Rupture","Warcry","Heavy Blade"],"picked":"SKIP","floor":1},{"not_picked":["Sword Boomerang","Thunderclap"],"picked":"Iron Wave","floor":2},{"not_picked":["Rupture","Sword Boomerang"],"picked":"Anger","floor":7},{"not_picked":["Headbutt","Twin Strike"],"picked":"Uppercut","floor":8},{"not_picked":["Evolve","Carnage","Whirlwind"],"picked":"Pummel","floor":12},{"not_picked":["Flex","Armaments","Heavy Blade"],"picked":"Disarm","floor":13},{"not_picked":["Heavy Blade","Havoc","Thunderclap"],"picked":"Exhume","floor":14},{"not_picked":["Dark Embrace","Juggernaut","Limit Break"],"picked":"Demon Form","floor":16},{"not_picked":["Dropkick+1","Clash","Shrug It Off"],"picked":"Burning Pact","floor":18},{"not_picked":["Shrug It Off","Flex","Clash"],"picked":"Feel No Pain","floor":20},{"not_picked":["Spot Weakness","Flex+1","Bloodletting"],"picked":"Warcry+1","floor":24},{"not_picked":["Entrench","Headbutt","Body Slam"],"picked":"Evolve+1","floor":29},{"not_picked":["Bloodletting","Anger","Flame Barrier"],"picked":"Immolate","floor":31},{"not_picked":["Dark Embrace","Berserk","Feed"],"picked":"Fiend Fire","floor":33},{"not_picked":["Armaments+1","True Grit","Sword Boomerang"],"picked":"Havoc","floor":35},{"not_picked":["Mind Blast","Good Instincts","Trip"],"picked":"Bandage Up","floor":36},{"not_picked":["Forethought","Sadistic Nature","Mind Blast"],"picked":"Good Instincts","floor":36},{"not_picked":["Cleave","Shrug It Off","Clothesline"],"picked":"Havoc","floor":37},{"not_picked":["Thunderclap","Burning Pact","Iron Wave+1","Wild Strike"],"picked":"SKIP","floor":38},{"not_picked":["Twin Strike","Anger+1","Flex"],"picked":"Shrug It Off+1","floor":39},{"not_picked":["Rage","Sword Boomerang+1","Iron Wave"],"picked":"Warcry+1","floor":41},{"not_picked":["Rupture","Demon Form","Uppercut","Perfected Strike"],"picked":"SKIP","floor":46},{"not_picked":["Sword Boomerang","Clash","Shrug It Off","Power Through+1"],"picked":"SKIP","floor":47},{"not_picked":["Clothesline","Whirlwind","Spot Weakness"],"picked":"True Grit","floor":48}],"player_experience":569980,"relics_obtained":[{"floor":7,"key":"Dead Branch"},{"floor":8,"key":"Vajra"},{"floor":9,"key":"Question Card"},{"floor":26,"key":"Mercury Hourglass"},{"floor":29,"key":"Ice Cream"},{"floor":29,"key":"Sundial"},{"floor":37,"key":"Charon\u0027s Ashes"},{"floor":41,"key":"Meat on the Bone"},{"floor":43,"key":"PreservedInsect"},{"floor":45,"key":"FossilizedHelix"}],"event_choices":[{"cards_removed":["Strike_R"],"damage_healed":0,"gold_gain":0,"player_choice":"Card Removal","damage_taken":0,"max_hp_gain":0,"max_hp_loss":0,"event_name":"The Cleric","floor":3,"gold_loss":75},{"damage_healed":0,"gold_gain":0,"player_choice":"Success","damage_taken":11,"relics_obtained":["Red Skull"],"max_hp_gain":0,"max_hp_loss":0,"event_name":"Scrap Ooze","floor":4,"gold_loss":0},{"damage_healed":0,"gold_gain":0,"player_choice":"Ignored","damage_taken":0,"max_hp_gain":0,"max_hp_loss":0,"event_name":"Shining Light","floor":5,"gold_loss":0},{"damage_healed":0,"gold_gain":0,"player_choice":"Searched \u00271\u0027 times","damage_taken":0,"max_hp_gain":0,"max_hp_loss":0,"event_name":"Dead Adventurer","floor":7,"gold_loss":0},{"damage_healed":0,"gold_gain":56,"player_choice":"Gained Gold","damage_taken":0,"max_hp_gain":0,"max_hp_loss":0,"event_name":"Golden Wing","floor":10,"gold_loss":0},{"damage_healed":0,"gold_gain":50,"player_choice":"Stole From Cult","damage_taken":0,"max_hp_gain":0,"max_hp_loss":0,"event_name":"Nest","floor":19,"gold_loss":0},{"damage_healed":0,"gold_gain":0,"player_choice":"Shed Blood","damage_taken":29,"max_hp_gain":5,"max_hp_loss":0,"event_name":"Forgotten Altar","floor":21,"gold_loss":0},{"damage_healed":0,"gold_gain":0,"cards_transformed":["Strike_R","Strike_R"],"player_choice":"Became Test Subject","damage_taken":0,"max_hp_gain":0,"max_hp_loss":0,"event_name":"Drug Dealer","floor":22,"gold_loss":0,"cards_obtained":["Flex","Sword Boomerang"]},{"damage_healed":0,"gold_gain":0,"player_choice":"Fight","damage_taken":0,"max_hp_gain":0,"max_hp_loss":0,"event_name":"Colosseum","floor":29,"gold_loss":0},{"damage_healed":0,"gold_gain":0,"player_choice":"Fought Nobs","damage_taken":0,"max_hp_gain":0,"max_hp_loss":0,"event_name":"Colosseum","floor":29,"gold_loss":0},{"damage_healed":0,"gold_gain":0,"player_choice":"Memory 2","damage_taken":5,"max_hp_gain":0,"max_hp_loss":0,"event_name":"SensoryStone","floor":36,"gold_loss":0},{"damage_healed":0,"gold_gain":0,"player_choice":"Fight","damage_taken":0,"max_hp_gain":0,"max_hp_loss":0,"event_name":"MindBloom","floor":37,"gold_loss":0},{"damage_healed":0,"gold_gain":0,"player_choice":"Fight","damage_taken":0,"max_hp_gain":0,"max_hp_loss":0,"event_name":"Mysterious Sphere","floor":45,"gold_loss":0}],"is_beta":false,"boss_relics":[{"not_picked":["Empty Cage","Pandora\u0027s Box"],"picked":"Mark of Pain"},{"not_picked":["Eternal Feather","Lizard Tail"],"picked":"Sozu"}],"items_purged_floors":[27,44],"is_endless":false,"potions_floor_spawned":[1,7,13,14,24,29,31,35,37,47],"ascension_level":19}