{"gold_per_floor":[117,117,129,145,161,161,189,189,189,36,50,65,94,6,6,107,107,127,202,213,223,223,223,233,249,272,287,318,318,338,372,372,471,471,487,487,502,602,613,641,69,101,101,115,35,70,70,95,95,95],"floor_reached":51,"playtime":3023,"items_purged":["Strike_B+1","Strike_B+1"],"score":1069,"play_id":"6deeb004-27bd-46c6-994d-7321124252e6","local_time":"20190728154338","is_ascension_mode":false,"campfire_choices":[{"data":"Rip and Tear","floor":6.0,"key":"SMITH"},{"data":"Zap","floor":8.0,"key":"SMITH"},{"data":"Defragment","floor":15.0,"key":"SMITH"},{"data":"Redo","floor":23,"key":"SMITH"},{"data":"Capacitor","floor":32,"key":"SMITH"},{"data":"Amplify","floor":49,"key":"SMITH"}],"neow_cost":"NONE","seed_source_timestamp":552858154200900,"circlet_count":0,"master_deck":["Strike_B+1","Defend_B+1","Defend_B+1","Defend_B+1","Defend_B+1","Zap+1","Dualcast","Amplify+1","Rebound+1","Darkness+1","Rip and Tear+1","Cold Snap+1","Rainbow","Defragment+1","Genetic Algorithm","Glacier+1","Self Repair","Loop","Core Surge","Coolheaded+1","Redo+1","Defragment","Capacitor+1","Consume+1","Seek","Coolheaded+1","Conserve Battery","Force Field+1","BootSequence+1","Capacitor","Coolheaded","Coolheaded","Defragment+1"],"special_seed":0,"relics":["Cracked Core","Bag of Preparation","Dream Catcher","DataDisk","The Courier","Sozu","Juzu Bracelet","Blood Vial","Shovel","Happy Flower","Runic Pyramid","Turnip","War Paint","Runic Capacitor","Ice Cream","Whetstone","Gremlin Horn","Sundial","PreservedInsect"],"potions_floor_usage":[28,50],"damage_taken":[{"damage":3.0,"enemies":"2 Louse","floor":1.0,"turns":2.0},{"damage":0.0,"enemies":"Cultist","floor":3.0,"turns":2.0},{"damage":6.0,"enemies":"Jaw Worm","floor":4.0,"turns":4.0},{"damage":10.0,"enemies":"Looter","floor":5.0,"turns":2.0},{"damage":12.0,"enemies":"Lagavulin","floor":7.0,"turns":6.0},{"damage":1.0,"enemies":"Gremlin Gang","floor":11.0,"turns":4.0},{"damage":4.0,"enemies":"3 Louse","floor":12.0,"turns":3.0},{"damage":0.0,"enemies":"Gremlin Nob","floor":13.0,"turns":2.0},{"damage":19.0,"enemies":"Hexaghost","floor":16.0,"turns":8.0},{"damage":11.0,"enemies":"Shell Parasite","floor":18.0,"turns":7.0},{"damage":3,"enemies":"Chosen","floor":20,"turns":5},{"damage":0,"enemies":"Snake Plant","floor":21,"turns":5},{"damage":12,"enemies":"Centurion and Healer","floor":24,"turns":4},{"damage":11,"enemies":"Sentry and Sphere","floor":25,"turns":14},{"damage":0,"enemies":"Snake Plant","floor":27,"turns":4},{"damage":22,"enemies":"Slavers","floor":28,"turns":7},{"damage":0,"enemies":"Centurion and Healer","floor":30,"turns":12},{"damage":0,"enemies":"Book of Stabbing","floor":31,"turns":6},{"damage":0,"enemies":"Automaton","floor":33,"turns":16},{"damage":0,"enemies":"3 Shapes","floor":35,"turns":4},{"damage":3,"enemies":"Orb Walker","floor":37,"turns":3},{"damage":0,"enemies":"Mind Bloom Boss Battle","floor":38,"turns":7},{"damage":4,"enemies":"3 Darklings","floor":39,"turns":9},{"damage":0,"enemies":"Nemesis","floor":40,"turns":9},{"damage":0,"enemies":"Giant Head","floor":42,"turns":9},{"damage":0,"enemies":"Spire Growth","floor":44,"turns":5},{"damage":0,"enemies":"Nemesis","floor":46,"turns":9},{"damage":25,"enemies":"Reptomancer","floor":48,"turns":6},{"damage":0,"enemies":"Donu and Deca","floor":50,"turns":12}],"seed_played":"3204622734228220375","potions_obtained":[{"floor":3.0,"key":"GamblersBrew"},{"floor":5.0,"key":"Dexterity Potion"},{"floor":7.0,"key":"SteroidPotion"},{"floor":16.0,"key":"Explosive Potion"}],"is_trial":false,"path_per_floor":["M","?","M","M","M","R","E","R","T","$","M","M","E","$","R","B",null,"M","?","M","M","?","R","M","M","T","M","E","T","M","E","R","B",null,"M","?","M","?","M","E","$","E","T","M","$","E","?","E","R","B",null],"character_chosen":"DEFECT","items_purchased":["DataDisk","Self Repair","Loop","Runic Capacitor","Ice Cream","Capacitor","Coolheaded"],"campfire_rested":0,"item_purchase_floors":[10,14,14,41,41,41,41],"current_hp_per_floor":[72,72,72,66,56,56,44,44,44,44,43,39,39,39,39,34,75,71,64,75,75,75,75,70,73,73,75,60,60,69,75,75,75,75,75,75,75,75,75,75,75,75,75,75,75,75,71,60,60,71],"gold":95,"neow_bonus":"ONE_RANDOM_RARE_CARD","is_prod":false,"is_daily":false,"chose_seed":false,"campfire_upgraded":6,"win_rate":0,"timestamp":1564296218,"path_taken":["M","?","M","M","M","R","E","R","T","$","M","M","E","$","R","BOSS","M","?","?","M","?","R","M","M","T","M","E","?","M","E","R","BOSS","M","?","M","?","M","E","$","E","T","M","$","E","?","E","R","BOSS"],"build_version":"2019-07-17","purchased_purges":2,"victory":true,"max_hp_per_floor":[75,75,75,75,75,75,75,75,75,75,75,75,75,75,75,75,75,75,75,75,75,75,75,75,75,75,75,75,75,75,75,75,75,75,75,75,75,75,75,75,75,75,75,75,75,75,71,71,71,71],"card_choices":[{"not_picked":["Turbo","Hologram"],"picked":"Rebound","floor":1.0},{"not_picked":["Redo","Steam"],"picked":"Darkness","floor":3.0},{"not_picked":["Meteor Strike","Hologram"],"picked":"Rip and Tear","floor":4.0},{"not_picked":["Turbo","Sweeping Beam"],"picked":"Cold Snap","floor":5.0},{"not_picked":["Cold Snap","Steam Power"],"picked":"Rainbow","floor":7.0},{"not_picked":["Redo","Ball Lightning"],"picked":"Defragment","floor":11.0},{"not_picked":["Rip and Tear","Lockon"],"picked":"Genetic Algorithm","floor":12.0},{"not_picked":["Leap","Streamline"],"picked":"Glacier","floor":13.0},{"not_picked":["Buffer","Machine Learning"],"picked":"Core Surge","floor":16.0},{"not_picked":["Conserve Battery+1","Cold Snap"],"picked":"Coolheaded+1","floor":18.0},{"not_picked":["Cold Snap","Leap","Sweeping Beam+1"],"picked":"SKIP","floor":20},{"not_picked":["Stack","Steam Power"],"picked":"Redo","floor":21},{"not_picked":["Thunder Strike","Redo"],"picked":"Defragment","floor":24},{"not_picked":["Auto Shields+1","Steam Power+1","Double Energy"],"picked":"SKIP","floor":25},{"not_picked":["Coolheaded","Fusion"],"picked":"Capacitor","floor":27},{"not_picked":["Redo","Steam Power","Beam Cell+1"],"picked":"SKIP","floor":28},{"not_picked":["Gash","FTL"],"picked":"Consume+1","floor":30},{"not_picked":["Meteor Strike","Auto Shields","Turbo"],"picked":"SKIP","floor":31},{"not_picked":["Multi-Cast","Machine Learning"],"picked":"Seek","floor":33},{"not_picked":["Barrage+1","Hologram"],"picked":"Coolheaded+1","floor":35},{"not_picked":["Blizzard","Beam Cell+1","Streamline"],"picked":"SKIP","floor":37},{"not_picked":["Fusion+1","Streamline+1"],"picked":"Force Field+1","floor":38},{"not_picked":["Streamline","Static Discharge+1","Gash+1"],"picked":"SKIP","floor":39},{"not_picked":["Self Repair+1","Ball Lightning+1"],"picked":"BootSequence+1","floor":40},{"not_picked":["Compile Driver","Machine Learning"],"picked":"Coolheaded","floor":42},{"not_picked":["Stack","Compile Driver+1","Doom and Gloom"],"picked":"SKIP","floor":44},{"not_picked":["Coolheaded+1","Redo+1"],"picked":"Defragment+1","floor":46},{"not_picked":["Force Field+1","Redo+1","Cold Snap+1"],"picked":"SKIP","floor":48}],"player_experience":125559,"relics_obtained":[{"floor":7.0,"key":"Bag of Preparation"},{"floor":9.0,"key":"Dream Catcher"},{"floor":13.0,"key":"The Courier"},{"floor":26,"key":"Juzu Bracelet"},{"floor":28,"key":"Blood Vial"},{"floor":29,"key":"Shovel"},{"floor":31,"key":"Happy Flower"},{"floor":38,"key":"Turnip"},{"floor":40,"key":"War Paint"},{"floor":42,"key":"Whetstone"},{"floor":43,"key":"Gremlin Horn"},{"floor":46,"key":"Sundial"},{"floor":48,"key":"PreservedInsect"}],"event_choices":[{"damage_healed":0.0,"max_hp_gain":0.0,"max_hp_loss":0.0,"gold_gain":0.0,"event_name":"Liars Game","player_choice":"Ignored","floor":2.0,"gold_loss":0.0,"damage_taken":0.0},{"damage_healed":0,"gold_gain":75,"player_choice":"Touch","damage_taken":7,"max_hp_gain":0,"max_hp_loss":0,"event_name":"FaceTrader","floor":19,"gold_loss":0},{"damage_healed":0,"gold_gain":0,"player_choice":"Simplicity","damage_taken":0,"max_hp_gain":0,"max_hp_loss":0,"event_name":"Back to Basics","floor":22,"gold_loss":0,"cards_upgraded":["Strike_B","Strike_B","Strike_B","Strike_B","Defend_B","Defend_B","Defend_B","Defend_B"]},{"damage_healed":0,"gold_gain":0,"cards_transformed":["Strike_B"],"player_choice":"Transformed","damage_taken":0,"max_hp_gain":0,"max_hp_loss":0,"event_name":"Transmorgrifier","floor":36,"gold_loss":0,"cards_obtained":["Conserve Battery"]},{"damage_healed":0,"gold_gain":0,"player_choice":"Fight","damage_taken":0,"max_hp_gain":0,"max_hp_loss":0,"event_name":"MindBloom","floor":38,"gold_loss":0},{"damage_healed":0,"gold_gain":0,"player_choice":"Max HP","damage_taken":0,"max_hp_gain":0,"max_hp_loss":4,"event_name":"Winding Halls","floor":47,"gold_loss":0}],"is_beta":false,"boss_relics":[{"not_picked":["Lizard Tail","Black Star"],"picked":"Sozu"},{"not_picked":["Tiny House","FrozenCore"],"picked":"Runic Pyramid"}],"items_purged_floors":[41,45],"is_endless":false,"potions_floor_spawned":[3,5,7,16,20,21,27,31,33,37,38,40,42],"ascension_level":0}