{"gold_per_floor":[111,130,142,158,108,143,125,125,148,161,161,46,46,46,46,144,144,162,13,13,32,392,392,411,422,447,465,481,481,496,506,506,603,603,618,618,5,16,16,16,43,53,76,92,109,109,127,161,161,161],"floor_reached":51,"playtime":3393,"items_purged":["Strike_B","Strike_B","Zap"],"score":815,"play_id":"4216ec68-73e5-49d6-ab8d-017e45dd2cee","local_time":"20190629214456","is_ascension_mode":false,"campfire_choices":[{"data":"Consume","floor":8,"key":"SMITH"},{"data":"Genetic Algorithm","floor":11,"key":"SMITH"},{"data":"Capacitor","floor":13,"key":"SMITH"},{"data":"White Noise","floor":15,"key":"SMITH"},{"floor":23,"key":"REST"},{"data":"Echo Form","floor":32,"key":"SMITH"},{"data":"Amplify","floor":40,"key":"SMITH"},{"data":"Consume","floor":46,"key":"SMITH"},{"data":"Barrage","floor":49,"key":"SMITH"}],"neow_cost":"NONE","seed_source_timestamp":696048440052100,"circlet_count":0,"master_deck":["Dualcast","Conserve Battery","Cold Snap","Barrage","Genetic Algorithm+1","Self Repair","White Noise+1","Consume+1","Hologram","Capacitor+1","Amplify+1","Capacitor","Cold Snap","Hologram","Conserve Battery","Glacier","Echo Form+1","Coolheaded","BootSequence","Skim","Sunder+1","Coolheaded","Echo Form","Hologram+1","Barrage+1","The Bomb","Glacier+1","Hologram","Parasite","Consume+1"],"relics":["Cracked Core","Calipers","Oddly Smooth Stone","Snecko Eye","Orichalcum","Inserter","Pen Nib","Vajra","PreservedInsect","Lantern","Ancient Tea Set"],"potions_floor_usage":[25,45,50,50,50],"damage_taken":[{"damage":0,"enemies":"Small Slimes","floor":1,"turns":3},{"damage":0,"enemies":"Cultist","floor":2,"turns":4},{"damage":6,"enemies":"Jaw Worm","floor":3,"turns":3},{"damage":6,"enemies":"2 Fungi Beasts","floor":4,"turns":3},{"damage":11,"enemies":"3 Sentries","floor":6,"turns":8},{"damage":5,"enemies":"Exordium Thugs","floor":7,"turns":4},{"damage":4,"enemies":"Looter","floor":10,"turns":3},{"damage":11,"enemies":"The Guardian","floor":16,"turns":13},{"damage":1,"enemies":"Shell Parasite","floor":18,"turns":6},{"damage":6,"enemies":"3 Byrds","floor":21,"turns":7},{"damage":9,"enemies":"Sentry and Sphere","floor":24,"turns":8},{"damage":34,"enemies":"Cultist and Chosen","floor":25,"turns":6},{"damage":9,"enemies":"Snake Plant","floor":27,"turns":6},{"damage":6,"enemies":"Centurion and Healer","floor":28,"turns":9},{"damage":7,"enemies":"Sentry and Sphere","floor":30,"turns":16},{"damage":0,"enemies":"Snake Plant","floor":31,"turns":6},{"damage":0,"enemies":"Champ","floor":33,"turns":12},{"damage":5,"enemies":"Orb Walker","floor":35,"turns":5},{"damage":0,"enemies":"3 Shapes","floor":38,"turns":4},{"damage":0,"enemies":"Giant Head","floor":41,"turns":9},{"damage":0,"enemies":"Spire Growth","floor":42,"turns":6},{"damage":0,"enemies":"Writhing Mass","floor":44,"turns":8},{"damage":36,"enemies":"Jaw Worm Horde","floor":45,"turns":4},{"damage":0,"enemies":"4 Shapes","floor":47,"turns":8},{"damage":1,"enemies":"Nemesis","floor":48,"turns":13},{"damage":12,"enemies":"Awakened One","floor":50,"turns":12}],"seed_played":"4030398401132574466","potions_obtained":[{"floor":3,"key":"EssenceOfSteel"},{"floor":4,"key":"Poison Potion"},{"floor":7,"key":"Swift Potion"},{"floor":10,"key":"Dexterity Potion"},{"floor":14,"key":"Dexterity Potion"},{"floor":31,"key":"Swift Potion"},{"floor":47,"key":"Explosive Potion"}],"is_trial":false,"path_per_floor":["M","M","M","M","?","E","M","R","T","M","R","$","R","?","R","B",null,"M","$","?","M","?","R","M","M","T","M","M","?","M","M","R","B",null,"M","?","$","M","$","R","E","M","T","M","M","R","M","E","R","B",null],"character_chosen":"DEFECT","items_purchased":["Capacitor","Cold Snap","The Bomb","Pen Nib","Vajra"],"campfire_rested":1,"item_purchase_floors":[12,19,37,37,37],"current_hp_per_floor":[75,75,69,63,63,59,61,61,61,64,64,64,64,64,64,60,75,75,75,75,75,40,62,60,33,33,24,18,18,25,32,32,39,75,75,75,75,75,75,75,75,75,75,75,46,46,60,73,73,61],"gold":161,"neow_bonus":"TRANSFORM_CARD","is_prod":false,"is_daily":false,"chose_seed":false,"campfire_upgraded":8,"win_rate":0.0,"timestamp":1561812296,"path_taken":["M","M","M","M","?","E","M","R","T","M","R","$","R","?","R","BOSS","M","?","?","M","?","R","M","M","T","M","?","?","M","M","R","BOSS","M","?","$","?","$","R","E","M","T","?","M","R","M","E","R","BOSS"],"build_version":"2019-01-23","purchased_purges":3,"victory":true,"max_hp_per_floor":[75,75,75,75,75,75,75,75,75,75,75,75,75,75,75,75,75,75,75,75,75,75,75,75,75,75,75,75,75,75,75,75,75,75,75,75,75,75,75,75,75,75,75,75,75,75,75,75,75,75],"card_choices":[{"not_picked":["Lockon","White Noise"],"picked":"Cold Snap","floor":1},{"not_picked":["Auto Shields","Chaos"],"picked":"Barrage","floor":2},{"not_picked":["Undo","Chaos"],"picked":"Genetic Algorithm","floor":3},{"not_picked":["Darkness","Sweeping Beam"],"picked":"Self Repair","floor":4},{"not_picked":["Streamline","Sweeping Beam"],"picked":"White Noise","floor":6},{"not_picked":["Sweeping Beam","Rip and Tear"],"picked":"Consume","floor":7},{"not_picked":["Streamline","Steam"],"picked":"Hologram","floor":10},{"not_picked":["Meteor Strike","Multi-Cast"],"picked":"Amplify","floor":16},{"not_picked":["Streamline","Coolheaded"],"picked":"Capacitor","floor":18},{"not_picked":["Beam Cell","Barrage"],"picked":"Hologram","floor":21},{"not_picked":["Blizzard+1","FTL"],"picked":"Conserve Battery","floor":24},{"not_picked":["Turbo","Ball Lightning"],"picked":"Glacier","floor":25},{"not_picked":["Stack","Static Discharge"],"picked":"Echo Form","floor":27},{"not_picked":["Leap+1","Redo"],"picked":"Coolheaded","floor":28},{"not_picked":["Redo+1","Ball Lightning"],"picked":"Sunder+1","floor":30},{"not_picked":["Gash","Streamline"],"picked":"Coolheaded","floor":31},{"not_picked":["Creative AI","Amplify"],"picked":"Echo Form","floor":33},{"not_picked":["Scrape","Auto Shields+1"],"picked":"Hologram+1","floor":35},{"not_picked":["Genetic Algorithm+1","Redo+1","Hologram"],"picked":"SKIP","floor":38},{"not_picked":["Coolheaded","Fusion"],"picked":"Glacier+1","floor":41},{"not_picked":["Beam Cell","Amplify"],"picked":"Hologram","floor":42},{"not_picked":["Reprogram","Reinforced Body+1","Rip and Tear"],"picked":"SKIP","floor":44},{"not_picked":["Coolheaded","Steam Power"],"picked":"Consume","floor":45},{"not_picked":["Redo","Stack","Rip and Tear+1"],"picked":"SKIP","floor":47},{"not_picked":["Stack","Leap","Reprogram"],"picked":"SKIP","floor":48}],"player_experience":11724,"relics_obtained":[{"floor":6,"key":"Calipers"},{"floor":9,"key":"Oddly Smooth Stone"},{"floor":26,"key":"Orichalcum"},{"floor":41,"key":"PreservedInsect"},{"floor":43,"key":"Lantern"},{"floor":48,"key":"Ancient Tea Set"}],"event_choices":[{"cards_removed":["Strike_B"],"damage_healed":0,"gold_gain":0,"player_choice":"Card Removal","damage_taken":0,"max_hp_gain":0,"max_hp_loss":0,"event_name":"The Cleric","floor":5,"gold_loss":50},{"damage_healed":0,"gold_gain":0,"player_choice":"Got Potions","damage_taken":0,"max_hp_gain":0,"max_hp_loss":0,"event_name":"Lab","floor":14,"gold_loss":0},{"cards_removed":["Defend_B"],"damage_healed":0,"gold_gain":0,"player_choice":"Elegance","damage_taken":0,"max_hp_gain":0,"max_hp_loss":0,"event_name":"Back to Basics","floor":20,"gold_loss":0},{"damage_healed":0,"gold_gain":360,"player_choice":"GOLD GOLD GOLD GOLD ","damage_taken":35,"max_hp_gain":0,"max_hp_loss":0,"event_name":"Knowing Skull","floor":22,"potions_obtained":[],"gold_loss":0,"cards_obtained":[]},{"damage_healed":0,"gold_gain":0,"cards_transformed":["Defend_B","Defend_B"],"player_choice":"Became Test Subject","damage_taken":0,"max_hp_gain":0,"max_hp_loss":0,"event_name":"Drug Dealer","floor":29,"gold_loss":0,"cards_obtained":["BootSequence","Skim"]},{"damage_healed":0,"gold_gain":0,"cards_transformed":["Defend_B"],"player_choice":"Transformed","damage_taken":0,"max_hp_gain":0,"max_hp_loss":0,"event_name":"Transmorgrifier","floor":36,"gold_loss":0,"cards_obtained":["Barrage"]}],"is_beta":false,"boss_relics":[{"not_picked":["Empty Cage","Velvet Choker"],"picked":"Snecko Eye"},{"not_picked":["Black Star","Lizard Tail"],"picked":"Inserter"}],"items_purged_floors":[12,19,37],"is_endless":false,"potions_floor_spawned":[3,4,7,10,21,31,33,42,47],"ascension_level":0}