{"gold_per_floor":[15,15,33,33,51,86,98,115,115,115,130,130,130,141,141,215,215,215,215,215,215,49,49,49,49,49,49,49,49,49,7,7,7,7,7,7,7,7,7,7,7,7,7,7,7,7,7,7,7,7],"floor_reached":51,"playtime":3553,"items_purged":[],"score":1220,"play_id":"95d26c20-f771-4c2d-ad29-01be0502418d","local_time":"20190901020524","is_ascension_mode":true,"campfire_choices":[{"floor":10,"key":"REST"},{"data":"Uppercut","floor":12,"key":"SMITH"},{"data":"Whirlwind","floor":15,"key":"SMITH"},{"data":"Limit Break","floor":23,"key":"SMITH"},{"floor":29,"key":"REST"},{"data":"Heavy Blade","floor":32,"key":"SMITH"},{"data":"Battle Trance","floor":40,"key":"SMITH"},{"floor":45,"key":"REST"},{"data":"J.A.X.","floor":47,"key":"SMITH"},{"floor":49,"key":"REST"}],"neow_cost":"NO_GOLD","seed_source_timestamp":210835938975700,"circlet_count":0,"master_deck":["AscendersBane","Strike_R","Strike_R","Strike_R","Strike_R","Strike_R","Defend_R","Defend_R","Defend_R","Bash+1","Headbutt","Uppercut+1","Fiend Fire","Metallicize","Sword Boomerang","Cleave","Whirlwind+1","Limit Break+1","Battle Trance+1","Shockwave","J.A.X.+1","Spot Weakness","Heavy Blade+1","Shrug It Off","Reaper","Pummel","Flash of Steel","True Grit+1","Fiend Fire"],"relics":["Burning Blood","Pen Nib","Ice Cream","Pocketwatch","Ectoplasm","Potion Belt","Anchor","The Courier","Matryoshka","Pantograph","Lizard Tail","Bag of Preparation","Gremlin Horn"],"potions_floor_usage":[16,18,24,35,39,50,50,50,50],"damage_taken":[{"damage":3,"enemies":"2 Louse","floor":1,"turns":4},{"damage":9,"enemies":"Jaw Worm","floor":3,"turns":3},{"damage":1,"enemies":"Cultist","floor":5,"turns":3},{"damage":45,"enemies":"3 Sentries","floor":6,"turns":8},{"damage":14,"enemies":"Looter","floor":7,"turns":3},{"damage":17,"enemies":"Exordium Thugs","floor":8,"turns":3},{"damage":20,"enemies":"3 Louse","floor":11,"turns":4},{"damage":0,"enemies":"Blue Slaver","floor":14,"turns":2},{"damage":25,"enemies":"Hexaghost","floor":16,"turns":10},{"damage":13,"enemies":"Spheric Guardian","floor":18,"turns":4},{"damage":9,"enemies":"Chosen","floor":19,"turns":3},{"damage":28,"enemies":"Gremlin Leader","floor":24,"turns":5},{"damage":4,"enemies":"Sentry and Sphere","floor":28,"turns":3},{"damage":23,"enemies":"Book of Stabbing","floor":30,"turns":3},{"damage":70,"enemies":"Automaton","floor":33,"turns":7},{"damage":32,"enemies":"3 Darklings","floor":35,"turns":4},{"damage":21,"enemies":"Orb Walker","floor":38,"turns":4},{"damage":26,"enemies":"3 Darklings","floor":39,"turns":4},{"damage":34,"enemies":"Spire Growth","floor":41,"turns":4},{"damage":44,"enemies":"Sphere and 2 Shapes","floor":44,"turns":4},{"damage":24,"enemies":"Maw","floor":46,"turns":5},{"damage":35,"enemies":"Transient","floor":48,"turns":5},{"damage":109,"enemies":"Donu and Deca","floor":50,"turns":7}],"seed_played":"5165372607901524963","potions_obtained":[{"floor":8,"key":"Ancient Potion"},{"floor":11,"key":"EssenceOfSteel"},{"floor":16,"key":"Weak Potion"},{"floor":19,"key":"Regen Potion"},{"floor":24,"key":"Swift Potion"},{"floor":33,"key":"SteroidPotion"},{"floor":35,"key":"EntropicBrew"},{"floor":38,"key":"Dexterity Potion"},{"floor":41,"key":"FairyPotion"}],"is_trial":false,"path_per_floor":["M","?","M","?","M","E","M","M","T","R","M","R","$","M","R","B",null,"M","M","?","T","$","R","E","?","T","?","M","R","E","$","R","B",null,"M","?","$","M","M","R","M","?","T","M","R","M","R","M","R","B",null],"character_chosen":"IRONCLAD","items_purchased":["Anchor","Shrug It Off"],"campfire_rested":4,"item_purchase_floors":[22,31],"current_hp_per_floor":[85,85,82,71,76,37,29,18,18,44,30,30,30,36,36,17,71,64,61,61,61,61,61,51,25,25,44,46,74,57,57,57,18,75,86,81,81,88,89,89,61,61,61,23,51,94,94,65,93,15],"gold":7,"neow_bonus":"TWENTY_PERCENT_HP_BONUS","is_prod":false,"is_daily":false,"chose_seed":false,"campfire_upgraded":6,"win_rate":0,"timestamp":1567271124,"path_taken":["M","?","M","?","M","E","M","M","T","R","?","R","?","M","R","BOSS","M","M","?","?","$","R","E","?","T","?","M","R","E","$","R","BOSS","M","?","$","M","M","R","M","?","T","M","R","M","R","M","R","BOSS"],"build_version":"2019-07-17","purchased_purges":0,"victory":true,"max_hp_per_floor":[89,89,89,89,89,89,89,89,89,89,89,89,89,89,89,89,89,89,89,89,89,89,89,89,94,94,94,94,94,94,94,94,94,94,94,94,94,94,94,94,94,94,94,94,94,94,94,94,94,94],"card_choices":[{"not_picked":["Heavy Blade","Infernal Blade"],"picked":"Headbutt","floor":1},{"not_picked":["Blood for Blood","Twin Strike"],"picked":"Uppercut","floor":3},{"not_picked":["Battle Trance","Thunderclap","Sentinel"],"picked":"SKIP","floor":5},{"not_picked":["Infernal Blade","Bloodletting"],"picked":"Fiend Fire","floor":6},{"not_picked":["Thunderclap","Pommel Strike"],"picked":"Metallicize","floor":7},{"not_picked":["Thunderclap","Wild Strike"],"picked":"Sword Boomerang","floor":8},{"not_picked":["Battle Trance","Havoc"],"picked":"Cleave","floor":11},{"not_picked":["Entrench","Havoc"],"picked":"Whirlwind","floor":14},{"not_picked":["Immolate","Exhume"],"picked":"Limit Break","floor":16},{"not_picked":["Carnage","Thunderclap"],"picked":"Battle Trance","floor":18},{"not_picked":["Havoc","Infernal Blade"],"picked":"Shockwave","floor":19},{"not_picked":["Power Through","Fire Breathing","Clothesline"],"picked":"SKIP","floor":24},{"not_picked":["Pommel Strike","Clash+1"],"picked":"Spot Weakness","floor":28},{"not_picked":["Sword Boomerang","Anger"],"picked":"Heavy Blade","floor":30},{"not_picked":["Immolate","Brutality"],"picked":"Reaper","floor":33},{"not_picked":["Reckless Charge","Wild Strike"],"picked":"Pummel","floor":35},{"not_picked":["Panacea","Discovery"],"picked":"Flash of Steel","floor":36},{"not_picked":["Sever Soul+1","Power Through+1","Sword Boomerang"],"picked":"SKIP","floor":38},{"not_picked":["Sever Soul+1","Power Through+1","Sword Boomerang"],"picked":"SKIP","floor":38},{"not_picked":["Sword Boomerang","True Grit","Flex"],"picked":"SKIP","floor":39},{"not_picked":["Immolate","Cleave","Warcry"],"picked":"SKIP","floor":41},{"not_picked":["Armaments","Wild Strike"],"picked":"True Grit+1","floor":44},{"not_picked":["Armaments","Pommel Strike"],"picked":"Fiend Fire","floor":46},{"not_picked":["Flex","Thunderclap","Sword Boomerang"],"picked":"SKIP","floor":48}],"player_experience":538186,"relics_obtained":[{"floor":6,"key":"Ice Cream"},{"floor":9,"key":"Pocketwatch"},{"floor":21,"key":"Potion Belt"},{"floor":24,"key":"The Courier"},{"floor":26,"key":"Matryoshka"},{"floor":30,"key":"Pantograph"},{"floor":43,"key":"Bag of Preparation"},{"floor":43,"key":"Gremlin Horn"}],"event_choices":[{"damage_healed":0,"gold_gain":0,"player_choice":"Grow","damage_taken":0,"max_hp_gain":0,"max_hp_loss":0,"event_name":"Living Wall","floor":2,"gold_loss":0,"cards_upgraded":["Bash"]},{"damage_healed":0,"gold_gain":0,"player_choice":"Success","damage_taken":11,"relics_obtained":["Pen Nib"],"max_hp_gain":0,"max_hp_loss":0,"event_name":"Scrap Ooze","floor":4,"gold_loss":0},{"damage_healed":0,"gold_gain":0,"player_choice":"Obtain J.A.X.","damage_taken":0,"max_hp_gain":0,"max_hp_loss":0,"event_name":"Drug Dealer","floor":20,"gold_loss":0,"cards_obtained":["J.A.X."]},{"damage_healed":0,"gold_gain":0,"player_choice":"Shed Blood","damage_taken":31,"max_hp_gain":5,"max_hp_loss":0,"event_name":"Forgotten Altar","floor":25,"gold_loss":0},{"damage_healed":19,"gold_gain":0,"player_choice":"Heal","damage_taken":0,"max_hp_gain":0,"max_hp_loss":0,"event_name":"The Library","floor":27,"gold_loss":0},{"damage_healed":0,"gold_gain":0,"player_choice":"Memory 2","damage_taken":5,"max_hp_gain":0,"max_hp_loss":0,"event_name":"SensoryStone","floor":36,"gold_loss":0},{"cards_removed":["Defend_R"],"damage_healed":0,"gold_gain":0,"player_choice":"Removed Skill","damage_taken":0,"max_hp_gain":0,"max_hp_loss":0,"event_name":"Falling","floor":42,"gold_loss":0}],"is_beta":false,"boss_relics":[{"not_picked":["Philosopher\u0027s Stone","Runic Pyramid"],"picked":"Ectoplasm"},{"not_picked":["Eternal Feather","Busted Crown"],"picked":"Lizard Tail"}],"items_purged_floors":[],"is_endless":false,"potions_floor_spawned":[8,11,16,19,24,33,35,38,41,46],"ascension_level":16}