{"gold_per_floor":[113,113,133,152,302,302,334,15,41,70,70,16,29,55,55,129,129,146,146,11,31,31,56,69,69,151,151,184,203,203,10,10,81,81,100,100,114,193,60,60,60,88,115,132,132,147,147,53,53,53,53],"floor_reached":51,"playtime":2717,"items_purged":["Doubt","Strike_G","Strike_G","Strike_G","Decay"],"score":1358,"play_id":"e47d70f4-4ce0-46a0-a000-fe60c7569c07","local_time":"20190621170448","is_ascension_mode":true,"campfire_choices":[{"data":"Noxious Fumes","floor":6.0,"key":"SMITH"},{"floor":11.0,"key":"REST"},{"floor":15.0,"key":"REST"},{"floor":25.0,"key":"REST"},{"floor":30.0,"key":"REST"},{"data":"Night Terror","floor":32.0,"key":"SMITH"},{"floor":40.0,"key":"RECALL"},{"floor":47.0,"key":"REST"},{"data":"Calculated Gamble","floor":49.0,"key":"SMITH"}],"neow_cost":"NONE","seed_source_timestamp":0,"circlet_count":0,"master_deck":["AscendersBane","Defend_G","Defend_G","Defend_G","Defend_G","Defend_G","Survivor","Neutralize","Flying Knee","Noxious Fumes+1","Masterful Stab","Dash","Footwork","Calculated Gamble+1","Crippling Poison","Night Terror+1","Adrenaline+1","Noxious Fumes","Footwork","Dagger Throw","Deadly Poison","Poisoned Stab","Backflip","Noxious Fumes+1","After Image+1","PiercingWail+1","PiercingWail","Footwork+1","PiercingWail"],"special_seed":0,"relics":["Ring of the Snake","NeowsBlessing","Omamori","Potion Belt","Smiling Mask","Ancient Tea Set","Snake Skull","Cursed Key","Frozen Egg 2","Bottled Lightning","Oddly Smooth Stone","Snecko Eye","Question Card","The Courier"],"potions_floor_usage":[],"damage_taken":[{"damage":0.0,"enemies":"2 Louse","floor":1.0,"turns":1.0},{"damage":0.0,"enemies":"Cultist","floor":3.0,"turns":1.0},{"damage":0.0,"enemies":"Jaw Worm","floor":4.0,"turns":1.0},{"damage":45.0,"enemies":"Gremlin Nob","floor":7.0,"turns":5.0},{"damage":8.0,"enemies":"3 Sentries","floor":10.0,"turns":7.0},{"damage":0.0,"enemies":"3 Louse","floor":13.0,"turns":3.0},{"damage":14.0,"enemies":"Gremlin Nob","floor":14.0,"turns":5.0},{"damage":19.0,"enemies":"Slime Boss","floor":16.0,"turns":7.0},{"damage":0.0,"enemies":"Chosen","floor":18.0,"turns":5.0},{"damage":9.0,"enemies":"2 Thieves","floor":21.0,"turns":5.0},{"damage":12.0,"enemies":"Book of Stabbing","floor":23.0,"turns":6.0},{"damage":8.0,"enemies":"Centurion and Healer","floor":24.0,"turns":7.0},{"damage":24.0,"enemies":"Gremlin Leader","floor":28.0,"turns":8.0},{"damage":0.0,"enemies":"Snake Plant","floor":29.0,"turns":4.0},{"damage":25.0,"enemies":"Automaton","floor":33.0,"turns":8.0},{"damage":1.0,"enemies":"3 Shapes","floor":35.0,"turns":5.0},{"damage":0.0,"enemies":"3 Darklings","floor":37.0,"turns":5.0},{"damage":6.0,"enemies":"Nemesis","floor":42.0,"turns":9.0},{"damage":10.0,"enemies":"4 Shapes","floor":44.0,"turns":5.0},{"damage":0.0,"enemies":"Jaw Worm Horde","floor":46.0,"turns":5.0},{"damage":45.0,"enemies":"Awakened One","floor":50.0,"turns":21.0},{"damage":27,"enemies":"Donu and Deca","floor":51,"turns":9}],"seed_played":"7218326322097932100","potions_obtained":[{"floor":4.0,"key":"FearPotion"},{"floor":7.0,"key":"FearPotion"},{"floor":10.0,"key":"GamblersBrew"},{"floor":14.0,"key":"FearPotion"},{"floor":18.0,"key":"GhostInAJar"},{"floor":24.0,"key":"Block Potion"},{"floor":27.0,"key":"Ancient Potion"},{"floor":27.0,"key":"SmokeBomb"},{"floor":28.0,"key":"EssenceOfSteel"},{"floor":37.0,"key":"Swift Potion"},{"floor":44.0,"key":"Swift Potion"}],"is_trial":false,"path_per_floor":["M","?","M","M","?","R","E","$","T","E","R","$","M","E","R","B",null,"M","?","$","M","?","E","M","R","T","?","E","M","R","$","R","B",null,"M","?","M","T","$","R","?","E","T","M","?","M","R","$","R","B","B"],"character_chosen":"THE_SILENT","items_purchased":["Footwork","Potion Belt","Block Potion","Footwork","Noxious Fumes+1","Swift Potion","Footwork+1","Dexterity Potion"],"campfire_rested":5,"item_purchase_floors":[8,8,12,20,31,31,39,48],"current_hp_per_floor":[59,59,59,59,59,59,14,14,14,6,25,25,25,11,30,11,52,52,52,52,43,43,31,23,42,42,42,18,18,37,37,37,12,53,52,52,52,52,52,52,52,46,46,36,36,36,55,55,55,10,0],"gold":53,"neow_bonus":"THREE_ENEMY_KILL","is_prod":false,"is_daily":false,"chose_seed":false,"campfire_upgraded":3,"win_rate":0,"timestamp":1561151088,"path_taken":["M","?","?","M","?","R","E","$","T","E","R","$","M","E","R","BOSS","M","?","$","M","?","E","?","R","T","?","E","M","R","?","R","BOSS","M","?","?","?","$","R","?","E","T","?","?","M","R","$","R","BOSS","BOSS"],"build_version":"2019-01-23","purchased_purges":5,"victory":false,"max_hp_per_floor":[66,66,66,66,66,66,66,66,66,66,66,66,66,66,66,66,66,66,66,66,66,66,66,66,66,66,66,66,66,66,66,66,66,66,66,66,66,66,66,66,66,66,66,66,66,66,66,66,66,66,66],"card_choices":[{"not_picked":["Poisoned Stab","Underhanded Strike"],"picked":"Flying Knee","floor":1.0},{"not_picked":["Bane","Escape Plan"],"picked":"Noxious Fumes","floor":3.0},{"not_picked":["Reflex","Slice"],"picked":"Masterful Stab","floor":4.0},{"not_picked":["Blur","Heel Hook"],"picked":"Dash","floor":7.0},{"not_picked":["Accuracy","Cloak And Dagger"],"picked":"Calculated Gamble","floor":10.0},{"not_picked":["Blur","PiercingWail"],"picked":"Crippling Poison","floor":13.0},{"not_picked":["Sucker Punch","Acrobatics"],"picked":"Night Terror","floor":14.0},{"not_picked":["Malaise","Burst"],"picked":"Adrenaline","floor":16.0},{"not_picked":["Flying Knee","Outmaneuver","Underhanded Strike"],"picked":"SKIP","floor":18.0},{"not_picked":["Prepared","Terror","Cloak And Dagger"],"picked":"SKIP","floor":21.0},{"not_picked":["Masterful Stab","Underhanded Strike"],"picked":"Deadly Poison","floor":23.0},{"not_picked":["Glass Knife","Dagger Throw"],"picked":"Poisoned Stab","floor":24.0},{"not_picked":["Finisher","Dagger Spray"],"picked":"Backflip","floor":28.0},{"not_picked":["All Out Attack","Flying Knee","Grand Finale"],"picked":"SKIP","floor":29.0},{"not_picked":["Phantasmal Killer","A Thousand Cuts+1"],"picked":"After Image+1","floor":33.0},{"not_picked":["Underhanded Strike+1","Acrobatics"],"picked":"PiercingWail+1","floor":35.0},{"not_picked":["Quick Slash","Slice+1"],"picked":"PiercingWail","floor":37.0},{"not_picked":["Finisher+1","Blade Dance","Bane"],"picked":"PiercingWail","floor":42.0},{"not_picked":["Flying Knee+1","Cloak And Dagger","Prepared+1","Endless Agony"],"picked":"SKIP","floor":44.0},{"not_picked":["Flechettes+1","Poisoned Stab","Phantasmal Killer","Choke"],"picked":"SKIP","floor":46.0}],"player_experience":1197334,"relics_obtained":[{"floor":7.0,"key":"Omamori"},{"floor":9.0,"key":"Smiling Mask"},{"floor":10.0,"key":"Ancient Tea Set"},{"floor":14.0,"key":"Snake Skull"},{"floor":23.0,"key":"Frozen Egg 2"},{"floor":26.0,"key":"Bottled Lightning"},{"floor":28.0,"key":"Oddly Smooth Stone"},{"floor":38.0,"key":"Question Card"},{"floor":42.0,"key":"The Courier"}],"event_choices":[{"cards_removed":["Strike_G"],"damage_healed":0.0,"max_hp_gain":0.0,"max_hp_loss":0.0,"gold_gain":0.0,"event_name":"Purifier","player_choice":"Purged","floor":2.0,"gold_loss":0.0,"damage_taken":0.0},{"damage_healed":0.0,"max_hp_gain":0.0,"max_hp_loss":0.0,"gold_gain":150.0,"event_name":"Liars Game","player_choice":"AGREE","floor":5.0,"gold_loss":0.0,"damage_taken":0.0,"cards_obtained":["Doubt"]},{"damage_healed":0.0,"max_hp_gain":0.0,"max_hp_loss":0.0,"gold_gain":0.0,"event_name":"The Library","player_choice":"Read","floor":19.0,"gold_loss":0.0,"damage_taken":0.0,"cards_obtained":["Noxious Fumes"]},{"damage_healed":0.0,"max_hp_gain":0.0,"max_hp_loss":0.0,"gold_gain":0.0,"cards_transformed":["Strike_G"],"event_name":"Transmorgrifier","player_choice":"Transformed","floor":22.0,"gold_loss":0.0,"damage_taken":0.0,"cards_obtained":["Dagger Throw"]},{"damage_healed":0.0,"max_hp_gain":0.0,"max_hp_loss":0.0,"gold_gain":0.0,"event_name":"Lab","player_choice":"Got Potions","floor":27.0,"gold_loss":0.0,"damage_taken":0.0},{"damage_healed":0.0,"max_hp_gain":0.0,"max_hp_loss":0.0,"gold_gain":0.0,"event_name":"Upgrade Shrine","player_choice":"Upgraded","floor":36.0,"gold_loss":0.0,"damage_taken":0.0,"cards_upgraded":["Adrenaline"]},{"damage_healed":0.0,"max_hp_gain":0.0,"max_hp_loss":0.0,"gold_gain":0.0,"event_name":"SecretPortal","player_choice":"Ignored","floor":41.0,"gold_loss":0.0,"damage_taken":0.0},{"damage_healed":0.0,"max_hp_gain":0.0,"max_hp_loss":0.0,"gold_gain":0.0,"event_name":"Mysterious Sphere","player_choice":"Ignored","floor":45.0,"gold_loss":0.0,"damage_taken":0.0}],"is_beta":false,"boss_relics":[{"not_picked":["Lizard Tail","Sozu"],"picked":"Cursed Key"},{"not_picked":["Coffee Dripper","Calling Bell"],"picked":"Snecko Eye"}],"items_purged_floors":[8,20,31,39,48],"is_endless":false,"potions_floor_spawned":[4,7,10,14,18,24,28,37,44],"killed_by":"Donu and Deca","ascension_level":20}