{"gold_per_floor":[119,119,65,84,84,84,116,132,132,132,132,213,213,253,253,253],"floor_reached":16,"playtime":350,"items_purged":[],"score":212,"play_id":"3d113266-149e-411e-b619-125c66578401","local_time":"20190806090110","is_ascension_mode":true,"campfire_choices":[{"data":"Zap","floor":6.0,"key":"SMITH"},{"floor":10,"key":"DIG"},{"data":"Dualcast","floor":13,"key":"SMITH"},{"floor":15,"key":"REST"}],"neow_cost":"NONE","seed_source_timestamp":831315400593400,"circlet_count":0,"master_deck":["AscendersBane","Strike_B","Strike_B","Strike_B","Strike_B","Defend_B","Defend_B","Defend_B","Defend_B","Zap+1","Dualcast+1","Sweeping Beam","Ball Lightning","Melter","Compile Driver","Doom and Gloom"],"special_seed":0,"relics":["Runic Dome","Shovel","Unceasing Top","Golden Idol","Mummified Hand","Lantern"],"potions_floor_usage":[7],"damage_taken":[{"damage":7.0,"enemies":"Jaw Worm","floor":1.0,"turns":4.0},{"damage":0.0,"enemies":"Cultist","floor":4.0,"turns":3.0},{"damage":20,"enemies":"Lagavulin","floor":7,"turns":7},{"damage":7,"enemies":"Small Slimes","floor":8,"turns":2},{"damage":32,"enemies":"Gremlin Nob","floor":14,"turns":4},{"damage":26,"enemies":"The Guardian","floor":16,"turns":5}],"seed_played":"8331775143539394670","potions_obtained":[{"floor":1.0,"key":"Regen Potion"}],"is_trial":false,"path_per_floor":["M","?","$","M","?","R","E","M","T","R","?","T","R","E","R","B"],"character_chosen":"DEFECT","items_purchased":["Ball Lightning"],"campfire_rested":1,"item_purchase_floors":[3],"current_hp_per_floor":[57,57,57,57,50,50,45,38,38,38,38,38,38,6,25,0],"gold":253,"neow_bonus":"BOSS_RELIC","is_prod":false,"is_daily":false,"chose_seed":false,"campfire_upgraded":2,"win_rate":0,"timestamp":1565096470,"path_taken":["M","?","$","?","?","R","E","M","T","R","?","?","R","E","R","BOSS"],"build_version":"2019-07-17","purchased_purges":0,"victory":false,"max_hp_per_floor":[71,71,71,71,71,71,71,71,71,71,64,64,64,64,64,64],"card_choices":[{"not_picked":["Darkness","Skim"],"picked":"Sweeping Beam","floor":1.0},{"not_picked":["Barrage","Redo","Scrape"],"picked":"SKIP","floor":4.0},{"not_picked":["Turbo","Sweeping Beam"],"picked":"Melter","floor":7},{"not_picked":["Rebound","Tempest"],"picked":"Compile Driver","floor":8},{"not_picked":["FTL","Compile Driver"],"picked":"Doom and Gloom","floor":14}],"player_experience":1436519,"relics_obtained":[{"floor":7,"key":"Shovel"},{"floor":10,"key":"Unceasing Top"},{"floor":12,"key":"Mummified Hand"},{"floor":14,"key":"Lantern"}],"event_choices":[{"damage_healed":0.0,"max_hp_gain":0.0,"max_hp_loss":0.0,"gold_gain":0.0,"event_name":"Wheel of Change","player_choice":"Cursed","floor":2.0,"gold_loss":0.0,"damage_taken":0.0,"cards_obtained":["Decay"]},{"cards_removed":["Decay"],"damage_healed":0.0,"max_hp_gain":0.0,"max_hp_loss":0.0,"gold_gain":0.0,"event_name":"Golden Wing","player_choice":"Card Removal","floor":5.0,"gold_loss":0.0,"damage_taken":7.0},{"damage_healed":0,"gold_gain":0,"player_choice":"Lose Max HP","damage_taken":0,"relics_obtained":["Golden Idol"],"max_hp_gain":0,"max_hp_loss":7,"event_name":"Golden Idol","floor":11,"gold_loss":0}],"is_beta":false,"boss_relics":[],"items_purged_floors":[],"is_endless":false,"potions_floor_spawned":[1],"killed_by":"The Guardian","ascension_level":20}