{"gold_per_floor":[118,128,178,195,215,215,247,247,247,259,93,93,123,123,123,196,196,208,208,219,234,234,234,262,187,214,249,264,264,291,291,291,291],"floor_reached":33,"playtime":1654,"items_purged":["Strike_G"],"score":676,"play_id":"c5c1d272-4834-4f47-bf34-ffbbae211cfc","local_time":"20190622182225","is_ascension_mode":true,"campfire_choices":[{"data":"All Out Attack","floor":6.0,"key":"SMITH"},{"floor":15,"key":"REST"},{"data":"Doppelganger","floor":23,"key":"SMITH"},{"floor":29,"key":"REST"},{"floor":32,"key":"REST"}],"neow_cost":"NONE","seed_source_timestamp":164700050566800,"circlet_count":0,"master_deck":["AscendersBane","Survivor","Neutralize+1","Deadly Poison","Poisoned Stab+1","Deflect","All Out Attack+1","Escape Plan","Well Laid Plans","PiercingWail","Leg Sweep","Infinite Blades","Doppelganger+1","Leg Sweep","Dagger Spray+1","Leg Sweep","Deadly Poison","Outmaneuver","Deadly Poison","Flying Knee+1","Heel Hook","PiercingWail+1","Well Laid Plans","Accuracy+1","Crippling Poison"],"special_seed":0,"relics":["Ring of the Snake","Lantern","The Courier","Mercury Hourglass","Bird Faced Urn","Pandora\u0027s Box","Mummified Hand","Whetstone","Vajra","Pear"],"potions_floor_usage":[24,24,30,33],"damage_taken":[{"damage":0.0,"enemies":"2 Louse","floor":1.0,"turns":4.0},{"damage":0.0,"enemies":"Cultist","floor":2.0,"turns":3.0},{"damage":2.0,"enemies":"Jaw Worm","floor":4.0,"turns":4.0},{"damage":5.0,"enemies":"Blue Slaver","floor":5.0,"turns":4.0},{"damage":20.0,"enemies":"3 Sentries","floor":7.0,"turns":7.0},{"damage":15.0,"enemies":"Large Slime","floor":10.0,"turns":7.0},{"damage":6,"enemies":"Lagavulin","floor":13,"turns":7},{"damage":32,"enemies":"Slime Boss","floor":16,"turns":12},{"damage":3,"enemies":"Chosen","floor":18,"turns":5},{"damage":11,"enemies":"3 Byrds","floor":20,"turns":3},{"damage":5,"enemies":"Centurion and Healer","floor":21,"turns":7},{"damage":15,"enemies":"Book of Stabbing","floor":24,"turns":5},{"damage":0,"enemies":"Gremlin Leader","floor":27,"turns":5},{"damage":10,"enemies":"Shelled Parasite and Fungi","floor":28,"turns":4},{"damage":29,"enemies":"Slavers","floor":30,"turns":3},{"damage":73,"enemies":"Champ","floor":33,"turns":13}],"seed_played":"336380682109548544","potions_obtained":[{"floor":4.0,"key":"Regen Potion"},{"floor":5.0,"key":"GamblersBrew"},{"floor":10.0,"key":"Strength Potion"},{"floor":16,"key":"FearPotion"},{"floor":18,"key":"SkillPotion"},{"floor":28,"key":"Explosive Potion"},{"floor":30,"key":"FearPotion"}],"is_trial":false,"path_per_floor":["M","M","?","M","M","R","E","?","T","M","$","T","E","?","R","B",null,"M","?","M","M","?","R","E","?","T","E","M","R","E","?","R","B"],"character_chosen":"THE_SILENT","items_purchased":["PiercingWail","Leg Sweep"],"campfire_rested":3,"item_purchase_floors":[11,11],"current_hp_per_floor":[59,59,59,57,52,52,47,47,47,32,32,32,26,19,38,10,52,53,53,46,45,45,45,34,34,34,38,34,53,40,40,62,0],"gold":291,"neow_bonus":"UPGRADE_CARD","is_prod":false,"is_daily":false,"chose_seed":false,"campfire_upgraded":2,"win_rate":0,"timestamp":1561242145,"path_taken":["M","M","?","?","M","R","E","?","T","M","$","?","E","?","R","BOSS","M","?","M","M","?","R","E","?","T","E","M","R","E","?","R","BOSS"],"build_version":"2019-01-23","purchased_purges":1,"victory":false,"max_hp_per_floor":[66,66,66,66,66,66,66,66,66,66,66,66,66,66,66,66,66,66,66,66,66,66,66,66,66,66,66,66,66,76,76,76,76],"card_choices":[{"not_picked":["Dodge and Roll","Footwork"],"picked":"Deadly Poison","floor":1.0},{"not_picked":["Quick Slash","Dodge and Roll"],"picked":"Poisoned Stab","floor":2.0},{"not_picked":["Blade Dance","Prepared"],"picked":"Deflect","floor":4.0},{"not_picked":["Eviscerate","Deflect"],"picked":"All Out Attack","floor":5.0},{"not_picked":["Heel Hook","A Thousand Cuts"],"picked":"Escape Plan","floor":7.0},{"not_picked":["Backflip","Cloak And Dagger"],"picked":"Well Laid Plans","floor":10.0},{"not_picked":["Underhanded Strike","Poisoned Stab"],"picked":"Infinite Blades","floor":13},{"not_picked":["Phantasmal Killer","Tools of the Trade"],"picked":"Doppelganger","floor":16},{"not_picked":["Blade Dance","Setup"],"picked":"Flying Knee","floor":18},{"not_picked":["Flechettes","Bane"],"picked":"PiercingWail+1","floor":20},{"not_picked":["Distraction","Deadly Poison","Prepared"],"picked":"SKIP","floor":21},{"not_picked":["Poisoned Stab","Sucker Punch","Skewer"],"picked":"SKIP","floor":24},{"not_picked":["Infinite Blades","Burst"],"picked":"Well Laid Plans","floor":27},{"not_picked":["Terror","Backstab"],"picked":"Accuracy+1","floor":28},{"not_picked":["Dodge and Roll","Well Laid Plans"],"picked":"Crippling Poison","floor":30}],"player_experience":1208405,"relics_obtained":[{"floor":7.0,"key":"Lantern"},{"floor":9.0,"key":"The Courier"},{"floor":12,"key":"Mercury Hourglass"},{"floor":13,"key":"Bird Faced Urn"},{"floor":24,"key":"Mummified Hand"},{"floor":26,"key":"Whetstone"},{"floor":27,"key":"Vajra"},{"floor":30,"key":"Pear"}],"event_choices":[{"damage_healed":0.0,"max_hp_gain":0.0,"max_hp_loss":0.0,"gold_gain":50.0,"event_name":"Golden Shrine","player_choice":"Pray","floor":3.0,"gold_loss":0.0,"damage_taken":0.0},{"damage_healed":0.0,"max_hp_gain":0.0,"max_hp_loss":0.0,"gold_gain":0.0,"event_name":"Living Wall","player_choice":"Grow","floor":8.0,"gold_loss":0.0,"damage_taken":0.0,"cards_upgraded":["Poisoned Stab"]},{"cards_removed":["Strike_G"],"damage_healed":0,"gold_gain":0,"player_choice":"Card Removal","damage_taken":7,"max_hp_gain":0,"max_hp_loss":0,"event_name":"Golden Wing","floor":14,"gold_loss":0},{"damage_healed":0,"gold_gain":0,"cards_transformed":["Eviscerate","Concentrate"],"player_choice":"Became Test Subject","damage_taken":0,"max_hp_gain":0,"max_hp_loss":0,"event_name":"Drug Dealer","floor":19,"gold_loss":0,"cards_obtained":["Dagger Spray","Heel Hook"]},{"damage_healed":0,"gold_gain":0,"player_choice":"Ignored","damage_taken":0,"max_hp_gain":0,"max_hp_loss":0,"event_name":"The Mausoleum","floor":22,"gold_loss":0},{"cards_removed":["Dagger Spray"],"damage_healed":0,"gold_gain":0,"player_choice":"Gave Gold","damage_taken":0,"max_hp_gain":0,"max_hp_loss":0,"event_name":"Beggar","floor":25,"gold_loss":75},{"damage_healed":0,"gold_gain":0,"player_choice":"Ignored","damage_taken":0,"max_hp_gain":0,"max_hp_loss":0,"event_name":"Vampires","floor":31,"gold_loss":0}],"is_beta":false,"boss_relics":[{"not_picked":["WristBlade","Cursed Key"],"picked":"Pandora\u0027s Box"}],"items_purged_floors":[11],"is_endless":false,"potions_floor_spawned":[4,5,10,16,18,28,30],"killed_by":"Champ","ascension_level":20}