{"gold_per_floor":[111,111,126,140,65,96,96,38,65,65,100,120,139,173,173,248,248,263,188,202,215,215,215,89,89,89,122,142,157,191,226,226,226],"floor_reached":33,"playtime":1415,"items_purged":["Strike_R","Defend_R"],"score":660,"play_id":"8815df75-087d-4902-bc8d-f016f5378c9a","local_time":"20190823213118","is_ascension_mode":true,"campfire_choices":[{"data":"Sword Boomerang","floor":7.0,"key":"SMITH"},{"data":"Armaments","floor":10.0,"key":"SMITH"},{"data":"Inflame","floor":15.0,"key":"SMITH"},{"data":"Demon Form","floor":23.0,"key":"SMITH"},{"floor":25.0,"key":"REST"},{"floor":32,"key":"REST"}],"neow_cost":"NONE","seed_source_timestamp":7781130891000,"circlet_count":0,"master_deck":["AscendersBane","Strike_R+1","Strike_R+1","Defend_R","Defend_R","Defend_R","Bash+1","Inflame+1","Sword Boomerang+1","Hemokinesis","Armaments+1","Pommel Strike","Inflame+1","Sword Boomerang","Demon Form+1","Bludgeon","Shrug It Off","Heavy Blade","Offering"],"special_seed":0,"relics":["Burning Blood","Centennial Puzzle","Oddly Smooth Stone","Pen Nib","Whetstone","Snecko Eye","Ornamental Fan","Dodecahedron","Matryoshka","Red Mask"],"potions_floor_usage":[33,33],"damage_taken":[{"damage":9.0,"enemies":"Jaw Worm","floor":1.0,"turns":4.0},{"damage":1.0,"enemies":"Cultist","floor":3.0,"turns":3.0},{"damage":1.0,"enemies":"2 Louse","floor":4.0,"turns":4.0},{"damage":20.0,"enemies":"3 Sentries","floor":6.0,"turns":5.0},{"damage":14.0,"enemies":"Lagavulin","floor":11.0,"turns":5.0},{"damage":14.0,"enemies":"Large Slime","floor":12.0,"turns":6.0},{"damage":3.0,"enemies":"Red Slaver","floor":13.0,"turns":3.0},{"damage":15.0,"enemies":"3 Sentries","floor":14.0,"turns":4.0},{"damage":14.0,"enemies":"The Guardian","floor":16.0,"turns":10.0},{"damage":0.0,"enemies":"Chosen","floor":18.0,"turns":3.0},{"damage":22.0,"enemies":"2 Thieves","floor":20.0,"turns":4.0},{"damage":32.0,"enemies":"Sentry and Sphere","floor":21.0,"turns":4.0},{"damage":3.0,"enemies":"Gremlin Leader","floor":27.0,"turns":4.0},{"damage":3.0,"enemies":"Snecko","floor":28.0,"turns":1.0},{"damage":3.0,"enemies":"Snake Plant","floor":29.0,"turns":1.0},{"damage":46.0,"enemies":"Slavers","floor":30.0,"turns":4.0},{"damage":8,"enemies":"Masked Bandits","floor":31,"turns":4},{"damage":51,"enemies":"Champ","floor":33,"turns":7}],"seed_played":"5056011065290035147","potions_obtained":[{"floor":3.0,"key":"AttackPotion"},{"floor":4.0,"key":"Swift Potion"},{"floor":11.0,"key":"PowerPotion"},{"floor":13.0,"key":"Dexterity Potion"},{"floor":21.0,"key":"Regen Potion"},{"floor":27.0,"key":"Dexterity Potion"},{"floor":31,"key":"Weak Potion"}],"is_trial":false,"path_per_floor":["M","?","M","M","$","E","R","$","T","R","E","M","M","E","R","B",null,"M","?","M","M","?","R","$","R","T","E","M","M","E","?","R","B"],"character_chosen":"IRONCLAD","items_purchased":["Armaments","Shrug It Off"],"campfire_rested":2,"item_purchase_floors":[8,24],"current_hp_per_floor":[65,65,70,75,75,61,61,61,61,61,53,45,48,39,39,31,64,70,70,54,28,28,28,28,50,50,65,68,71,31,29,51,0],"gold":226,"neow_bonus":"UPGRADE_CARD","is_prod":false,"is_daily":false,"chose_seed":false,"campfire_upgraded":4,"win_rate":0,"timestamp":1566610278,"path_taken":["M","?","M","M","$","E","R","$","T","R","E","M","?","E","R","BOSS","M","?","M","M","?","R","$","R","T","E","M","?","E","?","R","BOSS"],"build_version":"2019-07-17","purchased_purges":2,"victory":false,"max_hp_per_floor":[75,75,75,75,75,75,75,75,75,75,75,75,75,75,75,75,75,75,75,75,75,75,75,75,75,75,75,75,75,75,75,75,75],"card_choices":[{"not_picked":["Thunderclap","Clash"],"picked":"Inflame","floor":1.0},{"not_picked":["Warcry","Fire Breathing","Flex"],"picked":"SKIP","floor":3.0},{"not_picked":["Cleave","Disarm"],"picked":"Sword Boomerang","floor":4.0},{"not_picked":["Warcry","Dual Wield"],"picked":"Hemokinesis","floor":6.0},{"not_picked":["Iron Wave","Clash","Headbutt"],"picked":"SKIP","floor":11.0},{"not_picked":["Armaments","Twin Strike"],"picked":"Pommel Strike","floor":12.0},{"not_picked":["Brutality","Flex"],"picked":"Inflame","floor":13.0},{"not_picked":["Body Slam","Rampage"],"picked":"Sword Boomerang","floor":14.0},{"not_picked":["Bludgeon","Exhume"],"picked":"Demon Form","floor":16.0},{"not_picked":["Ghostly Armor","Intimidate","Warcry"],"picked":"SKIP","floor":18.0},{"not_picked":["Pommel Strike","Wild Strike","Combust"],"picked":"SKIP","floor":20.0},{"not_picked":["True Grit","Iron Wave"],"picked":"Bludgeon","floor":21.0},{"not_picked":["Thunderclap","Hemokinesis"],"picked":"Heavy Blade","floor":27.0},{"not_picked":["Havoc","Entrench","Anger"],"picked":"SKIP","floor":28.0},{"not_picked":["Havoc","Entrench","Anger"],"picked":"SKIP","floor":28.0},{"not_picked":["Havoc","Entrench","Anger"],"picked":"SKIP","floor":28.0},{"not_picked":["Twin Strike","Rage","Thunderclap"],"picked":"SKIP","floor":29.0},{"not_picked":["Ghostly Armor+1","Dual Wield"],"picked":"Offering","floor":30.0}],"player_experience":1497941,"relics_obtained":[{"floor":6.0,"key":"Centennial Puzzle"},{"floor":9.0,"key":"Oddly Smooth Stone"},{"floor":11.0,"key":"Pen Nib"},{"floor":14.0,"key":"Whetstone"},{"floor":26.0,"key":"Ornamental Fan"},{"floor":27.0,"key":"Dodecahedron"},{"floor":30.0,"key":"Matryoshka"},{"floor":31,"key":"Red Mask"}],"event_choices":[{"damage_healed":0.0,"max_hp_gain":0.0,"max_hp_loss":0.0,"gold_gain":0.0,"event_name":"Accursed Blacksmith","player_choice":"Forge","floor":2.0,"gold_loss":0.0,"damage_taken":0.0,"cards_upgraded":["Inflame"]},{"cards_removed":["Strike_R"],"damage_healed":0.0,"max_hp_gain":0.0,"max_hp_loss":0.0,"gold_gain":0.0,"event_name":"Beggar","player_choice":"Gave Gold","floor":19.0,"gold_loss":75.0,"damage_taken":0.0},{"cards_removed":["Strike_R"],"damage_healed":0.0,"max_hp_gain":0.0,"max_hp_loss":0.0,"gold_gain":0.0,"event_name":"Wheel of Change","player_choice":"Card Removal","floor":22.0,"gold_loss":0.0,"damage_taken":0.0},{"damage_healed":0,"gold_gain":0,"player_choice":"Fought Bandits","damage_taken":0,"max_hp_gain":0,"max_hp_loss":0,"event_name":"Masked Bandits","floor":31,"gold_loss":0}],"is_beta":false,"boss_relics":[{"not_picked":["Pandora\u0027s Box","White Beast Statue"],"picked":"Snecko Eye"}],"items_purged_floors":[5,24],"is_endless":false,"potions_floor_spawned":[3,4,11,13,21,27,28,31],"killed_by":"Champ","ascension_level":20}