{"gold_per_floor":[112,36,36,50,62,62,89,89,89,124,39,68,68,85,85,85],"floor_reached":16,"playtime":1630,"items_purged":[],"score":236,"play_id":"903be258-9119-405d-8324-36da70ad8513","local_time":"20190712175530","is_ascension_mode":true,"campfire_choices":[{"data":"Infinite Blades","floor":6,"key":"SMITH"},{"floor":8,"key":"REST"},{"floor":13,"key":"REST"},{"data":"Well Laid Plans","floor":15,"key":"SMITH"}],"neow_cost":"NONE","seed_source_timestamp":250665835277800,"circlet_count":0,"master_deck":["AscendersBane","Strike_G","Strike_G","Strike_G","Strike_G","Defend_G","Defend_G","Defend_G","Defend_G","Survivor","Neutralize","Distraction","Poisoned Stab","Predator","Grand Finale","Acrobatics","Infinite Blades+1","Well Laid Plans+1","Backflip","Glass Knife","Catalyst","Reflex"],"special_seed":0,"relics":["Ring of the Snake","Paper Crane","Peace Pipe","Potion Belt","Omamori"],"potions_floor_usage":[12,12,16],"damage_taken":[{"damage":4.0,"enemies":"2 Louse","floor":1.0,"turns":4.0},{"damage":2,"enemies":"Cultist","floor":4,"turns":4},{"damage":8,"enemies":"Small Slimes","floor":5,"turns":6},{"damage":29,"enemies":"Gremlin Nob","floor":7,"turns":4},{"damage":22,"enemies":"Lagavulin","floor":10,"turns":6},{"damage":12,"enemies":"3 Sentries","floor":12,"turns":3},{"damage":2,"enemies":"Blue Slaver","floor":14,"turns":5},{"damage":19,"enemies":"Slime Boss","floor":16,"turns":6}],"seed_played":"-3510135923450880998","potions_obtained":[{"floor":4,"key":"Swift Potion"},{"floor":5,"key":"Explosive Potion"},{"floor":10,"key":"SteroidPotion"}],"is_trial":false,"path_per_floor":["M","$","?","M","M","R","E","R","T","E","$","E","R","M","R","B"],"character_chosen":"THE_SILENT","items_purchased":["Predator","Glass Knife"],"campfire_rested":2,"item_purchase_floors":[2,11],"current_hp_per_floor":[55,55,55,53,45,45,16,35,35,13,13,1,20,18,18,0],"gold":85,"neow_bonus":"TRANSFORM_CARD","is_prod":false,"is_daily":false,"chose_seed":false,"campfire_upgraded":2,"win_rate":0,"timestamp":1562968530,"path_taken":["M","$","?","?","M","R","E","R","T","E","?","E","R","M","R","BOSS"],"build_version":"2019-07-05","purchased_purges":0,"victory":false,"max_hp_per_floor":[66,66,66,66,66,66,66,66,66,66,66,66,66,66,66,66],"card_choices":[{"not_picked":["Deflect","Dagger Spray"],"picked":"Poisoned Stab","floor":1.0},{"not_picked":["Bane","Storm of Steel"],"picked":"Acrobatics","floor":4},{"not_picked":["Blade Dance","Dagger Throw"],"picked":"Infinite Blades","floor":5},{"not_picked":["Endless Agony","Finisher"],"picked":"Well Laid Plans","floor":7},{"not_picked":["Blade Dance","Cloak And Dagger"],"picked":"Backflip","floor":10},{"not_picked":["Prepared","Blade Dance"],"picked":"Catalyst","floor":12},{"not_picked":["Underhanded Strike","Acrobatics"],"picked":"Reflex","floor":14}],"player_experience":1337839,"relics_obtained":[{"floor":7,"key":"Paper Crane"},{"floor":9,"key":"Peace Pipe"},{"floor":10,"key":"Potion Belt"},{"floor":12,"key":"Omamori"}],"event_choices":[{"damage_healed":0,"gold_gain":0,"cards_transformed":["Strike_G"],"player_choice":"Transformed","damage_taken":0,"max_hp_gain":0,"max_hp_loss":0,"event_name":"Transmorgrifier","floor":3,"gold_loss":0,"cards_obtained":["Grand Finale"]}],"is_beta":false,"boss_relics":[],"items_purged_floors":[],"is_endless":false,"potions_floor_spawned":[4,5,7,10],"killed_by":"Slime Boss","ascension_level":20}