{"gold_per_floor":[115,125,12,12,26,26,51,1,72,101,120,120,134,209,209,309,359,376,53,53,84,24,24,38,66,66,66,83,83,83,95,95,190,190,209,309,329,349,349,349,44,62,62,62,95,95,127,146,146,146,146,146,64,94,94],"floor_reached":56,"playtime":2417,"items_purged":["Strike_R","Defend_R"],"score":1283,"play_id":"75a98b92-793d-4383-9063-383681f966e0","local_time":"20190831015731","is_ascension_mode":false,"campfire_choices":[{"data":"Inflame","floor":6.0,"key":"SMITH"},{"data":"Whirlwind","floor":12.0,"key":"SMITH"},{"data":"Limit Break","floor":15.0,"key":"SMITH"},{"data":"Inflame","floor":23.0,"key":"SMITH"},{"data":"Offering","floor":27.0,"key":"SMITH"},{"data":"Battle Trance","floor":30.0,"key":"SMITH"},{"data":"Spot Weakness","floor":32.0,"key":"SMITH"},{"floor":40.0,"key":"RECALL"},{"floor":44.0,"key":"REST"},{"floor":49.0,"key":"REST"},{"floor":52.0,"key":"REST"}],"neow_cost":"NONE","seed_source_timestamp":889066360223800,"circlet_count":0,"master_deck":["Strike_R+1","Defend_R","Defend_R","Bash+1","Uppercut","Clash","Inflame+1","Whirlwind+1","Rage","Flex","Battle Trance+1","Clash","Limit Break+1","Impervious","Clash","Corruption","Inflame+1","Warcry","Offering+1","Whirlwind","Spot Weakness+1","Seeing Red+1","Armaments+1","Battle Trance+1","Reaper","Pummel+1","Headbutt+1","Flex","Flame Barrier+1","Spot Weakness","Whirlwind+1","Exhume","Fiend Fire"],"special_seed":0,"relics":["Burning Blood","Happy Flower","Dodecahedron","Kunai","Tiny House","OrangePellets","Red Mask","Du-Vu Doll","Pear","Fusion Hammer","Bird Faced Urn","Medical Kit","Dream Catcher","Juzu Bracelet","Dead Branch"],"potions_floor_usage":[55,55],"damage_taken":[{"damage":1.0,"enemies":"Cultist","floor":1.0,"turns":3.0},{"damage":1.0,"enemies":"2 Louse","floor":2.0,"turns":3.0},{"damage":0.0,"enemies":"Small Slimes","floor":5.0,"turns":3.0},{"damage":17.0,"enemies":"3 Sentries","floor":7.0,"turns":5.0},{"damage":12.0,"enemies":"Lagavulin","floor":10.0,"turns":7.0},{"damage":0.0,"enemies":"3 Louse","floor":11.0,"turns":2.0},{"damage":13.0,"enemies":"Exordium Thugs","floor":13.0,"turns":4.0},{"damage":14.0,"enemies":"The Guardian","floor":16.0,"turns":6.0},{"damage":4.0,"enemies":"Spheric Guardian","floor":18.0,"turns":3.0},{"damage":0.0,"enemies":"Masked Bandits","floor":21.0,"turns":2.0},{"damage":1.0,"enemies":"Chosen","floor":24.0,"turns":3.0},{"damage":6.0,"enemies":"Gremlin Leader","floor":25.0,"turns":3.0},{"damage":0.0,"enemies":"Snecko","floor":28.0,"turns":3.0},{"damage":6.0,"enemies":"Centurion and Healer","floor":31.0,"turns":3.0},{"damage":18.0,"enemies":"Collector","floor":33.0,"turns":5.0},{"damage":6.0,"enemies":"Orb Walker","floor":35.0,"turns":2.0},{"damage":6.0,"enemies":"Mind Bloom Boss Battle","floor":36.0,"turns":3.0},{"damage":5.0,"enemies":"3 Shapes","floor":37.0,"turns":2.0},{"damage":0.0,"enemies":"Spire Growth","floor":38.0,"turns":3.0},{"damage":1.0,"enemies":"Maw","floor":42.0,"turns":4.0},{"damage":33.0,"enemies":"Reptomancer","floor":45.0,"turns":5.0},{"damage":25.0,"enemies":"Nemesis","floor":47.0,"turns":5.0},{"damage":3.0,"enemies":"Transient","floor":48.0,"turns":5.0},{"damage":20.0,"enemies":"Donu and Deca","floor":50.0,"turns":5.0},{"damage":40.0,"enemies":"Shield and Spear","floor":54.0,"turns":3.0},{"damage":85,"enemies":"The Heart","floor":55,"turns":5}],"seed_played":"6433361745491502815","potions_obtained":[{"floor":1.0,"key":"Fire Potion"},{"floor":10.0,"key":"AttackPotion"},{"floor":11.0,"key":"LiquidBronze"},{"floor":37.0,"key":"GamblersBrew"},{"floor":42.0,"key":"SpeedPotion"}],"is_trial":false,"path_per_floor":["M","M","$","?","M","R","E","$","T","E","M","R","M","?","R","B",null,"M","$","?","?","?","R","M","E","T","R","M","$","R","M","R","B",null,"M","?","M","M","?","R","$","M","T","R","E","$","E","M","R","B",null,"R","$","E","B",null],"character_chosen":"IRONCLAD","items_purchased":["Inflame","Whirlwind","Flex","OrangePellets","Inflame","Medical Kit","Exhume"],"campfire_rested":3,"item_purchase_floors":[3,3,8,19,19,41,53],"current_hp_per_floor":[80,80,80,80,80,80,69,69,69,63,69,69,62,51,51,43,85,85,85,85,85,85,85,85,85,95,95,95,95,95,95,95,83,95,95,95,95,95,95,95,95,95,95,95,70,70,69,95,95,95,95,95,95,95,34],"gold":94,"neow_bonus":"UPGRADE_CARD","is_prod":false,"is_daily":false,"chose_seed":false,"campfire_upgraded":7,"win_rate":0,"timestamp":1567184251,"path_taken":["M","M","$","?","M","R","E","?","T","E","M","R","M","?","R","BOSS","M","$","?","?","?","R","?","E","T","R","M","?","R","M","R","BOSS","M","?","M","M","?","R","$","?","T","R","E","$","E","M","R","BOSS","R","$","E","BOSS"],"build_version":"2019-07-17","purchased_purges":2,"victory":true,"max_hp_per_floor":[80,80,80,80,80,80,80,80,80,80,80,80,80,80,80,80,85,85,85,85,85,85,85,85,85,95,95,95,95,95,95,95,95,95,95,95,95,95,95,95,95,95,95,95,95,95,95,95,95,95,95,95,95,95,95],"card_choices":[{"not_picked":["Whirlwind","Heavy Blade"],"picked":"Uppercut","floor":1.0},{"not_picked":["Intimidate","Sword Boomerang"],"picked":"Clash","floor":2.0},{"not_picked":["Infernal Blade","Rampage","Hemokinesis"],"picked":"SKIP","floor":5.0},{"not_picked":["Cleave","Wild Strike"],"picked":"Rage","floor":7.0},{"not_picked":["Perfected Strike","Body Slam"],"picked":"Battle Trance","floor":10.0},{"not_picked":["Intimidate","Havoc"],"picked":"Clash","floor":11.0},{"not_picked":["Shrug It Off","Wild Strike"],"picked":"Limit Break","floor":13.0},{"not_picked":["Limit Break","Berserk"],"picked":"Impervious","floor":16.0},{"not_picked":["Reckless Charge","Clothesline"],"picked":"Clash","floor":17.0},{"not_picked":["Sword Boomerang","Cleave"],"picked":"Corruption","floor":18.0},{"not_picked":["Dropkick","Corruption"],"picked":"Warcry","floor":21.0},{"not_picked":["Shockwave","Entrench"],"picked":"Spot Weakness","floor":24.0},{"not_picked":["Pummel","Feel No Pain+1"],"picked":"Seeing Red+1","floor":25.0},{"not_picked":["Combust","Clothesline"],"picked":"Armaments+1","floor":28.0},{"not_picked":["Inflame","Iron Wave"],"picked":"Battle Trance+1","floor":31.0},{"not_picked":["Dark Embrace","Feed"],"picked":"Reaper","floor":33.0},{"not_picked":["Havoc","Flame Barrier"],"picked":"Pummel+1","floor":35.0},{"not_picked":["Rampage+1","Anger"],"picked":"Headbutt+1","floor":36.0},{"not_picked":["Perfected Strike+1","Feel No Pain"],"picked":"Flex","floor":37.0},{"not_picked":["Flame Barrier","Power Through","Armaments"],"picked":"SKIP","floor":38.0},{"not_picked":["Dropkick","Reckless Charge+1","Thunderclap"],"picked":"SKIP","floor":42.0},{"not_picked":["Rupture","Iron Wave+1","Body Slam+1"],"picked":"SKIP","floor":45.0},{"not_picked":["Clash","Hemokinesis+1"],"picked":"Flame Barrier+1","floor":47.0},{"not_picked":["Cleave","Shockwave","Fire Breathing"],"picked":"SKIP","floor":48.0},{"not_picked":["Headbutt+1","Blood for Blood"],"picked":"Spot Weakness","floor":49.0},{"not_picked":["Headbutt+1","Hemokinesis"],"picked":"Whirlwind+1","floor":52.0},{"not_picked":["Shrug It Off+1","Rampage"],"picked":"Fiend Fire","floor":54.0}],"player_experience":297824,"relics_obtained":[{"floor":7.0,"key":"Happy Flower"},{"floor":9.0,"key":"Dodecahedron"},{"floor":10.0,"key":"Kunai"},{"floor":21.0,"key":"Red Mask"},{"floor":25.0,"key":"Du-Vu Doll"},{"floor":26.0,"key":"Pear"},{"floor":36.0,"key":"Bird Faced Urn"},{"floor":45.0,"key":"Dream Catcher"},{"floor":47.0,"key":"Juzu Bracelet"},{"floor":54.0,"key":"Dead Branch"}],"event_choices":[{"cards_removed":["Strike_R"],"damage_healed":0.0,"max_hp_gain":0.0,"max_hp_loss":0.0,"gold_gain":0.0,"event_name":"Purifier","player_choice":"Purged","floor":4.0,"gold_loss":0.0,"damage_taken":0.0},{"damage_healed":0.0,"max_hp_gain":0.0,"max_hp_loss":0.0,"gold_gain":75.0,"event_name":"World of Goop","player_choice":"Gather Gold","floor":14.0,"gold_loss":0.0,"damage_taken":11.0},{"damage_healed":0.0,"max_hp_gain":0.0,"max_hp_loss":0.0,"gold_gain":0.0,"event_name":"Vampires","player_choice":"Ignored","floor":20.0,"gold_loss":0.0,"damage_taken":0.0},{"damage_healed":0.0,"max_hp_gain":0.0,"max_hp_loss":0.0,"gold_gain":0.0,"event_name":"Masked Bandits","player_choice":"Fought Bandits","floor":21.0,"gold_loss":0.0,"damage_taken":0.0},{"damage_healed":0.0,"max_hp_gain":0.0,"max_hp_loss":0.0,"gold_gain":0.0,"cards_transformed":["Strike_R","Strike_R"],"event_name":"Designer","player_choice":"Transformed Cards","floor":22.0,"gold_loss":60.0,"damage_taken":0.0,"cards_obtained":["Offering","Whirlwind"]},{"damage_healed":0.0,"max_hp_gain":0.0,"max_hp_loss":0.0,"gold_gain":0.0,"event_name":"MindBloom","player_choice":"Fight","floor":36.0,"gold_loss":0.0,"damage_taken":0.0},{"cards_removed":["Defend_R"],"damage_healed":0.0,"max_hp_gain":0.0,"max_hp_loss":0.0,"gold_gain":0.0,"event_name":"Purifier","player_choice":"Purged","floor":39.0,"gold_loss":0.0,"damage_taken":0.0}],"is_beta":false,"boss_relics":[{"not_picked":["Runic Dome","Calling Bell"],"picked":"Tiny House"},{"not_picked":["Mark of Pain","Pandora\u0027s Box"],"picked":"Fusion Hammer"}],"items_purged_floors":[19,41],"is_endless":false,"potions_floor_spawned":[1,10,11,13,18,24,25,28,36,37,42],"ascension_level":0}