{"gold_per_floor":[113,131,148,148,148,176,235,235,235,56,15,47,47,64,64,167,167,184,148,148,247,261,261,276,44,69,86,86,66,66,45,45,142,142,161,180,180,3,13,13,13,28,28,74,87,87,87,87,87,87],"floor_reached":51,"playtime":2193,"items_purged":[],"score":726,"play_id":"37452e43-1ba2-4cc5-8a29-bba424994193","local_time":"20190821204134","is_ascension_mode":false,"campfire_choices":[{"data":"Armaments","floor":8,"key":"SMITH"},{"data":"Barricade","floor":13,"key":"SMITH"},{"data":"Spot Weakness","floor":15,"key":"SMITH"},{"data":"Demon Form","floor":23,"key":"SMITH"},{"data":"Perfected Strike","floor":28,"key":"SMITH"},{"data":"Uppercut","floor":30,"key":"SMITH"},{"data":"Shrug It Off","floor":32,"key":"SMITH"},{"data":"Double Tap","floor":40,"key":"SMITH"},{"floor":46,"key":"REST"},{"floor":49,"key":"REST"}],"neow_cost":"NONE","seed_source_timestamp":92947425163600,"circlet_count":0,"master_deck":["Strike_R","Strike_R+1","Strike_R+1","Defend_R","Defend_R","Defend_R","Wild Strike","Uppercut+1","Perfected Strike+1","Armaments+1","Barricade+1","Shrug It Off+1","Spot Weakness+1","Demon Form+1","Burning Pact","Pommel Strike","Inflame","Shrug It Off","Double Tap+1","Entrench+1","Sentinel+1","Feel No Pain+1","Headbutt+1","Second Wind","Feel No Pain","Metallicize","Feel No Pain+1","Heavy Blade+1","Clothesline+1","Offering","Flame Barrier","Shrug It Off+1"],"relics":["Burning Blood","Orichalcum","Singing Bowl","The Courier","Juzu Bracelet","Happy Flower","PreservedInsect","Oddly Smooth Stone","Snecko Eye","Pocketwatch","Dream Catcher","Astrolabe","Pen Nib","Peace Pipe"],"potions_floor_usage":[6,24,42,50,50,50],"damage_taken":[{"damage":0,"enemies":"Cultist","floor":1,"turns":3},{"damage":0,"enemies":"2 Louse","floor":2,"turns":2},{"damage":3,"enemies":"Jaw Worm","floor":3,"turns":3},{"damage":6,"enemies":"3 Sentries","floor":6,"turns":4},{"damage":9,"enemies":"Gremlin Nob","floor":7,"turns":4},{"damage":0,"enemies":"Lagavulin","floor":12,"turns":6},{"damage":8,"enemies":"3 Louse","floor":14,"turns":3},{"damage":12,"enemies":"The Guardian","floor":16,"turns":12},{"damage":10,"enemies":"Spheric Guardian","floor":18,"turns":4},{"damage":14,"enemies":"2 Thieves","floor":22,"turns":3},{"damage":20,"enemies":"Snake Plant","floor":24,"turns":4},{"damage":19,"enemies":"Sentry and Sphere","floor":27,"turns":5},{"damage":14,"enemies":"Champ","floor":33,"turns":8},{"damage":0,"enemies":"3 Shapes","floor":35,"turns":3},{"damage":4,"enemies":"Orb Walker","floor":36,"turns":3},{"damage":42,"enemies":"Spire Growth","floor":39,"turns":5},{"damage":9,"enemies":"3 Darklings","floor":42,"turns":6},{"damage":41,"enemies":"2 Orb Walkers","floor":44,"turns":6},{"damage":4,"enemies":"Maw","floor":45,"turns":6},{"damage":23,"enemies":"Awakened One","floor":50,"turns":8}],"seed_played":"3639826553019092973","potions_obtained":[{"floor":1,"key":"Strength Potion"},{"floor":3,"key":"Explosive Potion"},{"floor":7,"key":"Block Potion"},{"floor":12,"key":"BloodPotion"},{"floor":29,"key":"PowerPotion"},{"floor":44,"key":"Swift Potion"}],"is_trial":false,"path_per_floor":["M","M","M","?","?","E","?","R","T","$","$","E","R","M","R","B",null,"M","$","?","?","M","R","M","$","T","M","R","?","R","$","R","B",null,"M","M","?","$","M","R","?","M","T","?","M","R","?","?","R","B",null],"character_chosen":"IRONCLAD","items_purchased":["PreservedInsect","Barricade","Shrug It Off","Pommel Strike","Pocketwatch","Shrug It Off","Feel No Pain","Metallicize","Feel No Pain"],"campfire_rested":2,"item_purchase_floors":[10,10,11,19,25,31,38,38,38],"current_hp_per_floor":[80,80,80,68,52,54,51,51,51,51,51,59,59,57,57,51,84,80,80,64,64,56,56,66,66,66,55,55,55,55,55,55,47,93,93,93,93,93,57,57,57,56,56,21,23,51,51,51,78,61],"gold":87,"neow_bonus":"RANDOM_COMMON_RELIC","is_prod":false,"is_daily":false,"chose_seed":false,"campfire_upgraded":8,"win_rate":0,"timestamp":1566387694,"path_taken":["M","?","M","?","?","E","?","R","T","?","$","E","R","M","R","BOSS","M","$","?","?","M","R","M","?","T","M","R","?","R","?","R","BOSS","M","M","?","$","M","R","?","M","T","?","M","R","?","?","R","BOSS"],"build_version":"2019-07-17","purchased_purges":0,"victory":true,"max_hp_per_floor":[80,80,80,80,80,82,82,82,82,82,82,84,84,84,84,84,84,84,84,89,89,89,89,91,91,91,93,93,93,93,93,93,93,93,93,93,93,93,93,93,93,95,95,95,95,95,95,90,90,90],"card_choices":[{"not_picked":["Havoc","Bloodletting"],"picked":"Wild Strike","floor":1},{"not_picked":["Body Slam","Heavy Blade"],"picked":"Uppercut","floor":2},{"not_picked":["Iron Wave","Pommel Strike"],"picked":"Perfected Strike","floor":3},{"not_picked":["Wild Strike","Hemokinesis","Pummel"],"picked":"Singing Bowl","floor":6},{"not_picked":["Infernal Blade","Warcry"],"picked":"Armaments","floor":7},{"not_picked":["Corruption","Brutality","Headbutt"],"picked":"Singing Bowl","floor":12},{"not_picked":["Wild Strike","Cleave"],"picked":"Spot Weakness","floor":14},{"not_picked":["Impervious","Offering"],"picked":"Demon Form","floor":16},{"not_picked":["Sever Soul","Heavy Blade+1"],"picked":"Burning Pact","floor":18},{"not_picked":["Twin Strike","Cleave+1"],"picked":"Inflame","floor":22},{"not_picked":["Pummel","Flex","Anger"],"picked":"Singing Bowl","floor":24},{"not_picked":["Clash","Power Through","Cleave"],"picked":"Singing Bowl","floor":27},{"not_picked":["Immolate","Exhume"],"picked":"Double Tap","floor":33},{"not_picked":["Rupture","Havoc"],"picked":"Headbutt+1","floor":35},{"not_picked":["Body Slam+1","Pommel Strike"],"picked":"Second Wind","floor":36},{"not_picked":["Intimidate","Headbutt"],"picked":"Heavy Blade+1","floor":39},{"not_picked":["Blood for Blood+1","Reckless Charge","Rage+1"],"picked":"Singing Bowl","floor":42},{"not_picked":["Sword Boomerang","Clash+1"],"picked":"Clothesline+1","floor":44},{"not_picked":["True Grit","Perfected Strike+1"],"picked":"Offering","floor":45},{"not_picked":["Intimidate+1","Uppercut"],"picked":"Flame Barrier","floor":46},{"not_picked":["Carnage+1","Armaments+1"],"picked":"Shrug It Off+1","floor":49}],"player_experience":195692,"relics_obtained":[{"floor":6,"key":"The Courier"},{"floor":9,"key":"Happy Flower"},{"floor":12,"key":"Oddly Smooth Stone"},{"floor":26,"key":"Dream Catcher"},{"floor":43,"key":"Pen Nib"},{"floor":44,"key":"Peace Pipe"}],"event_choices":[{"damage_healed":0,"gold_gain":0,"player_choice":"Success","damage_taken":12,"relics_obtained":["Singing Bowl"],"max_hp_gain":0,"max_hp_loss":0,"event_name":"Scrap Ooze","floor":4,"gold_loss":0},{"damage_healed":0,"gold_gain":0,"player_choice":"Entered Light","damage_taken":16,"max_hp_gain":0,"max_hp_loss":0,"event_name":"Shining Light","floor":5,"gold_loss":0,"cards_upgraded":["Strike_R","Strike_R"]},{"damage_healed":0,"gold_gain":30,"player_choice":"Searched \u00273\u0027 times","damage_taken":0,"relics_obtained":["Juzu Bracelet"],"max_hp_gain":0,"max_hp_loss":0,"event_name":"Dead Adventurer","floor":7,"gold_loss":0},{"damage_healed":0,"gold_gain":0,"player_choice":"Shed Blood","damage_taken":21,"max_hp_gain":5,"max_hp_loss":0,"event_name":"Forgotten Altar","floor":20,"gold_loss":0},{"damage_healed":0,"gold_gain":99,"player_choice":"Stole From Cult","damage_taken":0,"max_hp_gain":0,"max_hp_loss":0,"event_name":"Nest","floor":21,"gold_loss":0},{"damage_healed":0,"gold_gain":0,"player_choice":"Bought 1 Potion","damage_taken":0,"max_hp_gain":0,"max_hp_loss":0,"event_name":"The Woman in Blue","floor":29,"gold_loss":0},{"damage_healed":0,"gold_gain":0,"player_choice":"Ignored","damage_taken":0,"max_hp_gain":0,"max_hp_loss":0,"event_name":"Tomb of Lord Red Mask","floor":37,"gold_loss":0},{"damage_healed":0,"gold_gain":0,"player_choice":"Forge","damage_taken":0,"max_hp_gain":0,"max_hp_loss":0,"event_name":"Accursed Blacksmith","floor":41,"gold_loss":0,"cards_upgraded":["Feel No Pain"]},{"damage_healed":0,"gold_gain":0,"player_choice":"Fight","damage_taken":0,"max_hp_gain":0,"max_hp_loss":0,"event_name":"Mysterious Sphere","floor":44,"gold_loss":0},{"cards_removed":["Strike_R"],"damage_healed":0,"gold_gain":0,"player_choice":"Removed Attack","damage_taken":0,"max_hp_gain":0,"max_hp_loss":0,"event_name":"Falling","floor":47,"gold_loss":0},{"damage_healed":0,"gold_gain":0,"player_choice":"Max HP","damage_taken":0,"max_hp_gain":0,"max_hp_loss":5,"event_name":"Winding Halls","floor":48,"gold_loss":0}],"is_beta":false,"boss_relics":[{"not_picked":["Runic Pyramid","Runic Dome"],"picked":"Snecko Eye"},{"not_picked":["Runic Cube","Calling Bell"],"picked":"Astrolabe"}],"items_purged_floors":[],"is_endless":false,"potions_floor_spawned":[1,3,7,12,16,36,44,45],"ascension_level":0}