{"gold_per_floor":[369,385,401,0,0,29,29,29,107,107,139,151,166,91,91,164,164,178,188,21,38,38,38,38,69,69,11,36,36,49,59,59,133,133,145,145,161,161,61,77,77,103,103,132,89,89,122,136,136,136,136,136,136,11,38,38],"floor_reached":56,"playtime":2616,"items_purged":["Strike_R","Strike_R+1","Strike_R+1"],"score":2016,"play_id":"c11ba4a4-df31-4903-9b7a-03673f3b10aa","local_time":"20190615114707","is_ascension_mode":true,"campfire_choices":[{"data":"Corruption","floor":8.0,"key":"SMITH"},{"data":"Uppercut","floor":15.0,"key":"SMITH"},{"floor":23.0,"key":"REST"},{"floor":29.0,"key":"RECALL"},{"floor":32.0,"key":"REST"},{"floor":41.0,"key":"REST"},{"floor":46.0,"key":"REST"},{"floor":49.0,"key":"REST"},{"floor":53.0,"key":"REST"}],"neow_cost":"TEN_PERCENT_HP_LOSS","seed_source_timestamp":89080884286700,"circlet_count":0,"master_deck":["AscendersBane","Strike_R+1","Strike_R+1","Defend_R+1","Defend_R+1","Defend_R+1","Defend_R+1","Bash","Uppercut+1","Havoc","Corruption+1","Disarm+1","Feel No Pain","Immolate","Spot Weakness+1","Warcry+1","Limit Break+1","Inflame+1","Armaments+1","Feel No Pain","Sword Boomerang","Seeing Red+1","Pommel Strike+1","Inflame","Impervious+1","Second Wind+1","Mind Blast","Shrug It Off+1","Shrug It Off+1","Body Slam","Pummel","Feel No Pain+1","Heavy Blade+1","Body Slam","Feel No Pain+1"],"special_seed":0,"relics":["Burning Blood","Toxic Egg 2","Bag of Marbles","Strawberry","Bird Faced Urn","Fusion Hammer","PreservedInsect","Centennial Puzzle","Mummified Hand","Incense Burner","Black Star","Paper Frog","Frozen Egg 2","Question Card","Ornamental Fan","Letter Opener","Sundial","Whetstone","Oddly Smooth Stone","Vajra"],"potions_floor_usage":[],"damage_taken":[{"damage":6.0,"enemies":"Cultist","floor":1.0,"turns":3.0},{"damage":4.0,"enemies":"Jaw Worm","floor":2.0,"turns":3.0},{"damage":21.0,"enemies":"Small Slimes","floor":3.0,"turns":5.0},{"damage":36.0,"enemies":"Gremlin Nob","floor":6.0,"turns":4.0},{"damage":20.0,"enemies":"3 Sentries","floor":11.0,"turns":7.0},{"damage":0.0,"enemies":"Gremlin Gang","floor":12.0,"turns":1.0},{"damage":4.0,"enemies":"Red Slaver","floor":13.0,"turns":3.0},{"damage":19.0,"enemies":"Hexaghost","floor":16.0,"turns":9.0},{"damage":16.0,"enemies":"Shell Parasite","floor":18.0,"turns":5.0},{"damage":4.0,"enemies":"Chosen","floor":19.0,"turns":6.0},{"damage":21.0,"enemies":"Snake Plant","floor":21.0,"turns":4.0},{"damage":18.0,"enemies":"Book of Stabbing","floor":25.0,"turns":5.0},{"damage":3.0,"enemies":"Slavers","floor":28.0,"turns":2.0},{"damage":5.0,"enemies":"Centurion and Healer","floor":30.0,"turns":5.0},{"damage":1.0,"enemies":"Shelled Parasite and Fungi","floor":31.0,"turns":3.0},{"damage":27.0,"enemies":"Automaton","floor":33.0,"turns":7.0},{"damage":10.0,"enemies":"3 Shapes","floor":35.0,"turns":2.0},{"damage":1.0,"enemies":"Orb Walker","floor":37.0,"turns":2.0},{"damage":0.0,"enemies":"4 Shapes","floor":40.0,"turns":7.0},{"damage":3.0,"enemies":"Giant Head","floor":42.0,"turns":5.0},{"damage":24.0,"enemies":"Nemesis","floor":44.0,"turns":7.0},{"damage":22.0,"enemies":"Reptomancer","floor":47.0,"turns":5.0},{"damage":4.0,"enemies":"3 Darklings","floor":48.0,"turns":3.0},{"damage":34.0,"enemies":"Time Eater","floor":50.0,"turns":6.0},{"damage":34.0,"enemies":"Donu and Deca","floor":51.0,"turns":9.0},{"damage":24.0,"enemies":"Shield and Spear","floor":55.0,"turns":8.0},{"damage":79,"enemies":"The Heart","floor":56,"turns":6}],"seed_played":"6370358500798997254","potions_obtained":[{"floor":3.0,"key":"FearPotion"},{"floor":11.0,"key":"BloodPotion"},{"floor":12.0,"key":"LiquidBronze"},{"floor":16.0,"key":"Ancient Potion"},{"floor":18.0,"key":"Regen Potion"},{"floor":25.0,"key":"Fire Potion"},{"floor":30.0,"key":"AttackPotion"},{"floor":31.0,"key":"Weak Potion"},{"floor":35.0,"key":"GamblersBrew"},{"floor":47.0,"key":"Poison Potion"}],"is_trial":false,"path_per_floor":["M","M","M","$","T","E","?","R","T","?","E","M","M","$","R","B",null,"M","M","$","M","?","R","?","E","T","$","E","R","M","M","R","B",null,"M","?","M","?","$","M","R","E","T","E","$","R","E","M","R","B","B",null,"R","$","E","B"],"character_chosen":"IRONCLAD","items_purchased":["Corruption","Toxic Egg 2","Disarm+1","PreservedInsect","Sword Boomerang","Feel No Pain+1"],"campfire_rested":6,"item_purchase_floors":[4,4,4,20,27,45],"current_hp_per_floor":[68,68,53,53,53,30,30,30,30,30,16,22,28,28,28,19,61,55,70,70,59,59,75,75,67,67,67,74,74,75,75,75,54,70,70,60,67,67,67,71,71,71,71,61,61,71,59,71,71,49,33,62,71,71,63,0],"gold":38,"neow_bonus":"TWO_FIFTY_GOLD","is_prod":false,"is_daily":false,"chose_seed":false,"campfire_upgraded":2,"win_rate":0,"timestamp":1560613627,"path_taken":["M","M","M","$","?","E","?","R","T","?","E","M","?","?","R","BOSS","M","?","?","M","?","R","?","E","T","$","E","R","M","M","R","BOSS","M","?","M","?","?","?","R","E","T","E","$","R","E","M","R","BOSS","BOSS","R","$","E","BOSS"],"build_version":"2019-01-23","purchased_purges":3,"victory":false,"max_hp_per_floor":[68,68,68,68,68,75,75,75,75,75,75,75,75,75,75,75,75,75,75,75,75,75,75,75,75,75,75,75,75,75,75,75,75,75,75,75,75,71,71,71,71,71,71,71,71,71,71,71,71,71,71,71,71,71,71,71],"card_choices":[{"not_picked":["Anger","Wild Strike"],"picked":"Uppercut","floor":1.0},{"not_picked":["Thunderclap","Cleave"],"picked":"Havoc","floor":2.0},{"not_picked":["Iron Wave","Bloodletting","Heavy Blade"],"picked":"SKIP","floor":3.0},{"not_picked":["Entrench+1","True Grit+1"],"picked":"Feel No Pain","floor":6.0},{"not_picked":["True Grit+1","Pummel"],"picked":"Spot Weakness+1","floor":11.0},{"not_picked":["Dropkick","Intimidate+1","Anger"],"picked":"SKIP","floor":12.0},{"not_picked":["Thunderclap","Body Slam"],"picked":"Warcry+1","floor":13.0},{"not_picked":["Immolate","Exhume+1"],"picked":"Limit Break+1","floor":16.0},{"not_picked":["True Grit+1","Burning Pact+1"],"picked":"Inflame+1","floor":18.0},{"not_picked":["Clothesline","Perfected Strike"],"picked":"Armaments+1","floor":19.0},{"not_picked":["Perfected Strike","Dual Wield+1"],"picked":"Feel No Pain","floor":21.0},{"not_picked":["Thunderclap","Sever Soul+1","Twin Strike"],"picked":"SKIP","floor":25.0},{"not_picked":["Twin Strike","Berserk"],"picked":"Seeing Red+1","floor":28.0},{"not_picked":["Clash","Pommel Strike","Armaments+1"],"picked":"SKIP","floor":30.0},{"not_picked":["Clash","Armaments+1"],"picked":"Pommel Strike","floor":30.0},{"not_picked":["Headbutt","Pommel Strike"],"picked":"Inflame","floor":31.0},{"not_picked":["Feed","Fiend Fire"],"picked":"Impervious+1","floor":33.0},{"not_picked":["Warcry+1","Infernal Blade+1"],"picked":"Second Wind+1","floor":35.0},{"not_picked":["Bandage Up+1","PanicButton+1"],"picked":"Mind Blast","floor":36.0},{"not_picked":["Reckless Charge+1","Combust"],"picked":"Shrug It Off+1","floor":37.0},{"not_picked":["Clothesline","Headbutt"],"picked":"Shrug It Off+1","floor":40.0},{"not_picked":["Blood for Blood","Sever Soul"],"picked":"Body Slam","floor":42.0},{"not_picked":["Sword Boomerang","Corruption+1","Iron Wave"],"picked":"Pummel","floor":44.0},{"not_picked":["Entrench+1","Perfected Strike","Headbutt"],"picked":"Heavy Blade","floor":47.0},{"not_picked":["Havoc+1","Fire Breathing+1","Brutality+1"],"picked":"Body Slam","floor":48.0},{"not_picked":["Sentinel+1","Flex+1","Iron Wave+1"],"picked":"Feel No Pain+1","floor":55.0}],"player_experience":1183405,"relics_obtained":[{"floor":5.0,"key":"Bag of Marbles"},{"floor":6.0,"key":"Strawberry"},{"floor":11.0,"key":"Bird Faced Urn"},{"floor":25.0,"key":"Centennial Puzzle"},{"floor":26.0,"key":"Mummified Hand"},{"floor":28.0,"key":"Incense Burner"},{"floor":42.0,"key":"Paper Frog"},{"floor":42.0,"key":"Frozen Egg 2"},{"floor":43.0,"key":"Question Card"},{"floor":44.0,"key":"Ornamental Fan"},{"floor":44.0,"key":"Letter Opener"},{"floor":47.0,"key":"Sundial"},{"floor":47.0,"key":"Whetstone"},{"floor":55.0,"key":"Oddly Smooth Stone"},{"floor":55.0,"key":"Vajra"}],"event_choices":[{"damage_healed":0.0,"max_hp_gain":0.0,"max_hp_loss":0.0,"gold_gain":0.0,"event_name":"Scrap Ooze","player_choice":"Fled","floor":7.0,"gold_loss":0.0,"damage_taken":0.0},{"damage_healed":0.0,"max_hp_gain":0.0,"max_hp_loss":0.0,"gold_gain":0.0,"event_name":"Match and Keep!","player_choice":"1 cards matched","floor":10.0,"gold_loss":0.0,"damage_taken":0.0,"cards_obtained":["Immolate"]},{"damage_healed":0.0,"max_hp_gain":0.0,"max_hp_loss":0.0,"gold_gain":0.0,"event_name":"Back to Basics","player_choice":"Simplicity","floor":22.0,"gold_loss":0.0,"damage_taken":0.0,"cards_upgraded":["Strike_R","Strike_R","Strike_R","Strike_R","Defend_R","Defend_R","Defend_R","Defend_R"]},{"damage_healed":0.0,"max_hp_gain":0.0,"max_hp_loss":0.0,"gold_gain":0.0,"event_name":"The Mausoleum","player_choice":"Ignored","floor":24.0,"gold_loss":0.0,"damage_taken":0.0},{"damage_healed":0.0,"max_hp_gain":0.0,"max_hp_loss":0.0,"gold_gain":0.0,"event_name":"SensoryStone","player_choice":"Memory 3","floor":36.0,"gold_loss":0.0,"damage_taken":10.0},{"damage_healed":0.0,"max_hp_gain":0.0,"max_hp_loss":4.0,"gold_gain":0.0,"event_name":"Winding Halls","player_choice":"Max HP","floor":38.0,"gold_loss":0.0,"damage_taken":0.0}],"is_beta":false,"boss_relics":[{"not_picked":["Mark of Pain","Cursed Key"],"picked":"Fusion Hammer"},{"not_picked":["Sozu","Orrery"],"picked":"Black Star"}],"items_purged_floors":[14,39,54],"is_endless":false,"potions_floor_spawned":[3,11,12,13,16,18,25,30,31,35,47],"killed_by":"The Heart","ascension_level":20}