{"gold_per_floor":[118,118,218,238,248,278,278,278,330,342,9,42,57,74,74,179,179,194,194,209,308,63,63,78,3,3,17,37,65,75,75,75,178,178,189,25,44,56,70,70,96,116,116,16,31,51,51,33,33,33],"floor_reached":51,"playtime":2457,"items_purged":["Strike_B","Strike_B","Defend_B","Amplify","Dualcast"],"score":763,"play_id":"b3798f7e-65cb-48f2-8a7c-af74fec92e02","local_time":"20190902212418","is_ascension_mode":false,"campfire_choices":[{"data":"Defragment","floor":8.0,"key":"SMITH"},{"floor":15,"key":"REST"},{"data":"Rainbow","floor":23,"key":"SMITH"},{"data":"1","floor":32,"key":"LIFT"},{"floor":40,"key":"REST"},{"floor":47,"key":"REST"},{"floor":49,"key":"REST"}],"neow_cost":"NONE","seed_source_timestamp":737307800279500,"circlet_count":0,"master_deck":["Zap","Thunder Strike","Defragment+1","Cold Snap","Gash","Coolheaded","FTL","Rainbow+1","Cold Snap","Gash","Lockon","Reboot","Ball Lightning+1","Biased Cognition","Conserve Battery","Hologram","Go for the Eyes","Leap","Reinforced Body+1","Machine Learning","Fusion","Reinforced Body","FTL","Glacier","Defragment","Double Energy+1","Skim+1","Conserve Battery+1","Go for the Eyes","Cold Snap","Scrape"],"special_seed":0,"relics":["Cracked Core","Bag of Preparation","Pocketwatch","Dream Catcher","Membership Card","Gremlin Horn","Sozu","Symbiotic Virus","Sundial","Girya","Cables","Pandora\u0027s Box","Happy Flower","Shuriken","Unceasing Top"],"potions_floor_usage":[50],"damage_taken":[{"damage":6.0,"enemies":"Jaw Worm","floor":1.0,"turns":3.0},{"damage":10.0,"enemies":"Small Slimes","floor":4.0,"turns":3.0},{"damage":0.0,"enemies":"Cultist","floor":5.0,"turns":4.0},{"damage":16.0,"enemies":"3 Sentries","floor":6.0,"turns":7.0},{"damage":0.0,"enemies":"Exordium Wildlife","floor":10.0,"turns":4.0},{"damage":12,"enemies":"Gremlin Nob","floor":12,"turns":3},{"damage":9,"enemies":"Lots of Slimes","floor":13,"turns":3},{"damage":0,"enemies":"Large Slime","floor":14,"turns":4},{"damage":2,"enemies":"Hexaghost","floor":16,"turns":8},{"damage":3,"enemies":"Shell Parasite","floor":18,"turns":3},{"damage":0,"enemies":"Spheric Guardian","floor":20,"turns":3},{"damage":3,"enemies":"Cultist and Chosen","floor":24,"turns":4},{"damage":0,"enemies":"Snecko","floor":27,"turns":4},{"damage":0,"enemies":"Centurion and Healer","floor":28,"turns":5},{"damage":10,"enemies":"Book of Stabbing","floor":29,"turns":5},{"damage":2,"enemies":"Sentry and Sphere","floor":30,"turns":3},{"damage":23,"enemies":"Champ","floor":33,"turns":9},{"damage":6,"enemies":"Orb Walker","floor":35,"turns":3},{"damage":20,"enemies":"3 Darklings","floor":37,"turns":5},{"damage":13,"enemies":"Jaw Worm Horde","floor":38,"turns":4},{"damage":4,"enemies":"Spire Growth","floor":39,"turns":3},{"damage":0,"enemies":"Nemesis","floor":41,"turns":7},{"damage":19,"enemies":"Sphere and 2 Shapes","floor":42,"turns":3},{"damage":0,"enemies":"Maw","floor":45,"turns":4},{"damage":5,"enemies":"4 Shapes","floor":46,"turns":6},{"damage":2,"enemies":"Donu and Deca","floor":50,"turns":8}],"seed_played":"1471199687096320852","potions_obtained":[{"floor":5.0,"key":"FocusPotion"},{"floor":6.0,"key":"SneckoOil"},{"floor":12,"key":"Block Potion"}],"is_trial":false,"path_per_floor":["M","?","?","M","M","E","?","R","T","M","$","E","M","M","R","B",null,"M","?","M","?","$","R","M","$","T","M","M","E","M","T","R","B",null,"M","$","M","M","M","R","E","M","T","$","M","M","R","$","R","B",null],"character_chosen":"DEFECT","items_purchased":["Membership Card","FTL","Rainbow","Biased Cognition","Symbiotic Virus","Hologram","Defragment","Happy Flower","Cold Snap","Scrape"],"campfire_rested":4,"item_purchase_floors":[11,11,11,22,22,25,36,36,44,48],"current_hp_per_floor":[69,69,69,59,59,43,43,43,43,43,43,31,22,22,44,42,75,72,72,72,72,72,72,69,69,69,69,69,59,57,57,57,34,75,69,69,49,36,32,54,54,35,35,35,35,30,52,52,74,72],"gold":33,"neow_bonus":"ONE_RANDOM_RARE_CARD","is_prod":false,"is_daily":false,"chose_seed":false,"campfire_upgraded":2,"win_rate":0,"timestamp":1567452258,"path_taken":["M","?","?","?","M","E","?","R","T","M","$","E","?","M","R","BOSS","M","?","M","?","$","R","M","$","T","M","M","E","M","?","R","BOSS","M","$","M","?","M","R","E","M","T","$","M","M","R","$","R","BOSS"],"build_version":"2019-07-17","purchased_purges":5,"victory":true,"max_hp_per_floor":[75,75,75,75,75,75,75,75,75,75,75,75,75,75,75,75,75,75,75,75,75,75,75,75,75,75,75,75,75,75,75,75,75,75,75,75,75,75,75,75,75,75,75,75,75,75,75,75,75,75],"card_choices":[{"not_picked":["Conserve Battery","Turbo"],"picked":"Defragment","floor":1.0},{"not_picked":["Stack","FTL"],"picked":"Cold Snap","floor":4.0},{"not_picked":["Rebound","Compile Driver"],"picked":"Gash","floor":5.0},{"not_picked":["Force Field","Barrage"],"picked":"Coolheaded","floor":6.0},{"not_picked":["Barrage","Skim","Fusion"],"picked":"SKIP","floor":10.0},{"not_picked":["FTL","Undo"],"picked":"Cold Snap","floor":12},{"not_picked":["Stack","Sweeping Beam","Steam"],"picked":"SKIP","floor":13},{"not_picked":["Reboot","Conserve Battery"],"picked":"Gash","floor":14},{"not_picked":["Streamline","Stack"],"picked":"Lockon","floor":15},{"not_picked":["Creative AI","Core Surge"],"picked":"Reboot","floor":16},{"not_picked":["Steam Power","Redo"],"picked":"Ball Lightning+1","floor":18},{"not_picked":["Storm","Steam","Sweeping Beam"],"picked":"SKIP","floor":20},{"not_picked":["Compile Driver","Beam Cell"],"picked":"Conserve Battery","floor":24},{"not_picked":["Sweeping Beam","Ball Lightning+1"],"picked":"Go for the Eyes","floor":27},{"not_picked":["Turbo","Barrage","Sweeping Beam"],"picked":"SKIP","floor":28},{"not_picked":["Heatsinks","Hyperbeam"],"picked":"Leap","floor":29},{"not_picked":["Darkness","Streamline"],"picked":"Reinforced Body+1","floor":30},{"not_picked":["Hyperbeam","Fission"],"picked":"Machine Learning","floor":33},{"not_picked":["Rebound","Steam","Sweeping Beam"],"picked":"SKIP","floor":35},{"not_picked":["Force Field","Stack"],"picked":"Double Energy+1","floor":37},{"not_picked":["BootSequence","Stack+1"],"picked":"Skim+1","floor":38},{"not_picked":["Hologram","Blizzard","Compile Driver+1"],"picked":"SKIP","floor":39},{"not_picked":["Streamline","Force Field"],"picked":"Conserve Battery+1","floor":40},{"not_picked":["Amplify","Sweeping Beam"],"picked":"Go for the Eyes","floor":41},{"not_picked":["Undo","Force Field+1","Leap"],"picked":"SKIP","floor":42},{"not_picked":["Hologram+1","Reprogram+1","Barrage"],"picked":"SKIP","floor":45},{"not_picked":["Heatsinks+1","Doom and Gloom","Beam Cell"],"picked":"SKIP","floor":46}],"player_experience":383924,"relics_obtained":[{"floor":6.0,"key":"Bag of Preparation"},{"floor":9.0,"key":"Dream Catcher"},{"floor":12,"key":"Gremlin Horn"},{"floor":26,"key":"Sundial"},{"floor":29,"key":"Girya"},{"floor":31,"key":"Cables"},{"floor":41,"key":"Shuriken"},{"floor":43,"key":"Unceasing Top"}],"event_choices":[{"damage_healed":0.0,"max_hp_gain":0.0,"max_hp_loss":0.0,"gold_gain":0.0,"event_name":"Liars Game","player_choice":"Ignored","floor":2.0,"gold_loss":0.0,"damage_taken":0.0},{"damage_healed":0.0,"max_hp_gain":0.0,"max_hp_loss":0.0,"gold_gain":100.0,"event_name":"Golden Shrine","player_choice":"Pray","floor":3.0,"gold_loss":0.0,"damage_taken":0.0},{"damage_healed":0.0,"max_hp_gain":0.0,"max_hp_loss":0.0,"gold_gain":0.0,"event_name":"WeMeetAgain","player_choice":"Gave Potion","floor":7.0,"gold_loss":0.0,"damage_taken":0.0,"relics_obtained":["Pocketwatch"]},{"damage_healed":0,"gold_gain":0,"player_choice":"Ignored","damage_taken":0,"max_hp_gain":0,"max_hp_loss":0,"event_name":"The Mausoleum","floor":19,"gold_loss":0},{"damage_healed":0,"gold_gain":99,"player_choice":"Stole From Cult","damage_taken":0,"max_hp_gain":0,"max_hp_loss":0,"event_name":"Nest","floor":21,"gold_loss":0}],"is_beta":false,"boss_relics":[{"not_picked":["Busted Crown","Coffee Dripper"],"picked":"Sozu"},{"not_picked":["Philosopher\u0027s Stone","Runic Dome"],"picked":"Pandora\u0027s Box"}],"items_purged_floors":[11,22,25,36,44],"is_endless":false,"potions_floor_spawned":[5,6,12,27,30,33,35,39,45,46],"ascension_level":0}