{"gold_per_floor":[110,1,20,40,58,86,98,98,98,98,109,109,109,125,125,228,228,238,238,253,272,289,317,317,330,356,382,382,37,136,150,150,253,253,272,272,272,147,165,165,193,193,193,193,20,34,50,60,60,60],"floor_reached":51,"playtime":2555,"items_purged":["Strike_G","Strike_G","Strike_G","Strike_G"],"score":746,"play_id":"cb02c82d-471f-4de2-b551-e9c6bdf4224d","local_time":"20190812183132","is_ascension_mode":false,"campfire_choices":[{"data":"Deadly Poison","floor":8,"key":"SMITH"},{"data":"Deadly Poison","floor":10,"key":"SMITH"},{"data":"Predator","floor":13,"key":"SMITH"},{"data":"Dagger Spray","floor":15,"key":"SMITH"},{"floor":24,"key":"REST"},{"data":"Corpse Explosion","floor":28,"key":"SMITH"},{"floor":32,"key":"REST"},{"data":"Malaise","floor":40,"key":"SMITH"},{"data":"Dodge and Roll","floor":42,"key":"SMITH"},{"data":"Dodge and Roll","floor":44,"key":"SMITH"},{"floor":49,"key":"REST"}],"neow_cost":"NONE","seed_source_timestamp":1859592960295100,"circlet_count":0,"master_deck":["Defend_G","Defend_G","Defend_G","Defend_G+1","Defend_G","Survivor","Neutralize+1","Catalyst+1","Predator+1","Deadly Poison+1","Deadly Poison+1","Cloak And Dagger+1","Dagger Spray+1","Prepared","Dodge and Roll+1","Corpse Explosion+1","Backflip","Acrobatics","Calculated Gamble","Tactician","Good Instincts","Dodge and Roll+1","Malaise+1","Unload+1","Bane+1","Skewer+1","Backflip"],"relics":["Ring of the Snake","Sundial","Bronze Scales","Busted Crown","Pen Nib","War Paint","Ancient Tea Set","Molten Egg 2","Anchor","Sozu","Dead Branch","Potion Belt"],"potions_floor_usage":[20,22,50,50,50],"damage_taken":[{"damage":0,"enemies":"Small Slimes","floor":1,"turns":3},{"damage":0,"enemies":"Cultist","floor":3,"turns":3},{"damage":5,"enemies":"2 Louse","floor":4,"turns":3},{"damage":0,"enemies":"Looter","floor":5,"turns":4},{"damage":22,"enemies":"3 Sentries","floor":6,"turns":11},{"damage":0,"enemies":"Large Slime","floor":7,"turns":3},{"damage":1,"enemies":"Lots of Slimes","floor":11,"turns":3},{"damage":0,"enemies":"Exordium Thugs","floor":14,"turns":3},{"damage":7,"enemies":"Hexaghost","floor":16,"turns":6},{"damage":0,"enemies":"Chosen","floor":18,"turns":3},{"damage":0,"enemies":"2 Thieves","floor":20,"turns":3},{"damage":0,"enemies":"Centurion and Healer","floor":21,"turns":2},{"damage":7,"enemies":"Snecko","floor":22,"turns":4},{"damage":36,"enemies":"Slavers","floor":23,"turns":3},{"damage":0,"enemies":"3 Cultists","floor":25,"turns":3},{"damage":7,"enemies":"Book of Stabbing","floor":27,"turns":5},{"damage":0,"enemies":"Shelled Parasite and Fungi","floor":31,"turns":2},{"damage":27,"enemies":"Automaton","floor":33,"turns":10},{"damage":0,"enemies":"3 Darklings","floor":35,"turns":6},{"damage":0,"enemies":"3 Shapes","floor":39,"turns":2},{"damage":19,"enemies":"Nemesis","floor":41,"turns":7},{"damage":0,"enemies":"Transient","floor":46,"turns":5},{"damage":6,"enemies":"Maw","floor":47,"turns":5},{"damage":0,"enemies":"4 Shapes","floor":48,"turns":2},{"damage":40,"enemies":"Time Eater","floor":50,"turns":11}],"seed_played":"-5530721721942932834","potions_obtained":[{"floor":4,"key":"LiquidBronze"},{"floor":5,"key":"PowerPotion"},{"floor":7,"key":"Dexterity Potion"},{"floor":21,"key":"Weak Potion"},{"floor":23,"key":"Poison Potion"}],"is_trial":false,"path_per_floor":["M","$","M","M","M","E","M","R","T","R","M","?","R","M","R","B",null,"M","T","M","M","M","E","R","M","T","E","R","$","?","M","R","B",null,"M","?","?","$","M","R","E","R","T","R","$","M","M","M","R","B",null],"character_chosen":"THE_SILENT","items_purchased":["Predator","Anchor","Good Instincts","Backflip"],"campfire_rested":3,"item_purchase_floors":[2,29,29,45],"current_hp_per_floor":[70,70,70,65,65,43,43,43,43,43,42,42,42,42,42,35,70,70,70,70,70,63,27,48,48,48,41,41,41,41,41,62,35,70,70,70,70,70,70,70,51,51,51,51,51,51,45,45,66,26],"gold":60,"neow_bonus":"UPGRADE_CARD","is_prod":false,"is_daily":false,"chose_seed":false,"campfire_upgraded":8,"win_rate":1,"timestamp":1565602292,"path_taken":["M","$","M","M","M","E","M","R","T","R","M","?","R","M","R","BOSS","M","?","M","M","M","E","R","?","T","E","R","$","?","M","R","BOSS","M","?","?","$","M","R","E","R","T","R","$","M","?","M","R","BOSS"],"build_version":"2019-07-17","purchased_purges":4,"victory":true,"max_hp_per_floor":[70,70,70,70,70,70,70,70,70,70,70,70,70,70,70,70,70,70,70,70,70,70,70,70,70,70,70,70,70,70,70,70,70,70,70,70,70,70,70,70,70,70,70,70,70,70,70,70,70,70],"card_choices":[{"not_picked":["Prepared","Distraction"],"picked":"Catalyst","floor":1},{"not_picked":["Distraction","Underhanded Strike"],"picked":"Deadly Poison","floor":3},{"not_picked":["Quick Slash","Poisoned Stab"],"picked":"Deadly Poison","floor":4},{"not_picked":["Quick Slash","Underhanded Strike"],"picked":"Cloak And Dagger","floor":5},{"not_picked":["Envenom","Deflect"],"picked":"Dagger Spray","floor":6},{"not_picked":["Dagger Throw","Outmaneuver"],"picked":"Prepared","floor":7},{"not_picked":["Endless Agony","Flying Knee"],"picked":"Dodge and Roll","floor":11},{"not_picked":["Slice","Bane","Underhanded Strike"],"picked":"SKIP","floor":14},{"not_picked":["Malaise","A Thousand Cuts"],"picked":"Corpse Explosion","floor":16},{"not_picked":["Concentrate"],"picked":"SKIP","floor":18},{"not_picked":[],"picked":"Backflip","floor":20},{"not_picked":["Deflect"],"picked":"SKIP","floor":21},{"not_picked":[],"picked":"Acrobatics","floor":22},{"not_picked":["Dash"],"picked":"SKIP","floor":23},{"not_picked":[],"picked":"Calculated Gamble","floor":25},{"not_picked":[],"picked":"Tactician","floor":27},{"not_picked":[],"picked":"Dodge and Roll","floor":31},{"not_picked":[],"picked":"Malaise","floor":33},{"not_picked":["Infinite Blades"],"picked":"SKIP","floor":35},{"not_picked":[],"picked":"Bane+1","floor":39},{"not_picked":[],"picked":"Skewer+1","floor":41},{"not_picked":["Poisoned Stab+1"],"picked":"SKIP","floor":46},{"not_picked":["Reflex"],"picked":"SKIP","floor":47},{"not_picked":["Acrobatics"],"picked":"SKIP","floor":48}],"player_experience":147409,"relics_obtained":[{"floor":6,"key":"Sundial"},{"floor":9,"key":"Bronze Scales"},{"floor":19,"key":"Pen Nib"},{"floor":23,"key":"War Paint"},{"floor":26,"key":"Ancient Tea Set"},{"floor":27,"key":"Molten Egg 2"},{"floor":41,"key":"Dead Branch"},{"floor":43,"key":"Potion Belt"}],"event_choices":[{"damage_healed":0,"gold_gain":0,"player_choice":"Upgraded","damage_taken":0,"max_hp_gain":0,"max_hp_loss":0,"event_name":"Upgrade Shrine","floor":12,"gold_loss":0,"cards_upgraded":["Catalyst"]},{"damage_healed":0,"gold_gain":99,"player_choice":"Stole From Cult","damage_taken":0,"max_hp_gain":0,"max_hp_loss":0,"event_name":"Nest","floor":30,"gold_loss":0},{"damage_healed":0,"gold_gain":0,"player_choice":"Ignored","damage_taken":0,"max_hp_gain":0,"max_hp_loss":0,"event_name":"Tomb of Lord Red Mask","floor":36,"gold_loss":0},{"damage_healed":0,"gold_gain":0,"cards_transformed":["Strike_G"],"player_choice":"Transformed","damage_taken":0,"max_hp_gain":0,"max_hp_loss":0,"event_name":"Transmorgrifier","floor":37,"gold_loss":0,"cards_obtained":["Unload"]}],"is_beta":false,"boss_relics":[{"not_picked":["Calling Bell","Philosopher\u0027s Stone"],"picked":"Busted Crown"},{"not_picked":["Velvet Choker","Fusion Hammer"],"picked":"Sozu"}],"items_purged_floors":[2,29,38,45],"is_endless":false,"potions_floor_spawned":[4,5,7,11,18,21,23,33,39,41,46],"ascension_level":0}