{"gold_per_floor":[119,131,11,27,27,27,58,58,132,151,151,168,187,9,9,105,105,92,105,105,120,188,31,42,42,42,62,62,161,181,181,181,279,279,292,47,47,62,73,73,101,112,112,112,112,112,132,232,232,232],"floor_reached":51,"playtime":2615,"items_purged":["Strike_G"],"score":679,"play_id":"cebe0984-0497-4c1b-9266-a329733227b5","local_time":"20190825082541","is_ascension_mode":false,"campfire_choices":[{"data":"Bouncing Flask","floor":6.0,"key":"SMITH"},{"data":"Noxious Fumes","floor":11.0,"key":"SMITH"},{"data":"Neutralize","floor":15.0,"key":"SMITH"},{"data":"Noxious Fumes","floor":25.0,"key":"SMITH"},{"data":"Adrenaline","floor":28.0,"key":"SMITH"},{"data":"Sucker Punch","floor":32.0,"key":"SMITH"},{"data":"Apotheosis","floor":40.0,"key":"SMITH"},{"data":"Burst","floor":46,"key":"SMITH"},{"floor":49,"key":"REST"}],"neow_cost":"NONE","seed_source_timestamp":393929984524100,"circlet_count":0,"master_deck":["Defend_G","Defend_G","Defend_G","Defend_G","Defend_G","Survivor","Neutralize+1","Grand Finale","Bouncing Flask+1","Acrobatics","Noxious Fumes+1","Bane","Backstab","Backstab","Dark Shackles","Noxious Fumes+1","Blur","Dodge and Roll","Backflip","Caltrops","Adrenaline+1","Noxious Fumes","Acrobatics","Sucker Punch+1","Burst+1","PiercingWail","Apotheosis+1","Choke","Prepared","Sucker Punch+1","Calculated Gamble+1"],"special_seed":0,"relics":["Ring of the Snake","Omamori","Dodecahedron","Velvet Choker","Ornamental Fan","Bronze Scales","Paper Crane","Ginger","Empty Cage","Ancient Tea Set","PreservedInsect","Torii"],"potions_floor_usage":[50,50,50],"damage_taken":[{"damage":2.0,"enemies":"2 Louse","floor":1.0,"turns":5.0},{"damage":0.0,"enemies":"Jaw Worm","floor":2.0,"turns":4.0},{"damage":0.0,"enemies":"Cultist","floor":4.0,"turns":3.0},{"damage":6.0,"enemies":"3 Sentries","floor":7.0,"turns":3.0},{"damage":0.0,"enemies":"3 Louse","floor":10.0,"turns":3.0},{"damage":6.0,"enemies":"Exordium Wildlife","floor":12.0,"turns":4.0},{"damage":0.0,"enemies":"Gremlin Gang","floor":13.0,"turns":4.0},{"damage":8.0,"enemies":"The Guardian","floor":16.0,"turns":8.0},{"damage":1.0,"enemies":"2 Thieves","floor":18.0,"turns":4.0},{"damage":2.0,"enemies":"Shell Parasite","floor":19.0,"turns":4.0},{"damage":6.0,"enemies":"Snecko","floor":21.0,"turns":5.0},{"damage":3.0,"enemies":"Snake Plant","floor":24.0,"turns":2.0},{"damage":7.0,"enemies":"Chosen and Byrds","floor":27.0,"turns":6.0},{"damage":10.0,"enemies":"Shelled Parasite and Fungi","floor":30.0,"turns":4.0},{"damage":32.0,"enemies":"Champ","floor":33.0,"turns":13.0},{"damage":0.0,"enemies":"3 Shapes","floor":35.0,"turns":4.0},{"damage":22.0,"enemies":"3 Darklings","floor":38.0,"turns":5.0},{"damage":0.0,"enemies":"4 Shapes","floor":39.0,"turns":6.0},{"damage":8.0,"enemies":"Reptomancer","floor":41.0,"turns":6.0},{"damage":8.0,"enemies":"Transient","floor":42.0,"turns":5.0},{"damage":9,"enemies":"3 Darklings","floor":47,"turns":6},{"damage":0,"enemies":"Mind Bloom Boss Battle","floor":48,"turns":7},{"damage":20,"enemies":"Awakened One","floor":50,"turns":22}],"seed_played":"8261386586348105120","potions_obtained":[{"floor":1.0,"key":"Strength Potion"},{"floor":7.0,"key":"Block Potion"},{"floor":10.0,"key":"Regen Potion"},{"floor":19.0,"key":"AttackPotion"},{"floor":21.0,"key":"SkillPotion"},{"floor":33.0,"key":"EssenceOfSteel"},{"floor":42.0,"key":"Ancient Potion"}],"is_trial":false,"path_per_floor":["M","M","$","M","?","R","E","?","T","M","R","M","M","$","R","B",null,"M","M","?","M","T","$","M","R","T","M","R","?","M","?","R","B",null,"M","$","?","M","M","R","E","M","T","?","?","R","M","?","R","B",null],"character_chosen":"THE_SILENT","items_purchased":["Noxious Fumes","Bane","Backflip","Caltrops","Bronze Scales","Apotheosis","Dexterity Potion"],"campfire_rested":1,"item_purchase_floors":[3,3,14,14,23,36,36],"current_hp_per_floor":[68,68,68,68,73,73,67,67,67,67,67,61,61,61,61,53,75,75,73,73,67,67,67,64,64,64,57,57,57,47,47,47,15,75,75,75,75,53,53,53,45,37,37,37,66,66,57,57,66,46],"gold":232,"neow_bonus":"TRANSFORM_CARD","is_prod":false,"is_daily":false,"chose_seed":false,"campfire_upgraded":8,"win_rate":1,"timestamp":1566689141,"path_taken":["M","M","$","M","?","R","E","?","T","M","R","M","M","$","R","BOSS","M","?","?","M","?","$","?","R","T","M","R","?","M","?","R","BOSS","M","$","?","M","M","R","E","M","T","?","?","R","M","?","R","BOSS"],"build_version":"2019-07-17","purchased_purges":1,"victory":true,"max_hp_per_floor":[70,70,70,70,75,75,75,75,75,75,75,75,75,75,75,75,75,75,75,75,75,75,75,75,75,75,75,75,75,75,75,75,75,75,75,75,75,75,75,75,75,75,75,75,66,66,66,66,66,66],"card_choices":[{"not_picked":["Blade Dance","Prepared"],"picked":"Bouncing Flask","floor":1.0},{"not_picked":["Terror","Blade Dance"],"picked":"Acrobatics","floor":2.0},{"not_picked":["All Out Attack","Outmaneuver"],"picked":"Backstab","floor":4.0},{"not_picked":["Terror","Bane"],"picked":"Backstab","floor":7.0},{"not_picked":["Deflect","Dagger Throw"],"picked":"Noxious Fumes","floor":10.0},{"not_picked":["Endless Agony","Dagger Spray"],"picked":"Blur","floor":12.0},{"not_picked":["Predator","Underhanded Strike"],"picked":"Dodge and Roll","floor":13.0},{"not_picked":["Storm of Steel","Unload"],"picked":"Adrenaline","floor":16.0},{"not_picked":["Quick Slash","Blade Dance+1"],"picked":"Noxious Fumes","floor":18.0},{"not_picked":["Bane","Terror","Underhanded Strike"],"picked":"SKIP","floor":19.0},{"not_picked":["Dodge and Roll","Quick Slash","Poisoned Stab"],"picked":"SKIP","floor":21.0},{"not_picked":["Endless Agony+1","Deflect","Distraction"],"picked":"SKIP","floor":24.0},{"not_picked":["Blade Dance","Slice"],"picked":"Acrobatics","floor":27.0},{"not_picked":["Concentrate","Underhanded Strike"],"picked":"Sucker Punch","floor":30.0},{"not_picked":["Phantasmal Killer","Glass Knife"],"picked":"Burst","floor":33.0},{"not_picked":["Noxious Fumes+1","Terror"],"picked":"PiercingWail","floor":35.0},{"not_picked":["Concentrate","Acrobatics+1"],"picked":"Choke","floor":38.0},{"not_picked":["Poisoned Stab+1","Noxious Fumes"],"picked":"Prepared","floor":39.0},{"not_picked":["Cloak And Dagger","Setup+1","Deflect"],"picked":"SKIP","floor":41.0},{"not_picked":["Masterful Stab+1","Calculated Gamble+1"],"picked":"Sucker Punch+1","floor":42.0},{"not_picked":["Cloak And Dagger+1","Acrobatics","Terror+1"],"picked":"SKIP","floor":47},{"not_picked":["Accuracy+1","Deadly Poison"],"picked":"Calculated Gamble+1","floor":48}],"player_experience":205871,"relics_obtained":[{"floor":7.0,"key":"Omamori"},{"floor":9.0,"key":"Dodecahedron"},{"floor":22.0,"key":"Ornamental Fan"},{"floor":26.0,"key":"Paper Crane"},{"floor":41.0,"key":"Ancient Tea Set"},{"floor":43.0,"key":"PreservedInsect"},{"floor":48,"key":"Torii"}],"event_choices":[{"damage_healed":0.0,"max_hp_gain":5.0,"max_hp_loss":0.0,"gold_gain":0.0,"event_name":"Big Fish","player_choice":"Donut","floor":5.0,"gold_loss":0.0,"damage_taken":0.0},{"damage_healed":0.0,"max_hp_gain":0.0,"max_hp_loss":0.0,"gold_gain":0.0,"event_name":"Match and Keep!","player_choice":"1 cards matched","floor":8.0,"gold_loss":0.0,"damage_taken":0.0,"cards_obtained":["Dark Shackles"]},{"damage_healed":0.0,"max_hp_gain":0.0,"max_hp_loss":0.0,"gold_gain":0.0,"event_name":"Ghosts","player_choice":"Ignored","floor":20.0,"gold_loss":0.0,"damage_taken":0.0},{"damage_healed":0.0,"max_hp_gain":0.0,"max_hp_loss":0.0,"gold_gain":99.0,"event_name":"Nest","player_choice":"Stole From Cult","floor":29.0,"gold_loss":0.0,"damage_taken":0.0},{"damage_healed":0.0,"max_hp_gain":0.0,"max_hp_loss":0.0,"gold_gain":0.0,"event_name":"The Mausoleum","player_choice":"Opened","floor":31.0,"gold_loss":0.0,"damage_taken":0.0,"relics_obtained":["Ginger"],"cards_obtained":["Writhe"]},{"cards_removed":["Strike_G"],"damage_healed":0.0,"max_hp_gain":0.0,"max_hp_loss":0.0,"gold_gain":0.0,"event_name":"Falling","player_choice":"Removed Attack","floor":37.0,"gold_loss":0.0,"damage_taken":0.0},{"damage_healed":0,"gold_gain":0,"player_choice":"Ignored","damage_taken":0,"max_hp_gain":0,"max_hp_loss":0,"event_name":"Mysterious Sphere","floor":44,"gold_loss":0},{"damage_healed":66,"gold_gain":0,"player_choice":"Heal","damage_taken":0,"max_hp_gain":0,"max_hp_loss":9,"event_name":"The Moai Head","floor":45,"gold_loss":0},{"damage_healed":0,"gold_gain":0,"player_choice":"Fight","damage_taken":0,"max_hp_gain":0,"max_hp_loss":0,"event_name":"MindBloom","floor":48,"gold_loss":0}],"is_beta":false,"boss_relics":[{"not_picked":["HoveringKite","Ring of the Serpent"],"picked":"Velvet Choker"},{"not_picked":["Fusion Hammer","Runic Dome"],"picked":"Empty Cage"}],"items_purged_floors":[14],"is_endless":false,"potions_floor_spawned":[1,7,10,13,19,21,33,42,47],"ascension_level":0}