{"gold_per_floor":[113,113,57,70,88,122,122,155,155,155,155,169,197,0,0,75,75,95,95,107,123,38,64,64,64,64,94,94,144,344,370,370,370],"floor_reached":33,"playtime":1287,"items_purged":["Strike_G"],"score":688,"play_id":"3a34d85b-9014-4783-a426-b8a7cc333106","local_time":"20190707202736","is_ascension_mode":true,"campfire_choices":[{"floor":7,"key":"REST"},{"floor":11,"key":"REST"},{"data":"Noxious Fumes","floor":15,"key":"SMITH"},{"data":"Well Laid Plans","floor":24,"key":"SMITH"},{"floor":28,"key":"REST"},{"floor":32,"key":"REST"}],"neow_cost":"NONE","seed_source_timestamp":2280908502700,"circlet_count":0,"master_deck":["AscendersBane","Strike_G","Strike_G","Strike_G","Strike_G","Defend_G","Defend_G","Defend_G+1","Defend_G","Defend_G","Survivor","Neutralize+1","Flying Knee","Backstab","Doppelganger","Quick Slash","Deflect","Calculated Gamble","Dagger Spray","Noxious Fumes+1","Escape Plan","Die Die Die","PiercingWail","Deflect+1","Well Laid Plans+1","PiercingWail","Doubt","PiercingWail","Backflip","Dodge and Roll"],"relics":["Ring of the Snake","Bronze Scales","PreservedInsect","Meat on the Bone","Dream Catcher","Ornamental Fan","The Courier","Cursed Key","Pear","Sundial","Oddly Smooth Stone","Strawberry","Bag of Marbles"],"potions_floor_usage":[6,8,16,18,20,23,27],"damage_taken":[{"damage":8,"enemies":"Small Slimes","floor":1,"turns":5},{"damage":1,"enemies":"Jaw Worm","floor":4,"turns":3},{"damage":2,"enemies":"Cultist","floor":5,"turns":4},{"damage":27,"enemies":"Lagavulin","floor":6,"turns":7},{"damage":11,"enemies":"3 Sentries","floor":8,"turns":7},{"damage":0,"enemies":"3 Louse","floor":12,"turns":3},{"damage":11,"enemies":"Lagavulin","floor":13,"turns":4},{"damage":33,"enemies":"Slime Boss","floor":16,"turns":11},{"damage":1,"enemies":"Spheric Guardian","floor":18,"turns":5},{"damage":11,"enemies":"Shell Parasite","floor":20,"turns":5},{"damage":21,"enemies":"Snake Plant","floor":21,"turns":4},{"damage":0,"enemies":"Slavers","floor":23,"turns":3},{"damage":37,"enemies":"Gremlin Leader","floor":27,"turns":7},{"damage":1,"enemies":"Slavers","floor":31,"turns":5},{"damage":10,"enemies":"Champ","floor":33,"turns":7}],"seed_played":"1794051069251322791","potions_obtained":[{"floor":1,"key":"Explosive Potion"},{"floor":16,"key":"Block Potion"},{"floor":19,"key":"SneckoOil"},{"floor":19,"key":"Explosive Potion"},{"floor":20,"key":"AttackPotion"},{"floor":31,"key":"Energy Potion"}],"is_trial":false,"path_per_floor":["M","?","$","M","M","E","R","E","T","T","R","M","E","$","R","B",null,"M","?","M","M","?","E","R","?","T","E","R","?","?","E","R","B"],"character_chosen":"THE_SILENT","items_purchased":["Strength Potion","Noxious Fumes","Escape Plan","Fire Potion"],"campfire_rested":4,"item_purchase_floors":[3,14,14,14],"current_hp_per_floor":[51,31,31,30,28,1,20,9,9,9,28,40,41,41,41,20,55,54,54,43,34,44,44,44,44,44,26,50,50,50,49,73,63],"gold":370,"neow_bonus":"RANDOM_COMMON_RELIC","is_prod":false,"is_daily":false,"chose_seed":false,"campfire_upgraded":2,"win_rate":0,"timestamp":1562545656,"path_taken":["M","?","$","M","M","E","R","E","T","?","R","M","E","$","R","BOSS","M","?","?","M","?","E","R","?","T","E","R","?","?","E","R","BOSS"],"build_version":"2019-07-05","purchased_purges":1,"victory":false,"max_hp_per_floor":[66,66,66,66,66,66,66,66,66,66,66,66,66,66,66,66,66,66,66,66,66,76,76,76,76,76,83,83,83,83,83,83,83],"card_choices":[{"not_picked":["Tactician","Reflex","Eviscerate"],"picked":"SKIP","floor":1},{"not_picked":["Backflip","Bane"],"picked":"Flying Knee","floor":4},{"not_picked":["Backflip","Choke"],"picked":"Backstab","floor":5},{"not_picked":["Calculated Gamble","Prepared"],"picked":"Doppelganger","floor":6},{"not_picked":["Expertise","Bane"],"picked":"Quick Slash","floor":8},{"not_picked":["Accuracy","Backstab"],"picked":"Deflect","floor":11},{"not_picked":["Deflect","Dagger Throw"],"picked":"Calculated Gamble","floor":12},{"not_picked":["Bane","Caltrops"],"picked":"Dagger Spray","floor":13},{"not_picked":["Envenom","Wraith Form v2"],"picked":"Die Die Die","floor":16},{"not_picked":["Distraction","Poisoned Stab"],"picked":"PiercingWail","floor":18},{"not_picked":["PiercingWail","Finisher"],"picked":"Deflect+1","floor":20},{"not_picked":["Flying Knee","Outmaneuver"],"picked":"Well Laid Plans","floor":21},{"not_picked":["Blade Dance","Deflect"],"picked":"PiercingWail","floor":23},{"not_picked":["Quick Slash","Prepared","Blade Dance"],"picked":"SKIP","floor":27},{"not_picked":["Bullet Time","Blade Dance"],"picked":"PiercingWail","floor":28},{"not_picked":["Distraction","Prepared"],"picked":"Backflip","floor":31},{"not_picked":["Expertise","Prepared"],"picked":"Dodge and Roll","floor":32}],"player_experience":1318302,"relics_obtained":[{"floor":6,"key":"PreservedInsect"},{"floor":8,"key":"Meat on the Bone"},{"floor":9,"key":"Dream Catcher"},{"floor":10,"key":"Ornamental Fan"},{"floor":13,"key":"The Courier"},{"floor":23,"key":"Sundial"},{"floor":26,"key":"Oddly Smooth Stone"},{"floor":27,"key":"Strawberry"},{"floor":31,"key":"Bag of Marbles"}],"event_choices":[{"damage_healed":0,"gold_gain":0,"player_choice":"Entered Light","damage_taken":20,"max_hp_gain":0,"max_hp_loss":0,"event_name":"Shining Light","floor":2,"gold_loss":0,"cards_upgraded":["Neutralize","Defend_G"]},{"damage_healed":0,"gold_gain":0,"player_choice":"Got Potions","damage_taken":0,"max_hp_gain":0,"max_hp_loss":0,"event_name":"Lab","floor":19,"gold_loss":0},{"damage_healed":0,"gold_gain":0,"player_choice":"Obtained Relic","damage_taken":0,"relics_obtained":["Pear"],"max_hp_gain":0,"max_hp_loss":0,"event_name":"Addict","floor":22,"gold_loss":85},{"damage_healed":0,"gold_gain":0,"player_choice":"Ignored","damage_taken":0,"max_hp_gain":0,"max_hp_loss":0,"event_name":"Ghosts","floor":25,"gold_loss":0},{"damage_healed":0,"gold_gain":50,"player_choice":"Stole From Cult","damage_taken":0,"max_hp_gain":0,"max_hp_loss":0,"event_name":"Nest","floor":29,"gold_loss":0},{"damage_healed":0,"gold_gain":250,"player_choice":"Bet on Owner","damage_taken":0,"max_hp_gain":0,"max_hp_loss":0,"event_name":"The Joust","floor":30,"gold_loss":50}],"is_beta":false,"boss_relics":[{"not_picked":["Pandora\u0027s Box","Coffee Dripper"],"picked":"Cursed Key"}],"items_purged_floors":[14],"is_endless":false,"potions_floor_spawned":[1,4,16,20,31],"killed_by":"Champ","ascension_level":20}