{"gold_per_floor":[116,116,128,142,153,180,37,48,48,48,83,113,113,148,148,225,275,290,300,38,38,51,51,78,96,96,116,116,173,187,197,197,273,273,283,283,15,26,36,51,51,1,1,31,31,31,49,61,61,61,61],"floor_reached":51,"playtime":2352,"items_purged":["Strike_B","Strike_B","Strike_B","Strike_B"],"score":1482,"play_id":"6a4d5ad3-514b-4aac-9858-c9c547b95c6b","local_time":"20190803110313","is_ascension_mode":true,"campfire_choices":[{"floor":10.0,"key":"REST"},{"data":"Barrage","floor":13.0,"key":"SMITH"},{"floor":15.0,"key":"REST"},{"data":"Capacitor","floor":23.0,"key":"SMITH"},{"floor":28.0,"key":"REST"},{"floor":32.0,"key":"REST"},{"floor":41.0,"key":"REST"},{"floor":45.0,"key":"RECALL"},{"floor":49.0,"key":"REST"}],"neow_cost":"NONE","seed_source_timestamp":576311563560900,"circlet_count":0,"master_deck":["AscendersBane","Defend_B","Defend_B","Defend_B","Defend_B","Zap+1","Dualcast","Barrage+1","Cold Snap","Ball Lightning","Chill+1","Capacitor+1","Hologram+1","Compile Driver","Tempest+1","Reinforced Body+1","Biased Cognition+1","Barrage","Cold Snap","Steam+1","Darkness+1","Leap+1","Conserve Battery+1","Biased Cognition+1","Reinforced Body+1","Fission+1","Doom and Gloom","Consume+1","Glacier+1","Core Surge","Redo+1","Double Energy+1"],"special_seed":0,"relics":["Cracked Core","Smiling Mask","Potion Belt","Toxic Egg 2","Question Card","Boot","Tiny House","Bag of Preparation","Happy Flower","Symbiotic Virus","Tiny Chest","Philosopher\u0027s Stone","Chemical X","Bottled Flame"],"potions_floor_usage":[50,50,50,51],"damage_taken":[{"damage":2.0,"enemies":"Jaw Worm","floor":1.0,"turns":4.0},{"damage":1.0,"enemies":"Cultist","floor":3.0,"turns":3.0},{"damage":8.0,"enemies":"Small Slimes","floor":4.0,"turns":4.0},{"damage":9.0,"enemies":"Blue Slaver","floor":5.0,"turns":4.0},{"damage":19.0,"enemies":"3 Sentries","floor":6.0,"turns":6.0},{"damage":10.0,"enemies":"Exordium Thugs","floor":8.0,"turns":5.0},{"damage":6.0,"enemies":"Gremlin Nob","floor":11.0,"turns":3.0},{"damage":19.0,"enemies":"Lagavulin","floor":14.0,"turns":5.0},{"damage":19.0,"enemies":"The Guardian","floor":16.0,"turns":13.0},{"damage":5.0,"enemies":"2 Thieves","floor":18.0,"turns":3.0},{"damage":0.0,"enemies":"Spheric Guardian","floor":19.0,"turns":3.0},{"damage":17.0,"enemies":"Centurion and Healer","floor":22.0,"turns":5.0},{"damage":23.0,"enemies":"Gremlin Leader","floor":24.0,"turns":5.0},{"damage":12.0,"enemies":"Snake Plant","floor":25.0,"turns":4.0},{"damage":1.0,"enemies":"Shelled Parasite and Fungi","floor":27.0,"turns":6.0},{"damage":10.0,"enemies":"Slavers","floor":29.0,"turns":7.0},{"damage":0.0,"enemies":"Chosen and Byrds","floor":30.0,"turns":3.0},{"damage":0.0,"enemies":"Snake Plant","floor":31.0,"turns":2.0},{"damage":4.0,"enemies":"Champ","floor":33.0,"turns":16.0},{"damage":0.0,"enemies":"3 Shapes","floor":35.0,"turns":5.0},{"damage":3.0,"enemies":"Orb Walker","floor":38.0,"turns":2.0},{"damage":37.0,"enemies":"Transient","floor":39.0,"turns":6.0},{"damage":0.0,"enemies":"Maw","floor":40.0,"turns":6.0},{"damage":0.0,"enemies":"Nemesis","floor":44.0,"turns":7.0},{"damage":0.0,"enemies":"Writhing Mass","floor":47.0,"turns":5.0},{"damage":21.0,"enemies":"Spire Growth","floor":48.0,"turns":4.0},{"damage":11,"enemies":"Awakened One","floor":50,"turns":14},{"damage":40,"enemies":"Donu and Deca","floor":51,"turns":5}],"seed_played":"4512350540908238438","potions_obtained":[{"floor":1.0,"key":"Block Potion"},{"floor":3.0,"key":"LiquidBronze"},{"floor":4.0,"key":"Poison Potion"},{"floor":14.0,"key":"Strength Potion"},{"floor":17.0,"key":"Ancient Potion"},{"floor":24.0,"key":"GamblersBrew"},{"floor":25.0,"key":"Strength Potion"},{"floor":29.0,"key":"Poison Potion"},{"floor":30.0,"key":"Fire Potion"},{"floor":35.0,"key":"Ancient Potion"},{"floor":44.0,"key":"Dexterity Potion"},{"floor":47.0,"key":"FocusPotion"}],"is_trial":false,"path_per_floor":["M","?","M","M","M","E","$","M","T","R","E","?","R","E","R","B",null,"M","M","$","?","M","R","E","M","T","M","R","E","M","M","R","B",null,"M","?","$","M","M","M","R","$","T","E","R","$","M","M","R","B","B"],"character_chosen":"DEFECT","items_purchased":["Capacitor","Hologram+1","Bag of Preparation","Explosive Potion","Chemical X"],"campfire_rested":6,"item_purchase_floors":[7,7,20,20,37],"current_hp_per_floor":[62,62,61,53,44,25,25,15,15,36,30,30,30,11,32,13,62,57,57,57,57,40,40,17,5,5,4,26,16,16,16,38,34,66,66,66,66,63,26,26,48,48,48,48,48,48,48,27,49,38,0],"gold":61,"neow_bonus":"RANDOM_COMMON_RELIC","is_prod":false,"is_daily":false,"chose_seed":false,"campfire_upgraded":2,"win_rate":0,"timestamp":1564844593,"path_taken":["M","?","M","M","?","E","$","M","T","R","E","?","R","E","R","BOSS","M","M","$","?","?","R","E","M","T","M","R","E","M","M","R","BOSS","M","?","$","M","M","M","R","$","T","E","R","?","M","M","R","BOSS","BOSS"],"build_version":"2019-07-17","purchased_purges":4,"victory":false,"max_hp_per_floor":[71,71,71,71,71,71,71,71,71,71,71,71,71,71,71,71,76,76,76,76,76,76,76,76,76,76,76,76,76,76,76,76,76,76,76,76,76,76,76,76,76,76,76,76,76,76,76,76,76,76,76],"card_choices":[{"not_picked":["Darkness","Tempest"],"picked":"Go for the Eyes","floor":1.0},{"not_picked":["Consume","Reprogram"],"picked":"Barrage","floor":3.0},{"not_picked":["Defragment","Rebound"],"picked":"Cold Snap","floor":4.0},{"not_picked":["Streamline","Steam"],"picked":"Ball Lightning","floor":5.0},{"not_picked":["Melter","Turbo"],"picked":"Chill","floor":6.0},{"not_picked":["Steam+1","Steam Power+1"],"picked":"Compile Driver","floor":8.0},{"not_picked":["Stack+1","Beam Cell"],"picked":"Tempest+1","floor":11.0},{"not_picked":["Beam Cell","Hologram+1","Redo+1"],"picked":"Reinforced Body+1","floor":14.0},{"not_picked":["Rainbow+1","Core Surge","Meteor Strike"],"picked":"Biased Cognition","floor":16.0},{"not_picked":["Rip and Tear","Gash","Streamline"],"picked":"Barrage","floor":17.0},{"not_picked":["Rip and Tear","Recycle+1","Fusion+1"],"picked":"Cold Snap","floor":18.0},{"not_picked":["Cold Snap","Barrage","Turbo+1"],"picked":"Steam+1","floor":19.0},{"not_picked":["Steam+1","Barrage","Streamline"],"picked":"Darkness+1","floor":22.0},{"not_picked":["Aggregate+1","Hologram+1","Steam Power+1","Self Repair"],"picked":"SKIP","floor":24.0},{"not_picked":["Steam+1","FTL","Rebound"],"picked":"Leap+1","floor":25.0},{"not_picked":["Hologram+1","Rebound","Steam+1"],"picked":"Conserve Battery+1","floor":27.0},{"not_picked":["Ball Lightning","Steam+1","Rip and Tear","Doom and Gloom"],"picked":"SKIP","floor":29.0},{"not_picked":["Ball Lightning","Steam+1","Gash"],"picked":"Biased Cognition","floor":30.0},{"not_picked":["Scrape","Sweeping Beam","Compile Driver+1"],"picked":"Reinforced Body+1","floor":31.0},{"not_picked":["Buffer","Multi-Cast+1","Creative AI"],"picked":"Fission+1","floor":33.0},{"not_picked":["Beam Cell","Conserve Battery+1","Leap+1","Skim+1"],"picked":"SKIP","floor":35.0},{"not_picked":["Gash+1","Streamline","Cold Snap"],"picked":"Doom and Gloom","floor":38.0},{"not_picked":["Go for the Eyes","Leap+1","Hologram+1"],"picked":"Consume+1","floor":39.0},{"not_picked":["Tempest+1","Streamline","Compile Driver"],"picked":"Glacier+1","floor":40.0},{"not_picked":["Capacitor","Cold Snap","Hologram+1"],"picked":"Core Surge","floor":44.0},{"not_picked":["Glacier+1","Aggregate+1","Sweeping Beam"],"picked":"Redo+1","floor":47.0},{"not_picked":["Stack+1","Sweeping Beam+1","Lockon"],"picked":"Double Energy+1","floor":48.0}],"player_experience":1417001,"relics_obtained":[{"floor":6.0,"key":"Toxic Egg 2"},{"floor":11.0,"key":"Question Card"},{"floor":14.0,"key":"Boot"},{"floor":24.0,"key":"Happy Flower"},{"floor":26.0,"key":"Symbiotic Virus"},{"floor":29.0,"key":"Tiny Chest"},{"floor":43.0,"key":"Bottled Flame"}],"event_choices":[{"cards_removed":["Go for the Eyes"],"damage_healed":0.0,"max_hp_gain":0.0,"max_hp_loss":0.0,"gold_gain":0.0,"event_name":"WeMeetAgain","player_choice":"Gave Card","floor":2.0,"gold_loss":0.0,"damage_taken":0.0,"relics_obtained":["Potion Belt"]},{"damage_healed":0.0,"max_hp_gain":0.0,"max_hp_loss":0.0,"gold_gain":30.0,"event_name":"Dead Adventurer","player_choice":"Searched \u00272\u0027 times","floor":12.0,"gold_loss":0.0,"damage_taken":0.0},{"damage_healed":0.0,"max_hp_gain":0.0,"max_hp_loss":0.0,"gold_gain":0.0,"event_name":"Accursed Blacksmith","player_choice":"Forge","floor":21.0,"gold_loss":0.0,"damage_taken":0.0,"cards_upgraded":["Biased Cognition"]},{"damage_healed":0.0,"max_hp_gain":0.0,"max_hp_loss":0.0,"gold_gain":0.0,"event_name":"Upgrade Shrine","player_choice":"Upgraded","floor":36.0,"gold_loss":0.0,"damage_taken":0.0,"cards_upgraded":["Biased Cognition"]}],"is_beta":false,"boss_relics":[{"not_picked":["Orrery","Pandora\u0027s Box"],"picked":"Tiny House"},{"not_picked":["Fusion Hammer","Runic Dome"],"picked":"Philosopher\u0027s Stone"}],"items_purged_floors":[7,20,37,42],"is_endless":false,"potions_floor_spawned":[1,3,4,14,24,25,29,30,35,44,47],"killed_by":"Donu and Deca","ascension_level":20}