{"gold_per_floor":[369,18,29,29,29,29,43,43,43,77,92,52,0,12,12,87,87,106,122,72,72,91,91,91],"floor_reached":24,"playtime":836,"items_purged":[],"score":392,"play_id":"b48c5b58-faae-44e3-9f21-846c7839e007","local_time":"20190706172120","is_ascension_mode":true,"campfire_choices":[{"data":"Consume","floor":6.0,"key":"SMITH"},{"floor":8.0,"key":"REST"},{"floor":15,"key":"REST"},{"data":"Fission","floor":23,"key":"SMITH"}],"neow_cost":"PERCENT_DAMAGE","seed_source_timestamp":1371564694462300,"circlet_count":0,"master_deck":["AscendersBane","Strike_B","Strike_B","Strike_B+1","Strike_B","Defend_B","Defend_B","Defend_B","Defend_B","Zap+1","Dualcast","Conserve Battery","Consume+1","Chill","Conserve Battery","Fission+1","Hologram","Streamline","FTL","Core Surge","Compile Driver","Cold Snap","Steam+1"],"special_seed":0,"relics":["Cracked Core","ClockworkSouvenir","Oddly Smooth Stone","Dodecahedron","Cursed Key"],"potions_floor_usage":[16,24],"damage_taken":[{"damage":4.0,"enemies":"Small Slimes","floor":1.0,"turns":3.0},{"damage":4.0,"enemies":"Jaw Worm","floor":3.0,"turns":4.0},{"damage":1.0,"enemies":"Cultist","floor":7.0,"turns":4.0},{"damage":27.0,"enemies":"Gremlin Nob","floor":10.0,"turns":4.0},{"damage":6,"enemies":"Gremlin Gang","floor":11,"turns":6},{"damage":1,"enemies":"Looter","floor":12,"turns":4},{"damage":1,"enemies":"3 Louse","floor":14,"turns":4},{"damage":13,"enemies":"The Guardian","floor":16,"turns":13},{"damage":0,"enemies":"Chosen","floor":18,"turns":5},{"damage":25,"enemies":"2 Thieves","floor":19,"turns":5},{"damage":1,"enemies":"Snecko","floor":22,"turns":5},{"damage":45,"enemies":"Gremlin Leader","floor":24,"turns":4}],"seed_played":"-4567959783767648705","potions_obtained":[{"floor":1.0,"key":"SpeedPotion"},{"floor":14,"key":"Weak Potion"},{"floor":16,"key":"Fire Potion"},{"floor":18,"key":"Strength Potion"},{"floor":22,"key":"Explosive Potion"}],"is_trial":false,"path_per_floor":["M","$","M","?","?","R","M","R","T","E","M","M","?","M","R","B",null,"M","M","$","?","M","R","E"],"character_chosen":"DEFECT","items_purchased":["ClockworkSouvenir","AttackPotion","Consume","Cold Snap"],"campfire_rested":2,"item_purchase_floors":[2,2,2,20],"current_hp_per_floor":[42,42,38,17,17,17,16,37,37,10,4,3,3,2,23,10,56,56,31,31,31,30,30,0],"gold":91,"neow_bonus":"TWO_FIFTY_GOLD","is_prod":false,"is_daily":false,"chose_seed":false,"campfire_upgraded":2,"win_rate":0,"timestamp":1562448080,"path_taken":["M","$","M","?","?","R","?","R","T","E","?","?","?","M","R","BOSS","M","M","$","?","M","R","E"],"build_version":"2019-07-05","purchased_purges":0,"victory":false,"max_hp_per_floor":[71,71,71,71,71,71,71,71,71,71,71,71,71,71,71,71,71,71,71,71,71,71,71,71],"card_choices":[{"not_picked":["Leap","Beam Cell"],"picked":"Conserve Battery","floor":1.0},{"not_picked":["Sweeping Beam","Self Repair"],"picked":"Chill","floor":3.0},{"not_picked":["Gash","Redo"],"picked":"Conserve Battery","floor":7.0},{"not_picked":["Barrage","Turbo"],"picked":"Fission","floor":10.0},{"not_picked":["Barrage","Turbo"],"picked":"Hologram","floor":11},{"not_picked":["Hello World","Turbo"],"picked":"Streamline","floor":12},{"not_picked":["Sunder","Auto Shields"],"picked":"FTL","floor":14},{"not_picked":["Thunder Strike","Reboot"],"picked":"Core Surge","floor":16},{"not_picked":["Turbo","Leap","Conserve Battery"],"picked":"SKIP","floor":18},{"not_picked":["Sweeping Beam","Beam Cell"],"picked":"Compile Driver","floor":19},{"not_picked":["Heatsinks","Skim"],"picked":"Steam+1","floor":22}],"player_experience":1310797,"relics_obtained":[{"floor":9.0,"key":"Oddly Smooth Stone"},{"floor":10.0,"key":"Dodecahedron"}],"event_choices":[{"damage_healed":0.0,"max_hp_gain":0.0,"max_hp_loss":0.0,"gold_gain":0.0,"event_name":"Shining Light","player_choice":"Entered Light","floor":4.0,"gold_loss":0.0,"damage_taken":21.0,"cards_upgraded":["Zap","Strike_B"]},{"damage_healed":0.0,"max_hp_gain":0.0,"max_hp_loss":0.0,"gold_gain":0.0,"event_name":"Liars Game","player_choice":"Ignored","floor":5.0,"gold_loss":0.0,"damage_taken":0.0},{"damage_healed":0,"gold_gain":0,"player_choice":"Left Gold","damage_taken":0,"max_hp_gain":0,"max_hp_loss":0,"event_name":"World of Goop","floor":13,"gold_loss":52},{"damage_healed":0,"gold_gain":0,"player_choice":"Ignored","damage_taken":0,"max_hp_gain":0,"max_hp_loss":0,"event_name":"The Mausoleum","floor":21,"gold_loss":0}],"is_beta":false,"boss_relics":[{"not_picked":["Calling Bell","Busted Crown"],"picked":"Cursed Key"}],"items_purged_floors":[],"is_endless":false,"potions_floor_spawned":[1,3,14,16,18,22],"killed_by":"Gremlin Leader","ascension_level":20}