{"gold_per_floor":[140,140,153,166,166,199,199,243,270,183,223,247,247,263,263,362,362,385,54,79,79],"floor_reached":21,"playtime":1791,"items_purged":["Strike_G","Strike_G"],"score":398,"play_id":"b3b1cdbb-d9d1-442a-bade-e360bce9d5b0","local_time":"20190630160559","is_ascension_mode":true,"campfire_choices":[{"floor":7,"key":"REST"},{"data":"Riddle With Holes","floor":13,"key":"SMITH"},{"floor":15,"key":"REST"}],"neow_cost":"NONE","seed_source_timestamp":847720118981500,"circlet_count":0,"master_deck":["AscendersBane","Defend_G","Defend_G","Defend_G","Defend_G","Defend_G","Strike_G+1","Strike_G","Strike_G+1","Survivor","Neutralize+1","Flying Knee","Riddle With Holes+1","Footwork","Unload","PiercingWail","Well Laid Plans","Poisoned Stab","Backstab","Dagger Spray","Doppelganger","Crippling Poison","Backflip+1"],"relics":["Ring of the Snake","Tiny Chest","Golden Idol","Regal Pillow","Whetstone","Smiling Mask","Bronze Scales","HoveringKite","Toxic Egg 2"],"potions_floor_usage":[6,11,16,20],"damage_taken":[{"damage":0,"enemies":"Jaw Worm","floor":1,"turns":7},{"damage":1,"enemies":"Cultist","floor":3,"turns":5},{"damage":2,"enemies":"Small Slimes","floor":4,"turns":3},{"damage":30,"enemies":"Lagavulin","floor":6,"turns":9},{"damage":26,"enemies":"Gremlin Nob","floor":8,"turns":4},{"damage":21,"enemies":"Lagavulin","floor":11,"turns":5},{"damage":2,"enemies":"Gremlin Gang","floor":12,"turns":5},{"damage":0,"enemies":"Large Slime","floor":14,"turns":4},{"damage":29,"enemies":"Slime Boss","floor":16,"turns":10},{"damage":12,"enemies":"Chosen","floor":18,"turns":5},{"damage":14,"enemies":"Spheric Guardian","floor":20,"turns":8},{"damage":26,"enemies":"Cultist and Chosen","floor":21,"turns":3}],"seed_played":"-3788378867546483993","potions_obtained":[{"floor":3,"key":"Poison Potion"},{"floor":6,"key":"Swift Potion"},{"floor":8,"key":"AttackPotion"},{"floor":12,"key":"Energy Potion"},{"floor":14,"key":"AttackPotion"},{"floor":18,"key":"Weak Potion"}],"is_trial":false,"path_per_floor":["M","?","M","M","?","E","R","E","T","$","E","M","R","M","R","B",null,"M","$","M","M"],"character_chosen":"THE_SILENT","items_purchased":["Well Laid Plans","Toxic Egg 2"],"campfire_rested":2,"item_purchase_floors":[10,19],"current_hp_per_floor":[59,59,58,56,56,26,59,33,33,33,12,10,10,10,43,14,49,37,37,23,0],"gold":79,"neow_bonus":"RANDOM_COMMON_RELIC","is_prod":false,"is_daily":false,"chose_seed":false,"campfire_upgraded":1,"win_rate":0,"timestamp":1561925159,"path_taken":["M","?","M","M","?","E","R","E","T","$","E","?","R","M","R","BOSS","M","$","M","M"],"build_version":"2019-01-23","purchased_purges":2,"victory":false,"max_hp_per_floor":[66,60,60,60,60,60,60,60,60,60,60,60,60,60,60,60,60,60,60,60,60],"card_choices":[{"not_picked":["Calculated Gamble","Backflip"],"picked":"Flying Knee","floor":1},{"not_picked":["PiercingWail","Heel Hook"],"picked":"Riddle With Holes","floor":3},{"not_picked":["Finisher","Flying Knee"],"picked":"Footwork","floor":4},{"not_picked":["Cloak And Dagger","Acrobatics"],"picked":"Unload","floor":6},{"not_picked":["Catalyst","Blur"],"picked":"PiercingWail","floor":8},{"not_picked":["Sucker Punch","Cloak And Dagger"],"picked":"Poisoned Stab","floor":11},{"not_picked":["Backflip","Dagger Spray"],"picked":"Backstab","floor":12},{"not_picked":["PiercingWail","Poisoned Stab"],"picked":"Dagger Spray","floor":14},{"not_picked":["Malaise","Night Terror"],"picked":"Doppelganger","floor":16},{"not_picked":["Backflip","Concentrate"],"picked":"Crippling Poison","floor":18},{"not_picked":["Underhanded Strike","Quick Slash"],"picked":"Backflip+1","floor":20}],"player_experience":1252719,"relics_obtained":[{"floor":6,"key":"Regal Pillow"},{"floor":8,"key":"Whetstone"},{"floor":9,"key":"Smiling Mask"},{"floor":11,"key":"Bronze Scales"}],"event_choices":[{"damage_healed":0,"gold_gain":0,"player_choice":"Lose Max HP","damage_taken":0,"relics_obtained":["Golden Idol"],"max_hp_gain":0,"max_hp_loss":6,"event_name":"Golden Idol","floor":2,"gold_loss":0},{"damage_healed":0,"gold_gain":0,"player_choice":"Forge","damage_taken":0,"max_hp_gain":0,"max_hp_loss":0,"event_name":"Accursed Blacksmith","floor":5,"gold_loss":0,"cards_upgraded":["Neutralize"]}],"is_beta":false,"boss_relics":[{"not_picked":["Runic Dome","Ring of the Serpent"],"picked":"HoveringKite"}],"items_purged_floors":[10,19],"is_endless":false,"potions_floor_spawned":[3,6,8,12,14,18],"killed_by":"Cultist and Chosen","ascension_level":20}