{"gold_per_floor":[216,235,252,70,81,81,110,129,129,129,155,165,165,182,182,257,257,274,274,63,80,91,91,109,19,44,44],"floor_reached":27,"playtime":1286,"items_purged":["Strike_B","Strike_B"],"score":454,"play_id":"e7c3fa5d-8dbe-46ca-a998-0a7be0c795ac","local_time":"20190724171337","is_ascension_mode":true,"campfire_choices":[{"data":"Zap","floor":6.0,"key":"SMITH"},{"floor":10,"key":"REST"},{"data":"Beam Cell","floor":13,"key":"SMITH"},{"data":"Barrage","floor":15,"key":"SMITH"},{"floor":23,"key":"REST"}],"neow_cost":"NONE","seed_source_timestamp":0,"circlet_count":0,"master_deck":["AscendersBane","Strike_B","Strike_B","Defend_B","Defend_B","Defend_B","Defend_B","Zap+1","Dualcast","Rebound","Barrage+1","Sweeping Beam","Compile Driver","Conserve Battery","Chill","Beam Cell+1","Rip and Tear","Chill","All For One","Defragment+1","Leap","Hologram","Streamline","Cold Snap","Sunder"],"special_seed":0,"relics":["Cracked Core","Dodecahedron","Kunai","Meat on the Bone","Philosopher\u0027s Stone","Juzu Bracelet"],"potions_floor_usage":[11,16,21],"damage_taken":[{"damage":0.0,"enemies":"2 Louse","floor":1.0,"turns":2.0},{"damage":0.0,"enemies":"Cultist","floor":2.0,"turns":3.0},{"damage":7.0,"enemies":"Jaw Worm","floor":3.0,"turns":4.0},{"damage":11.0,"enemies":"Lots of Slimes","floor":5.0,"turns":3.0},{"damage":23.0,"enemies":"Lagavulin","floor":7.0,"turns":6.0},{"damage":14,"enemies":"Exordium Thugs","floor":8,"turns":6},{"damage":12,"enemies":"3 Sentries","floor":11,"turns":5},{"damage":0,"enemies":"3 Louse","floor":12,"turns":3},{"damage":0,"enemies":"Exordium Wildlife","floor":14,"turns":2},{"damage":14,"enemies":"Slime Boss","floor":16,"turns":7},{"damage":13,"enemies":"Spheric Guardian","floor":18,"turns":4},{"damage":11,"enemies":"3 Byrds","floor":21,"turns":5},{"damage":33,"enemies":"Snake Plant","floor":22,"turns":4},{"damage":9,"enemies":"Centurion and Healer","floor":24,"turns":4},{"damage":44,"enemies":"Shelled Parasite and Fungi","floor":27,"turns":3}],"seed_played":"1576144617984805900","potions_obtained":[{"floor":2.0,"key":"GamblersBrew"},{"floor":14,"key":"Swift Potion"},{"floor":16,"key":"FairyPotion"},{"floor":21,"key":"Strength Potion"}],"is_trial":false,"path_per_floor":["M","M","M","$","M","R","E","M","T","R","E","M","R","M","R","B",null,"M","?","$","M","M","R","M","$","T","M"],"character_chosen":"DEFECT","items_purchased":["Compile Driver","SteroidPotion","Leap","Weak Potion","Sunder","Explosive Potion"],"campfire_rested":2,"item_purchase_floors":[4,4,20,20,25,25],"current_hp_per_floor":[64,64,57,57,46,46,23,9,9,30,18,30,30,42,42,40,63,50,50,50,39,18,39,42,42,42,0],"gold":44,"neow_bonus":"HUNDRED_GOLD","is_prod":false,"is_daily":false,"chose_seed":false,"campfire_upgraded":3,"win_rate":0,"timestamp":1564002817,"path_taken":["M","M","M","$","M","R","E","M","T","R","E","M","R","M","R","BOSS","M","?","?","M","M","R","M","$","T","M"],"build_version":"2019-07-17","purchased_purges":2,"victory":false,"max_hp_per_floor":[71,71,71,71,71,71,71,71,71,71,71,71,71,71,71,71,71,71,71,71,71,71,71,71,71,71,71],"card_choices":[{"not_picked":["Gash","Stack"],"picked":"Rebound","floor":1.0},{"not_picked":["Hologram","Static Discharge"],"picked":"Barrage","floor":2.0},{"not_picked":["Barrage","Melter"],"picked":"Sweeping Beam","floor":3.0},{"not_picked":["Hologram","Chaos"],"picked":"Conserve Battery","floor":5.0},{"not_picked":["Go for the Eyes","Heatsinks"],"picked":"Chill","floor":7.0},{"not_picked":["Rainbow","Undo"],"picked":"Beam Cell","floor":8},{"not_picked":["Barrage","Double Energy"],"picked":"Rip and Tear","floor":11},{"not_picked":["Blizzard","Double Energy"],"picked":"Chill","floor":12},{"not_picked":["Turbo","Steam Power","Fusion"],"picked":"SKIP","floor":14},{"not_picked":["Meteor Strike","Multi-Cast"],"picked":"All For One","floor":16},{"not_picked":["Ball Lightning","Conserve Battery"],"picked":"Defragment","floor":18},{"not_picked":["Compile Driver","Leap"],"picked":"Hologram","floor":21},{"not_picked":["Lockon","Coolheaded"],"picked":"Streamline","floor":22},{"not_picked":["Stack","Undo"],"picked":"Cold Snap","floor":24}],"player_experience":1388048,"relics_obtained":[{"floor":7.0,"key":"Dodecahedron"},{"floor":9,"key":"Kunai"},{"floor":11,"key":"Meat on the Bone"},{"floor":26,"key":"Juzu Bracelet"}],"event_choices":[{"damage_healed":0,"gold_gain":0,"player_choice":"Forge","damage_taken":0,"max_hp_gain":0,"max_hp_loss":0,"event_name":"Accursed Blacksmith","floor":19,"gold_loss":0,"cards_upgraded":["Defragment"]}],"is_beta":false,"boss_relics":[{"not_picked":["Calling Bell","Runic Dome"],"picked":"Philosopher\u0027s Stone"}],"items_purged_floors":[4,20],"is_endless":false,"potions_floor_spawned":[2,5,14,16,21],"killed_by":"Shelled Parasite and Fungi","ascension_level":20}