{"gold_per_floor":[118,136,136,161,171,171,171,171,171,189,200,33,33,66,66,142,142,159,5,23,39,39,39,67,67,92,92,117,117,449,466,466,540,540,554,574,624,636,636,636,301,301,301,320,335,348,85,100,100,100,100,100,100,50,84,84],"floor_reached":56,"playtime":2625,"items_purged":["Strike_R","Strike_R","Decay","Defend_R","Defend_R"],"score":1914,"play_id":"fa1bb177-f8f7-4c31-9121-260972702100","local_time":"20190706193143","is_ascension_mode":true,"campfire_choices":[{"data":"Searing Blow","floor":6.0,"key":"SMITH"},{"data":"Searing Blow+2","floor":8.0,"key":"SMITH"},{"data":"Searing Blow+3","floor":15.0,"key":"SMITH"},{"data":"Searing Blow+4","floor":23.0,"key":"SMITH"},{"data":"Searing Blow+5","floor":25.0,"key":"SMITH"},{"data":"Searing Blow+6","floor":27.0,"key":"SMITH"},{"data":"Searing Blow+7","floor":29.0,"key":"SMITH"},{"floor":32.0,"key":"REST"},{"data":"Searing Blow+8","floor":40.0,"key":"SMITH"},{"data":"Searing Blow+9","floor":42.0,"key":"SMITH"},{"floor":49.0,"key":"RECALL"},{"data":"Defend_R","floor":53.0,"key":"PURGE"}],"neow_cost":"PERCENT_DAMAGE","seed_source_timestamp":1376927606975900,"circlet_count":0,"master_deck":["AscendersBane","Defend_R","Bash+1","Searing Blow+10","True Grit+1","Battle Trance","Havoc+1","Finesse+1","Armaments+1","Entrench+1","Shrug It Off+1","Flame Barrier+1","Disarm+1","Havoc+1","Dual Wield+1","True Grit+1","Offering+1","Corruption","Pommel Strike+1"],"special_seed":0,"relics":["Burning Blood","StoneCalendar","Dream Catcher","Toxic Egg 2","Gremlin Horn","White Beast Statue","Regal Pillow","Smiling Mask","Peace Pipe","Old Coin","Empty Cage","Ice Cream","Bottled Lightning","ClockworkSouvenir","Pen Nib"],"potions_floor_usage":[55,56],"damage_taken":[{"damage":2.0,"enemies":"Cultist","floor":1.0,"turns":4.0},{"damage":8.0,"enemies":"Small Slimes","floor":2.0,"turns":3.0},{"damage":12.0,"enemies":"Jaw Worm","floor":5.0,"turns":4.0},{"damage":1.0,"enemies":"2 Fungi Beasts","floor":10.0,"turns":4.0},{"damage":4.0,"enemies":"Blue Slaver","floor":11.0,"turns":4.0},{"damage":12.0,"enemies":"Lagavulin","floor":14.0,"turns":7.0},{"damage":0.0,"enemies":"The Guardian","floor":16.0,"turns":7.0},{"damage":8.0,"enemies":"Shell Parasite","floor":18.0,"turns":6.0},{"damage":8.0,"enemies":"3 Byrds","floor":20.0,"turns":5.0},{"damage":0.0,"enemies":"Snecko","floor":21.0,"turns":4.0},{"damage":50.0,"enemies":"Slavers","floor":24.0,"turns":10.0},{"damage":10.0,"enemies":"Gremlin Leader","floor":28.0,"turns":5.0},{"damage":9.0,"enemies":"Book of Stabbing","floor":30.0,"turns":5.0},{"damage":9.0,"enemies":"Centurion and Healer","floor":31.0,"turns":4.0},{"damage":42.0,"enemies":"Automaton","floor":33.0,"turns":8.0},{"damage":11.0,"enemies":"3 Shapes","floor":35.0,"turns":3.0},{"damage":6.0,"enemies":"Orb Walker","floor":36.0,"turns":5.0},{"damage":23.0,"enemies":"2 Orb Walkers","floor":37.0,"turns":6.0},{"damage":6.0,"enemies":"3 Darklings","floor":38.0,"turns":3.0},{"damage":6.0,"enemies":"Transient","floor":44.0,"turns":6.0},{"damage":8.0,"enemies":"Sphere and 2 Shapes","floor":45.0,"turns":4.0},{"damage":6.0,"enemies":"Maw","floor":46.0,"turns":4.0},{"damage":6.0,"enemies":"4 Shapes","floor":48.0,"turns":3.0},{"damage":26.0,"enemies":"Awakened One","floor":50.0,"turns":8.0},{"damage":19.0,"enemies":"Time Eater","floor":51.0,"turns":5.0},{"damage":45,"enemies":"Shield and Spear","floor":55,"turns":4},{"damage":53,"enemies":"The Heart","floor":56,"turns":2}],"seed_played":"-179147046075412223","potions_obtained":[{"floor":5.0,"key":"Explosive Potion"},{"floor":14.0,"key":"Poison Potion"},{"floor":18.0,"key":"SteroidPotion"},{"floor":24.0,"key":"BloodPotion"},{"floor":28.0,"key":"Fire Potion"},{"floor":30.0,"key":"SkillPotion"},{"floor":31.0,"key":"LiquidBronze"},{"floor":33.0,"key":"Explosive Potion"},{"floor":35.0,"key":"FearPotion"},{"floor":36.0,"key":"AttackPotion"},{"floor":37.0,"key":"BloodPotion"},{"floor":44.0,"key":"Strength Potion"},{"floor":45.0,"key":"Regen Potion"},{"floor":46.0,"key":"FearPotion"},{"floor":55,"key":"Regen Potion"}],"is_trial":false,"path_per_floor":["M","M","?","T","M","R","?","R","T","M","M","$","?","E","R","B",null,"M","$","M","M","?","R","E","R","T","R","E","R","E","M","R","B",null,"M","M","?","M","?","R","$","R","T","M","M","M","$","M","R","B","B",null,"R","$","E","B"],"character_chosen":"IRONCLAD","items_purchased":["Finesse+1","Shrug It Off+1","Bottled Lightning","ClockworkSouvenir"],"campfire_rested":1,"item_purchase_floors":[12,19,41,47],"current_hp_per_floor":[54,52,29,29,23,23,23,23,23,28,30,30,30,24,24,30,64,62,62,60,66,59,59,15,15,15,15,29,29,26,23,60,24,62,57,57,40,40,40,40,40,40,40,58,56,68,68,68,68,48,35,65,65,65,26,0],"gold":84,"neow_bonus":"ONE_RARE_RELIC","is_prod":false,"is_daily":false,"chose_seed":false,"campfire_upgraded":9,"win_rate":0,"timestamp":1562455903,"path_taken":["M","?","?","?","M","R","?","R","T","M","M","$","?","E","R","BOSS","M","$","M","M","?","R","E","R","T","R","E","R","E","M","R","BOSS","M","?","?","M","?","R","$","R","T","M","M","M","$","M","R","BOSS","BOSS","R","$","E","BOSS"],"build_version":"2019-07-05","purchased_purges":5,"victory":false,"max_hp_per_floor":[75,75,75,75,75,75,75,75,75,75,75,75,75,75,75,75,75,75,75,75,75,75,75,75,75,75,75,75,75,75,75,75,75,75,75,75,75,75,75,75,75,75,75,75,75,75,75,75,75,75,75,75,75,75,75,75],"card_choices":[{"not_picked":["Clash","Heavy Blade"],"picked":"Searing Blow","floor":1.0},{"not_picked":["Intimidate","Warcry"],"picked":"True Grit","floor":2.0},{"not_picked":["Flex","Pummel"],"picked":"Battle Trance","floor":5.0},{"not_picked":["Carnage","Perfected Strike"],"picked":"Havoc+1","floor":10.0},{"not_picked":["Anger","Clash","Thunderclap"],"picked":"SKIP","floor":11.0},{"not_picked":["Limit Break+1","Flex+1"],"picked":"Armaments+1","floor":14.0},{"not_picked":["Clothesline","Flex+1"],"picked":"Entrench+1","floor":18.0},{"not_picked":["Clash","Hemokinesis+1","Inflame"],"picked":"SKIP","floor":20.0},{"not_picked":["Clash","Wild Strike+1"],"picked":"Flame Barrier+1","floor":21.0},{"not_picked":["Exhume+1","Flex+1"],"picked":"Disarm+1","floor":24.0},{"not_picked":["Whirlwind","Pummel","Bludgeon"],"picked":"SKIP","floor":28.0},{"not_picked":["Cleave","Limit Break+1"],"picked":"Havoc+1","floor":30.0},{"not_picked":["Power Through+1","Headbutt+1"],"picked":"Dual Wield+1","floor":31.0},{"not_picked":["Iron Wave","Power Through+1"],"picked":"True Grit+1","floor":32.0},{"not_picked":["Reaper","Berserk"],"picked":"Offering+1","floor":33.0},{"not_picked":["Inflame+1","Perfected Strike","Flex+1"],"picked":"SKIP","floor":35.0},{"not_picked":["Clothesline","Twin Strike","Fire Breathing"],"picked":"SKIP","floor":36.0},{"not_picked":["Brutality","Pummel"],"picked":"Corruption","floor":38.0},{"not_picked":["Headbutt","Clash","True Grit+1"],"picked":"SKIP","floor":44.0},{"not_picked":["Cleave","Flex+1"],"picked":"Pommel Strike+1","floor":45.0},{"not_picked":["Sword Boomerang","Pommel Strike","Immolate"],"picked":"SKIP","floor":46.0},{"not_picked":["Inflame","Clash+1","Shrug It Off+1"],"picked":"SKIP","floor":48.0},{"not_picked":["Pommel Strike+1","Heavy Blade+1","Thunderclap+1"],"picked":"SKIP","floor":55}],"player_experience":1311633,"relics_obtained":[{"floor":4.0,"key":"Dream Catcher"},{"floor":9.0,"key":"Toxic Egg 2"},{"floor":14.0,"key":"Gremlin Horn"},{"floor":24.0,"key":"Regal Pillow"},{"floor":26.0,"key":"Smiling Mask"},{"floor":28.0,"key":"Peace Pipe"},{"floor":30.0,"key":"Old Coin"},{"floor":37.0,"key":"Ice Cream"},{"floor":55,"key":"Pen Nib"}],"event_choices":[{"damage_healed":0.0,"max_hp_gain":0.0,"max_hp_loss":0.0,"gold_gain":0.0,"event_name":"Shining Light","player_choice":"Entered Light","floor":3.0,"gold_loss":0.0,"damage_taken":23.0,"cards_upgraded":["True Grit","Bash"]},{"damage_healed":0.0,"max_hp_gain":0.0,"max_hp_loss":0.0,"gold_gain":0.0,"event_name":"Living Wall","player_choice":"Grow","floor":7.0,"gold_loss":0.0,"damage_taken":0.0,"cards_upgraded":["Searing Blow"]},{"cards_removed":["Strike_R"],"damage_healed":0.0,"max_hp_gain":0.0,"max_hp_loss":0.0,"gold_gain":0.0,"event_name":"Bonfire Elementals","player_choice":"Offered Basic","floor":13.0,"gold_loss":0.0,"damage_taken":0.0},{"damage_healed":0.0,"max_hp_gain":0.0,"max_hp_loss":0.0,"gold_gain":0.0,"event_name":"Knowing Skull","player_choice":"","floor":22.0,"potions_obtained":[],"gold_loss":0.0,"damage_taken":7.0,"cards_obtained":[]},{"damage_healed":0.0,"max_hp_gain":0.0,"max_hp_loss":0.0,"gold_gain":0.0,"event_name":"Mysterious Sphere","player_choice":"Fight","floor":37.0,"gold_loss":0.0,"damage_taken":0.0},{"damage_healed":0.0,"max_hp_gain":0.0,"max_hp_loss":0.0,"gold_gain":0.0,"event_name":"Wheel of Change","player_choice":"Cursed","floor":39.0,"gold_loss":0.0,"damage_taken":0.0,"cards_obtained":["Decay"]}],"is_beta":false,"boss_relics":[{"not_picked":["Mark of Pain","Eternal Feather"],"picked":"White Beast Statue"},{"not_picked":["Astrolabe","Lizard Tail"],"picked":"Empty Cage"}],"items_purged_floors":[12,19,41,47,54],"is_endless":false,"potions_floor_spawned":[5,14,18,20,21,24,28,30,31,33,35,36,37,38,44,45,46,48,55],"killed_by":"The Heart","ascension_level":20}