{"gold_per_floor":[118,131,148,148,148,148,183,204,204,248,248,3,3,19,19,145,145,145,145,145,145,145,145,145,88,88,88,13,13,13,13,13,13,13,13,13,13,13,13,13,13,13,13,13,13,13,13,13,13,13],"floor_reached":51,"playtime":2341,"items_purged":["Strike_R"],"score":775,"play_id":"6abbf59e-46f8-4028-a61b-f95c89a6dc68","local_time":"20190703233639","is_ascension_mode":false,"campfire_choices":[{"data":"Bludgeon","floor":6,"key":"SMITH"},{"data":"Shockwave","floor":11,"key":"SMITH"},{"data":"Metallicize","floor":13,"key":"SMITH"},{"data":"Shrug It Off","floor":15,"key":"SMITH"},{"data":"Demon Form","floor":24,"key":"SMITH"},{"data":"Battle Trance","floor":27,"key":"SMITH"},{"data":"Limit Break","floor":32,"key":"SMITH"},{"data":"Metallicize","floor":40,"key":"SMITH"},{"data":"Limit Break","floor":44,"key":"SMITH"},{"data":"Offering","floor":49,"key":"SMITH"}],"neow_cost":"NONE","seed_source_timestamp":1049446357975591,"circlet_count":0,"master_deck":["Strike_R+1","Strike_R","Defend_R","Defend_R","Defend_R","Defend_R+1","Bash","Anger+1","Sword Boomerang","Thunderclap+1","Bludgeon+1","Shockwave+1","Shrug It Off+1","Headbutt","Shrug It Off","Metallicize+1","Demon Form+1","Metallicize+1","Limit Break+1","Battle Trance+1","Evolve+1","Feed","Reaper","Spot Weakness+1","Shockwave+1","Armaments+1","Metallicize+1","Limit Break+1","Offering+1"],"relics":["Burning Blood","Golden Idol","Dream Catcher","Whetstone","Mercury Hourglass","Lantern","Ectoplasm","Regal Pillow","Bronze Scales","Omamori","Bird Faced Urn","Black Star","Juzu Bracelet","Calipers","Bag of Preparation","Bag of Marbles"],"potions_floor_usage":[8,16,29,50,50,50],"damage_taken":[{"damage":0,"enemies":"2 Louse","floor":1,"turns":3},{"damage":0,"enemies":"Small Slimes","floor":2,"turns":3},{"damage":6,"enemies":"Cultist","floor":3,"turns":3},{"damage":19,"enemies":"3 Sentries","floor":7,"turns":5},{"damage":0,"enemies":"Large Slime","floor":8,"turns":3},{"damage":8,"enemies":"Lagavulin","floor":10,"turns":6},{"damage":0,"enemies":"Lots of Slimes","floor":14,"turns":3},{"damage":9,"enemies":"The Guardian","floor":16,"turns":9},{"damage":0,"enemies":"Spheric Guardian","floor":18,"turns":3},{"damage":7,"enemies":"Shell Parasite","floor":19,"turns":4},{"damage":16,"enemies":"Slavers","floor":23,"turns":4},{"damage":0,"enemies":"Centurion and Healer","floor":29,"turns":4},{"damage":3,"enemies":"Book of Stabbing","floor":30,"turns":4},{"damage":0,"enemies":"Snecko","floor":31,"turns":3},{"damage":61,"enemies":"Champ","floor":33,"turns":10},{"damage":20,"enemies":"3 Darklings","floor":35,"turns":9},{"damage":0,"enemies":"3 Shapes","floor":37,"turns":4},{"damage":39,"enemies":"3 Darklings","floor":38,"turns":7},{"damage":18,"enemies":"Maw","floor":39,"turns":6},{"damage":9,"enemies":"Jaw Worm Horde","floor":41,"turns":5},{"damage":36,"enemies":"Reptomancer","floor":42,"turns":8},{"damage":31,"enemies":"3 Darklings","floor":47,"turns":7},{"damage":8,"enemies":"Donu and Deca","floor":50,"turns":7}],"seed_played":"-941445833384911704","potions_obtained":[{"floor":1,"key":"LiquidBronze"},{"floor":2,"key":"GamblersBrew"},{"floor":8,"key":"Fruit Juice"},{"floor":16,"key":"FearPotion"},{"floor":18,"key":"EssenceOfSteel"},{"floor":36,"key":"Ancient Potion"},{"floor":39,"key":"SpeedPotion"}],"is_trial":false,"path_per_floor":["M","M","M","?","?","R","E","M","T","E","R","$","R","M","R","B",null,"M","M","?","?","?","E","R","?","T","R","$","M","E","M","R","B",null,"M","?","M","M","M","R","M","E","T","R","T","?","M","?","R","B",null],"character_chosen":"IRONCLAD","items_purchased":["Lantern","Shrug It Off","Metallicize"],"campfire_rested":0,"item_purchase_floors":[12,12,12],"current_hp_per_floor":[80,80,80,60,44,44,31,42,42,40,40,40,40,46,46,43,85,85,84,84,84,84,74,74,74,74,74,74,80,83,85,85,34,85,78,78,91,91,83,83,98,76,76,76,76,76,101,101,101,105],"gold":13,"neow_bonus":"THREE_CARDS","is_prod":false,"is_daily":false,"chose_seed":false,"campfire_upgraded":10,"win_rate":1,"timestamp":1562164599,"path_taken":["M","M","M","?","?","R","E","M","T","E","R","$","R","M","R","BOSS","M","M","?","?","?","E","R","?","T","R","$","?","E","M","R","BOSS","M","?","?","M","?","R","M","E","T","R","?","?","M","?","R","BOSS"],"build_version":"2019-07-01","purchased_purges":1,"victory":true,"max_hp_per_floor":[80,80,80,80,80,80,80,85,85,85,85,85,85,85,85,85,85,85,85,85,85,85,85,85,85,85,85,85,85,85,85,85,85,85,88,88,91,91,95,95,98,101,101,101,101,101,101,101,101,105],"card_choices":[{"not_picked":["Warcry","Combust"],"picked":"Anger","floor":0},{"not_picked":["Twin Strike","Intimidate"],"picked":"Sword Boomerang","floor":1},{"not_picked":["Flex","Twin Strike"],"picked":"Thunderclap","floor":2},{"not_picked":["Fire Breathing","Rampage"],"picked":"Bludgeon","floor":3},{"not_picked":["Cleave","Sever Soul"],"picked":"Shockwave","floor":7},{"not_picked":["Infernal Blade","Rage"],"picked":"Shrug It Off","floor":8},{"not_picked":["Clash","Pommel Strike"],"picked":"Headbutt","floor":10},{"not_picked":["Sword Boomerang","Heavy Blade","Second Wind"],"picked":"SKIP","floor":14},{"not_picked":["Fiend Fire","Immolate"],"picked":"Demon Form","floor":16},{"not_picked":["Wild Strike","Perfected Strike","Infernal Blade"],"picked":"SKIP","floor":18},{"not_picked":["Headbutt+1","Rampage","Anger"],"picked":"SKIP","floor":19},{"not_picked":["Armaments","Second Wind+1","Cleave"],"picked":"SKIP","floor":23},{"not_picked":["Intimidate","Body Slam","Clash"],"picked":"SKIP","floor":29},{"not_picked":["Armaments","Clash"],"picked":"Evolve+1","floor":30},{"not_picked":["Armaments","Wild Strike+1"],"picked":"Feed","floor":31},{"not_picked":["Feed","Juggernaut"],"picked":"Reaper","floor":33},{"not_picked":["Body Slam+1","Flex+1"],"picked":"Spot Weakness+1","floor":35},{"not_picked":["Armaments","Reckless Charge+1"],"picked":"Shockwave+1","floor":37},{"not_picked":["Pummel+1","Perfected Strike"],"picked":"Armaments+1","floor":38},{"not_picked":["Heavy Blade+1","Shrug It Off"],"picked":"Metallicize+1","floor":39},{"not_picked":["Battle Trance","True Grit+1"],"picked":"Limit Break","floor":41},{"not_picked":["Rupture+1","Sword Boomerang+1"],"picked":"Offering","floor":42},{"not_picked":["Sword Boomerang","Perfected Strike","Twin Strike+1"],"picked":"SKIP","floor":47}],"player_experience":1519649,"relics_obtained":[{"floor":7,"key":"Dream Catcher"},{"floor":9,"key":"Whetstone"},{"floor":10,"key":"Mercury Hourglass"},{"floor":23,"key":"Regal Pillow"},{"floor":26,"key":"Omamori"},{"floor":30,"key":"Bird Faced Urn"},{"floor":42,"key":"Juzu Bracelet"},{"floor":42,"key":"Calipers"},{"floor":43,"key":"Bag of Preparation"},{"floor":45,"key":"Bag of Marbles"}],"event_choices":[{"damage_healed":0,"gold_gain":0,"player_choice":"Take Damage","damage_taken":20,"relics_obtained":["Golden Idol"],"max_hp_gain":0,"max_hp_loss":0,"event_name":"Golden Idol","floor":4,"gold_loss":0},{"damage_healed":0,"gold_gain":0,"player_choice":"Entered Light","damage_taken":16,"max_hp_gain":0,"max_hp_loss":0,"event_name":"Shining Light","floor":5,"gold_loss":0,"cards_upgraded":["Thunderclap","Defend_R"]},{"damage_healed":0,"gold_gain":0,"cards_transformed":["Strike_R","Strike_R"],"player_choice":"Became Test Subject","damage_taken":0,"max_hp_gain":0,"max_hp_loss":0,"event_name":"Drug Dealer","floor":20,"gold_loss":0,"cards_obtained":["Metallicize","Limit Break"]},{"damage_healed":0,"gold_gain":0,"player_choice":"Read","damage_taken":0,"max_hp_gain":0,"max_hp_loss":0,"event_name":"The Library","floor":21,"gold_loss":0,"cards_obtained":["Battle Trance"]},{"damage_healed":0,"gold_gain":0,"player_choice":"Ignored","damage_taken":0,"max_hp_gain":0,"max_hp_loss":0,"event_name":"Ghosts","floor":22,"gold_loss":0},{"damage_healed":0,"gold_gain":0,"player_choice":"Paid Gold","damage_taken":0,"relics_obtained":["Bronze Scales"],"max_hp_gain":0,"max_hp_loss":0,"event_name":"WeMeetAgain","floor":25,"gold_loss":57},{"damage_healed":0,"gold_gain":0,"player_choice":"Got Potions","damage_taken":0,"max_hp_gain":0,"max_hp_loss":0,"event_name":"Lab","floor":36,"gold_loss":0},{"damage_healed":0,"gold_gain":0,"player_choice":"0 cards matched","damage_taken":0,"max_hp_gain":0,"max_hp_loss":0,"event_name":"Match and Keep!","floor":46,"gold_loss":0,"cards_obtained":[]},{"damage_healed":25,"gold_gain":0,"player_choice":"Writhe","damage_taken":0,"max_hp_gain":0,"max_hp_loss":0,"event_name":"Winding Halls","floor":48,"gold_loss":0,"cards_obtained":["Writhe"]}],"is_beta":false,"boss_relics":[{"not_picked":["Coffee Dripper","Black Blood"],"picked":"Ectoplasm"},{"not_picked":["Calling Bell","Cursed Key"],"picked":"Black Star"}],"items_purged_floors":[28],"is_endless":false,"potions_floor_spawned":[1,2,8,16,18,19,23,37,38,39],"ascension_level":0}