{"gold_per_floor":[115,7,7,82,82,115,115,141,141,154,154,170,181,216,216,291,291,307,307,307,324,324,324,357,357,357,372,399,324,324,352,352,352],"floor_reached":33,"playtime":2147,"items_purged":[],"score":763,"play_id":"1ee1568e-a8c0-4cb6-b0ac-aca6b567c19d","local_time":"20190701210632","is_ascension_mode":true,"campfire_choices":[{"data":"Neutralize","floor":7.0,"key":"SMITH"},{"floor":11.0,"key":"REST"},{"data":"Noxious Fumes","floor":15.0,"key":"SMITH"},{"floor":23.0,"key":"REST"},{"floor":25.0,"key":"REST"},{"floor":30.0,"key":"DIG"},{"data":"Catalyst","floor":32,"key":"SMITH"}],"neow_cost":"NONE","seed_source_timestamp":0,"circlet_count":0,"master_deck":["AscendersBane","Strike_G+1","Strike_G+1","Defend_G+1","Defend_G+1","Defend_G+1","Defend_G+1","Defend_G+1","Survivor+1","Neutralize+1","Sucker Punch","Quick Slash","Noxious Fumes+1","Leg Sweep","Dash","Deadly Poison","Adrenaline+1","Unload","Envenom","Deflect+1","Catalyst+1"],"special_seed":0,"relics":["Ring of the Snake","NeowsBlessing","Shovel","PreservedInsect","Ninja Scroll","Singing Bowl","Black Star","Juzu Bracelet","The Specimen","Shuriken","Mango","War Paint","Potion Belt","Ornamental Fan","Bag of Marbles"],"potions_floor_usage":[33],"damage_taken":[{"damage":0.0,"enemies":"Jaw Worm","floor":1.0,"turns":1.0},{"damage":0.0,"enemies":"3 Sentries","floor":6.0,"turns":1.0},{"damage":0.0,"enemies":"Gremlin Nob","floor":8.0,"turns":1.0},{"damage":0.0,"enemies":"Small Slimes","floor":10.0,"turns":3.0},{"damage":0.0,"enemies":"Cultist","floor":12.0,"turns":3.0},{"damage":3.0,"enemies":"Exordium Wildlife","floor":13.0,"turns":6.0},{"damage":7.0,"enemies":"Lagavulin","floor":14.0,"turns":5.0},{"damage":13.0,"enemies":"Slime Boss","floor":16.0,"turns":9.0},{"damage":27.0,"enemies":"Shell Parasite","floor":18.0,"turns":12.0},{"damage":12.0,"enemies":"Chosen","floor":21.0,"turns":5.0},{"damage":5.0,"enemies":"Gremlin Leader","floor":24.0,"turns":7.0},{"damage":8.0,"enemies":"Centurion and Healer","floor":27.0,"turns":8.0},{"damage":3.0,"enemies":"Slavers","floor":28.0,"turns":4.0},{"damage":18,"enemies":"Gremlin Leader","floor":31,"turns":6},{"damage":62,"enemies":"Collector","floor":33,"turns":6}],"seed_played":"7352194983752761787","potions_obtained":[{"floor":6.0,"key":"Explosive Potion"},{"floor":12.0,"key":"Fire Potion"},{"floor":18.0,"key":"EssenceOfSteel"},{"floor":28.0,"key":"Energy Potion"}],"is_trial":false,"path_per_floor":["M","$","?","?","$","E","R","E","T","M","R","M","M","E","R","B",null,"M","?","?","M","?","R","E","R","T","M","E","?","R","E","R","B"],"character_chosen":"THE_SILENT","items_purchased":["Fire Potion","Quick Slash"],"campfire_rested":3,"item_purchase_floors":[2,2],"current_hp_per_floor":[59,59,39,28,28,28,28,28,28,28,47,47,44,39,39,26,58,33,33,33,23,23,44,41,63,63,55,66,66,66,50,50,0],"gold":352,"neow_bonus":"THREE_ENEMY_KILL","is_prod":false,"is_daily":false,"chose_seed":false,"campfire_upgraded":3,"win_rate":0,"timestamp":1562029592,"path_taken":["M","$","?","?","?","E","R","E","T","M","R","?","M","E","R","BOSS","M","?","?","M","?","R","E","R","T","M","E","?","R","E","R","BOSS"],"build_version":"2019-07-01","purchased_purges":0,"victory":false,"max_hp_per_floor":[66,66,66,66,66,66,66,66,66,66,66,66,66,68,68,68,68,70,70,70,72,72,72,74,74,74,74,88,88,88,90,90,90],"card_choices":[{"not_picked":["Outmaneuver","Prepared"],"picked":"Sucker Punch","floor":1.0},{"not_picked":["Blade Dance","Underhanded Strike","Accuracy"],"picked":"SKIP","floor":6.0},{"not_picked":["Crippling Poison","PiercingWail"],"picked":"Noxious Fumes","floor":8.0},{"not_picked":["Blade Dance","PiercingWail"],"picked":"Leg Sweep","floor":10.0},{"not_picked":["Acrobatics","Deadly Poison"],"picked":"Dash","floor":12.0},{"not_picked":["Tools of the Trade","All Out Attack"],"picked":"Deadly Poison","floor":13.0},{"not_picked":["Sucker Punch","Expertise","Eviscerate"],"picked":"Singing Bowl","floor":14.0},{"not_picked":["Unload","Grand Finale"],"picked":"Adrenaline","floor":16.0},{"not_picked":["Slice+1","Poisoned Stab","Caltrops"],"picked":"Singing Bowl","floor":18.0},{"not_picked":["Dagger Throw+1","Cloak And Dagger","Dodge and Roll+1"],"picked":"Singing Bowl","floor":21.0},{"not_picked":["Acrobatics","Dagger Spray","Night Terror"],"picked":"Singing Bowl","floor":24.0},{"not_picked":["Tactician+1","Backflip"],"picked":"Deflect+1","floor":27.0},{"not_picked":["Underhanded Strike+1","Quick Slash"],"picked":"Catalyst","floor":28.0},{"not_picked":["Deflect","Leg Sweep","Cloak And Dagger"],"picked":"Singing Bowl","floor":31}],"player_experience":1258235,"relics_obtained":[{"floor":6.0,"key":"Shovel"},{"floor":8.0,"key":"PreservedInsect"},{"floor":9.0,"key":"Ninja Scroll"},{"floor":14.0,"key":"Singing Bowl"},{"floor":24.0,"key":"Juzu Bracelet"},{"floor":24.0,"key":"The Specimen"},{"floor":26.0,"key":"Shuriken"},{"floor":28.0,"key":"Mango"},{"floor":28.0,"key":"War Paint"},{"floor":30.0,"key":"Potion Belt"},{"floor":31,"key":"Ornamental Fan"},{"floor":31,"key":"Bag of Marbles"}],"event_choices":[{"damage_healed":0.0,"max_hp_gain":0.0,"max_hp_loss":0.0,"gold_gain":0.0,"event_name":"Shining Light","player_choice":"Entered Light","floor":3.0,"gold_loss":0.0,"damage_taken":20.0,"cards_upgraded":["Strike_G","Defend_G"]},{"damage_healed":0.0,"max_hp_gain":0.0,"max_hp_loss":0.0,"gold_gain":75.0,"event_name":"World of Goop","player_choice":"Gather Gold","floor":4.0,"gold_loss":0.0,"damage_taken":11.0},{"damage_healed":0.0,"max_hp_gain":0.0,"max_hp_loss":0.0,"gold_gain":0.0,"cards_transformed":["Strike_G","Strike_G"],"event_name":"Drug Dealer","player_choice":"Became Test Subject","floor":19.0,"gold_loss":0.0,"damage_taken":0.0,"cards_obtained":["Unload","Envenom"]},{"damage_healed":0.0,"max_hp_gain":0.0,"max_hp_loss":0.0,"gold_gain":0.0,"event_name":"Back to Basics","player_choice":"Simplicity","floor":20.0,"gold_loss":0.0,"damage_taken":0.0,"cards_upgraded":["Strike_G","Strike_G","Defend_G","Defend_G","Defend_G","Defend_G"]},{"damage_healed":0.0,"max_hp_gain":0.0,"max_hp_loss":0.0,"gold_gain":0.0,"event_name":"The Mausoleum","player_choice":"Ignored","floor":22.0,"gold_loss":0.0,"damage_taken":0.0},{"cards_removed":["Strike_G"],"damage_healed":0.0,"max_hp_gain":0.0,"max_hp_loss":0.0,"gold_gain":0.0,"event_name":"Beggar","player_choice":"Gave Gold","floor":29.0,"gold_loss":75.0,"damage_taken":0.0}],"is_beta":false,"boss_relics":[{"not_picked":["Cursed Key","White Beast Statue"],"picked":"Black Star"}],"items_purged_floors":[],"is_endless":false,"potions_floor_spawned":[6,12,14,18,28],"killed_by":"Collector","ascension_level":20}