{"gold_per_floor":[112,62,73,88,68,68,99,99,99,99,115,125,160,172,172,275,275,295,69,69,169,179,208,208,208,231,231,242,273,285,304,304,400,400,418,17,17,29,49,108,124,155,201,201,57,77,101,115,115,115,115,115,76,102,102],"floor_reached":56,"playtime":2780,"items_purged":["Strike_R","Shame"],"score":1234,"play_id":"a654ce29-d8b9-4260-a0fe-889f809086c5","local_time":"20190830225553","is_ascension_mode":false,"campfire_choices":[{"data":"Bash","floor":6.0,"key":"SMITH"},{"data":"Clothesline","floor":8.0,"key":"SMITH"},{"data":"Combust","floor":10.0,"key":"SMITH"},{"data":"Defend_R","floor":15.0,"key":"SMITH"},{"floor":27,"key":"REST"},{"floor":32,"key":"RECALL"},{"floor":49,"key":"REST"},{"floor":52,"key":"REST"}],"neow_cost":"NONE","seed_source_timestamp":878105639992900,"circlet_count":0,"master_deck":["Strike_R+1","Strike_R+1","Defend_R+1","Defend_R+1","Defend_R+1","Defend_R+1","Bash+1","Clothesline+1","Cleave","Thunderclap","Combust+1","Headbutt+1","Uppercut+1","Battle Trance","Bludgeon+1","Reaper+1","Impervious","Flex+1","Reaper+1","Shrug It Off","Spot Weakness","Exhume","Offering","Rage+1","True Grit+1","Impervious","Spot Weakness","Warcry","Evolve","Spot Weakness+1"],"special_seed":0,"relics":["Burning Blood","Self Forming Clay","Molten Egg 2","Boot","Fusion Hammer","Mummified Hand","Dodecahedron","PreservedInsect","Blue Candle","Philosopher\u0027s Stone","Potion Belt","Tiny Chest","Oddly Smooth Stone","Red Skull","Bronze Scales","Bottled Lightning"],"potions_floor_usage":[39,55,55,55,55],"damage_taken":[{"damage":7.0,"enemies":"Jaw Worm","floor":1.0,"turns":5.0},{"damage":0.0,"enemies":"2 Louse","floor":3.0,"turns":3.0},{"damage":6.0,"enemies":"Cultist","floor":4.0,"turns":3.0},{"damage":30.0,"enemies":"Lagavulin","floor":7.0,"turns":6.0},{"damage":2.0,"enemies":"Looter","floor":11.0,"turns":4.0},{"damage":8.0,"enemies":"Red Slaver","floor":12.0,"turns":3.0},{"damage":13.0,"enemies":"3 Sentries","floor":13.0,"turns":4.0},{"damage":0.0,"enemies":"Large Slime","floor":14.0,"turns":3.0},{"damage":19.0,"enemies":"The Guardian","floor":16.0,"turns":8.0},{"damage":2.0,"enemies":"Shell Parasite","floor":18.0,"turns":2.0},{"damage":4.0,"enemies":"Spheric Guardian","floor":22.0,"turns":3.0},{"damage":15.0,"enemies":"Book of Stabbing","floor":23.0,"turns":4.0},{"damage":0,"enemies":"3 Cultists","floor":28,"turns":4},{"damage":1,"enemies":"Gremlin Leader","floor":29,"turns":3},{"damage":1,"enemies":"Centurion and Healer","floor":30,"turns":4},{"damage":0,"enemies":"Snake Plant","floor":31,"turns":3},{"damage":49,"enemies":"Champ","floor":33,"turns":10},{"damage":6,"enemies":"Orb Walker","floor":35,"turns":2},{"damage":10,"enemies":"3 Shapes","floor":38,"turns":3},{"damage":14,"enemies":"Sphere and 2 Shapes","floor":39,"turns":3},{"damage":20,"enemies":"Giant Head","floor":40,"turns":7},{"damage":10,"enemies":"Transient","floor":41,"turns":5},{"damage":11,"enemies":"Reptomancer","floor":42,"turns":4},{"damage":20,"enemies":"4 Shapes","floor":46,"turns":4},{"damage":16,"enemies":"Maw","floor":48,"turns":7},{"damage":61,"enemies":"Donu and Deca","floor":50,"turns":9},{"damage":21,"enemies":"Shield and Spear","floor":54,"turns":3},{"damage":89,"enemies":"The Heart","floor":55,"turns":9}],"seed_played":"-1510259804134443489","potions_obtained":[{"floor":1.0,"key":"Regen Potion"},{"floor":3.0,"key":"LiquidBronze"},{"floor":5.0,"key":"SteroidPotion"},{"floor":22.0,"key":"PowerPotion"},{"floor":38,"key":"Explosive Potion"},{"floor":41,"key":"PowerPotion"},{"floor":42,"key":"EssenceOfSteel"}],"is_trial":false,"path_per_floor":["M","?","M","M","?","R","E","R","T","R","M","M","E","M","R","B",null,"M","$","?","?","M","E","?","?","T","R","M","E","M","M","R","B",null,"M","$","?","M","M","E","M","E","T","T","$","M","T","M","R","B",null,"R","$","E","B",null],"character_chosen":"IRONCLAD","items_purchased":["Impervious","Offering","Potion Belt","Impervious","Evolve"],"campfire_rested":3,"item_purchase_floors":[19,36,36,45,53],"current_hp_per_floor":[79,79,80,80,80,80,56,56,56,56,60,58,63,69,69,56,80,80,80,80,80,80,71,71,63,63,80,80,80,80,80,80,51,80,80,80,80,80,80,80,80,80,80,80,80,80,80,80,80,80,80,80,80,80,28],"gold":102,"neow_bonus":"REMOVE_CARD","is_prod":false,"is_daily":false,"chose_seed":false,"campfire_upgraded":4,"win_rate":0,"timestamp":1567173353,"path_taken":["M","?","M","M","?","R","E","R","T","R","M","M","E","M","R","BOSS","M","$","?","?","?","E","?","?","T","R","?","E","M","M","R","BOSS","M","$","?","M","M","E","M","E","T","?","$","M","?","?","R","BOSS","R","$","E","BOSS"],"build_version":"2019-07-17","purchased_purges":2,"victory":true,"max_hp_per_floor":[80,80,80,80,80,80,80,80,80,80,80,80,80,80,80,80,80,80,80,80,80,80,80,80,80,80,80,80,80,80,80,80,80,80,80,80,80,80,80,80,80,80,80,80,80,80,80,80,80,80,80,80,80,80,80],"card_choices":[{"not_picked":["Seeing Red","Feel No Pain"],"picked":"Clothesline","floor":1.0},{"not_picked":["True Grit","Pummel"],"picked":"Cleave","floor":3.0},{"not_picked":["Perfected Strike","Sword Boomerang"],"picked":"Thunderclap","floor":4.0},{"not_picked":["Fire Breathing","Corruption"],"picked":"Combust","floor":7.0},{"not_picked":["Anger+1","Pommel Strike+1"],"picked":"Headbutt+1","floor":11.0},{"not_picked":["Twin Strike+1","Thunderclap+1"],"picked":"Uppercut+1","floor":12.0},{"not_picked":["Bloodletting","Anger+1"],"picked":"Battle Trance","floor":13.0},{"not_picked":["Body Slam+1","Pommel Strike+1"],"picked":"Bludgeon+1","floor":14.0},{"not_picked":["Berserk","Bludgeon+1"],"picked":"Reaper+1","floor":16.0},{"not_picked":["Heavy Blade+1","Second Wind","Perfected Strike+1"],"picked":"SKIP","floor":18.0},{"not_picked":["Entrench","Clothesline+1","Heavy Blade+1"],"picked":"SKIP","floor":22.0},{"not_picked":["Power Through","Juggernaut"],"picked":"Flex+1","floor":23.0},{"not_picked":["True Grit","Cleave+1","Heavy Blade+1"],"picked":"SKIP","floor":28},{"not_picked":["Corruption+1","Shrug It Off+1"],"picked":"Reaper+1","floor":29},{"not_picked":["Twin Strike+1","Combust"],"picked":"Shrug It Off","floor":30},{"not_picked":["Metallicize","Twin Strike+1"],"picked":"Spot Weakness","floor":31},{"not_picked":["Fiend Fire+1","Dark Embrace"],"picked":"Exhume","floor":33},{"not_picked":["Sword Boomerang+1","Hemokinesis+1"],"picked":"Warcry","floor":35},{"not_picked":["Perfected Strike+1","Headbutt+1","Havoc"],"picked":"SKIP","floor":38},{"not_picked":["Sword Boomerang+1","Anger+1","Armaments"],"picked":"SKIP","floor":39},{"not_picked":["Sword Boomerang+1","Second Wind+1"],"picked":"Rage+1","floor":40},{"not_picked":["Blood for Blood+1","Clothesline+1","Seeing Red"],"picked":"SKIP","floor":41},{"not_picked":["Bloodletting","Reckless Charge+1"],"picked":"True Grit+1","floor":42},{"not_picked":["Rage","Bloodletting+1"],"picked":"Spot Weakness","floor":46},{"not_picked":["Pommel Strike+1","Clothesline+1"],"picked":"Warcry","floor":48},{"not_picked":["Thunderclap+1","Perfected Strike+1"],"picked":"Spot Weakness+1","floor":54}],"player_experience":289946,"relics_obtained":[{"floor":7.0,"key":"Self Forming Clay"},{"floor":9.0,"key":"Molten Egg 2"},{"floor":13.0,"key":"Boot"},{"floor":23.0,"key":"Dodecahedron"},{"floor":26,"key":"PreservedInsect"},{"floor":29,"key":"Blue Candle"},{"floor":40,"key":"Tiny Chest"},{"floor":42,"key":"Oddly Smooth Stone"},{"floor":43,"key":"Red Skull"},{"floor":47,"key":"Bronze Scales"},{"floor":54,"key":"Bottled Lightning"}],"event_choices":[{"cards_removed":["Strike_R"],"damage_healed":0.0,"max_hp_gain":0.0,"max_hp_loss":0.0,"gold_gain":0.0,"event_name":"The Cleric","player_choice":"Card Removal","floor":2.0,"gold_loss":50.0,"damage_taken":0.0},{"damage_healed":0.0,"max_hp_gain":0.0,"max_hp_loss":0.0,"gold_gain":0.0,"event_name":"The Woman in Blue","player_choice":"Bought 1 Potion","floor":5.0,"gold_loss":0.0,"damage_taken":0.0},{"damage_healed":0.0,"max_hp_gain":0.0,"max_hp_loss":0.0,"gold_gain":0.0,"event_name":"Addict","player_choice":"Stole Relic","floor":20.0,"gold_loss":0.0,"damage_taken":0.0,"relics_obtained":["Mummified Hand"],"cards_obtained":["Shame"]},{"damage_healed":0.0,"max_hp_gain":0.0,"max_hp_loss":0.0,"gold_gain":100.0,"event_name":"Golden Shrine","player_choice":"Pray","floor":21.0,"gold_loss":0.0,"damage_taken":0.0},{"damage_healed":0.0,"max_hp_gain":0.0,"max_hp_loss":0.0,"gold_gain":0.0,"event_name":"Back to Basics","player_choice":"Simplicity","floor":24.0,"gold_loss":0.0,"damage_taken":0.0,"cards_upgraded":["Strike_R","Strike_R","Defend_R","Defend_R","Defend_R"]},{"damage_healed":0,"gold_gain":0,"player_choice":"Damaged","damage_taken":8,"max_hp_gain":0,"max_hp_loss":0,"event_name":"Wheel of Change","floor":25,"gold_loss":0},{"cards_removed":["Warcry"],"damage_healed":0,"gold_gain":0,"player_choice":"Removed Skill","damage_taken":0,"max_hp_gain":0,"max_hp_loss":0,"event_name":"Falling","floor":37,"gold_loss":0}],"is_beta":false,"boss_relics":[{"not_picked":["Lizard Tail","Cursed Key"],"picked":"Fusion Hammer"},{"not_picked":["Mark of Pain","Empty Cage"],"picked":"Philosopher\u0027s Stone"}],"items_purged_floors":[19,36],"is_endless":false,"potions_floor_spawned":[1,3,7,22,23,29,33,38,41,42,46],"ascension_level":0}