{"gold_per_floor":[113,113,188,206,131,163,63,75,100,117,117,117,117,132,132,258,258,276,125,148,188,287,287,287,46,97,116,116,141,141,165,165,293,293,312,33,49,67,82,82,82,82,107,107,123,147,172,188,188,188],"floor_reached":50,"playtime":2493,"items_purged":["Defend_B","Strike_B","Defend_B","Strike_B","Defend_B"],"score":446,"play_id":"6da29712-e7ba-4bc5-a393-07e2a1ecd4f5","local_time":"20190826115825","is_ascension_mode":false,"campfire_choices":[{"floor":12,"key":"REST"},{"floor":15,"key":"REST"},{"floor":23,"key":"REST"},{"data":"Creative AI","floor":28,"key":"SMITH"},{"floor":32,"key":"REST"},{"floor":40,"key":"REST"},{"data":"Zap","floor":42,"key":"SMITH"},{"data":"Defragment","floor":44,"key":"SMITH"},{"floor":49,"key":"REST"}],"neow_cost":"NONE","seed_source_timestamp":98457928378400,"circlet_count":0,"master_deck":["Defend_B+1","Zap+1","Gash","Conserve Battery","Auto Shields+1","Tempest","Ball Lightning","Creative AI+1","Conserve Battery","Coolheaded+1","Strike_B","Redo+1","Scrape+1","Gash","Go for the Eyes","Defragment+1","Steam Power+1","Parasite","Auto Shields+1","Reinforced Body+1","Ball Lightning+1"],"relics":["Cracked Core","Boot","Strawberry","Golden Idol","Busted Crown","Red Mask","The Courier","Dream Catcher","Oddly Smooth Stone","Empty Cage","Unceasing Top","Lantern"],"potions_floor_usage":[48,50,50],"damage_taken":[{"damage":0,"enemies":"Cultist","floor":1,"turns":3},{"damage":0,"enemies":"Small Slimes","floor":4,"turns":3},{"damage":32,"enemies":"3 Sentries","floor":6,"turns":9},{"damage":2,"enemies":"2 Louse","floor":8,"turns":4},{"damage":1,"enemies":"2 Fungi Beasts","floor":10,"turns":3},{"damage":7,"enemies":"Blue Slaver","floor":14,"turns":3},{"damage":32,"enemies":"Hexaghost","floor":16,"turns":11},{"damage":18,"enemies":"3 Byrds","floor":18,"turns":5},{"damage":9,"enemies":"Spheric Guardian","floor":20,"turns":4},{"damage":50,"enemies":"Masked Bandits","floor":21,"turns":6},{"damage":1,"enemies":"Snake Plant","floor":27,"turns":5},{"damage":0,"enemies":"Snecko","floor":29,"turns":6},{"damage":19,"enemies":"3 Cultists","floor":31,"turns":7},{"damage":10,"enemies":"Champ","floor":33,"turns":12},{"damage":19,"enemies":"3 Shapes","floor":35,"turns":6},{"damage":10,"enemies":"3 Darklings","floor":37,"turns":4},{"damage":5,"enemies":"Maw","floor":38,"turns":7},{"damage":0,"enemies":"Writhing Mass","floor":39,"turns":7},{"damage":3,"enemies":"3 Darklings","floor":45,"turns":6},{"damage":23,"enemies":"Spire Growth","floor":46,"turns":5},{"damage":12,"enemies":"Maw","floor":47,"turns":7},{"damage":14,"enemies":"Transient","floor":48,"turns":5},{"damage":47,"enemies":"Donu and Deca","floor":50,"turns":8}],"seed_played":"-4398936416963368237","potions_obtained":[{"floor":6,"key":"Ancient Potion"},{"floor":10,"key":"AttackPotion"},{"floor":14,"key":"AttackPotion"},{"floor":31,"key":"FocusPotion"}],"is_trial":false,"path_per_floor":["M","?","?","M","$","E","$","M","T","M","?","R","?","M","R","B",null,"M","$","M","?","?","R","T","$","T","M","R","M","?","M","R","B",null,"M","$","M","M","M","R","T","R","T","R","M","M","M","M","R","B"],"character_chosen":"DEFECT","items_purchased":["Conserve Battery","Dream Catcher","Gash","Go for the Eyes","Defragment"],"campfire_rested":6,"item_purchase_floors":[19,25,36,36,36],"current_hp_per_floor":[75,68,57,57,57,32,32,37,44,50,30,54,38,38,62,37,82,71,71,69,26,26,50,50,50,50,56,56,63,63,44,68,58,82,63,63,53,48,48,72,72,72,72,72,69,46,34,20,44,0],"gold":188,"neow_bonus":"THREE_CARDS","is_prod":false,"is_daily":false,"chose_seed":false,"campfire_upgraded":3,"win_rate":0,"timestamp":1566813505,"path_taken":["M","?","?","M","$","E","$","M","T","M","?","R","?","M","R","BOSS","M","$","M","?","?","R","?","$","T","M","R","M","?","M","R","BOSS","M","$","M","M","?","R","?","R","T","R","M","M","M","?","R","BOSS"],"build_version":"2019-07-17","purchased_purges":5,"victory":false,"max_hp_per_floor":[75,75,75,75,75,75,75,75,82,82,82,82,82,82,82,82,82,82,82,82,82,82,82,82,82,82,82,82,82,82,82,82,82,82,82,82,82,82,82,82,82,82,82,82,82,82,82,82,82,82],"card_choices":[{"not_picked":["Ball Lightning","Self Repair"],"picked":"Gash","floor":0},{"not_picked":["Coolheaded","Skim"],"picked":"Conserve Battery","floor":1},{"not_picked":["Consume","Redo"],"picked":"Self Repair","floor":4},{"not_picked":["Darkness","Steam Power"],"picked":"Auto Shields","floor":6},{"not_picked":["Reprogram","Redo","Coolheaded"],"picked":"SKIP","floor":8},{"not_picked":["Beam Cell","Storm"],"picked":"Tempest","floor":10},{"not_picked":["Hologram","Recycle"],"picked":"Ball Lightning","floor":14},{"not_picked":["Core Surge","All For One"],"picked":"Creative AI","floor":16},{"not_picked":["Streamline"],"picked":"SKIP","floor":18},{"not_picked":["Streamline"],"picked":"SKIP","floor":20},{"not_picked":[],"picked":"Coolheaded+1","floor":21},{"not_picked":["Compile Driver"],"picked":"SKIP","floor":27},{"not_picked":["Recycle+1"],"picked":"SKIP","floor":29},{"not_picked":[],"picked":"Redo+1","floor":31},{"not_picked":[],"picked":"Scrape+1","floor":35},{"not_picked":["Chaos"],"picked":"SKIP","floor":37},{"not_picked":[],"picked":"Steam Power+1","floor":38},{"not_picked":["Storm"],"picked":"SKIP","floor":39},{"not_picked":[],"picked":"Auto Shields+1","floor":40},{"not_picked":["Hologram"],"picked":"SKIP","floor":45},{"not_picked":[],"picked":"Reinforced Body+1","floor":46},{"not_picked":["Streamline"],"picked":"SKIP","floor":47},{"not_picked":[],"picked":"Ball Lightning+1","floor":48}],"player_experience":367257,"relics_obtained":[{"floor":6,"key":"Boot"},{"floor":9,"key":"Strawberry"},{"floor":21,"key":"Red Mask"},{"floor":24,"key":"The Courier"},{"floor":26,"key":"Oddly Smooth Stone"},{"floor":41,"key":"Unceasing Top"},{"floor":43,"key":"Lantern"}],"event_choices":[{"cards_removed":["Strike_B"],"damage_healed":0,"gold_gain":0,"player_choice":"Card Removal","damage_taken":7,"max_hp_gain":0,"max_hp_loss":0,"event_name":"Golden Wing","floor":2,"gold_loss":0},{"damage_healed":0,"gold_gain":75,"player_choice":"Gather Gold","damage_taken":11,"max_hp_gain":0,"max_hp_loss":0,"event_name":"World of Goop","floor":3,"gold_loss":0},{"damage_healed":0,"gold_gain":0,"player_choice":"Take Damage","damage_taken":20,"relics_obtained":["Golden Idol"],"max_hp_gain":0,"max_hp_loss":0,"event_name":"Golden Idol","floor":11,"gold_loss":0},{"damage_healed":0,"gold_gain":0,"player_choice":"Entered Light","damage_taken":16,"max_hp_gain":0,"max_hp_loss":0,"event_name":"Shining Light","floor":13,"gold_loss":0,"cards_upgraded":["Auto Shields","Defend_B"]},{"damage_healed":0,"gold_gain":0,"player_choice":"Fought Bandits","damage_taken":0,"max_hp_gain":0,"max_hp_loss":0,"event_name":"Masked Bandits","floor":21,"gold_loss":0},{"damage_healed":0,"gold_gain":99,"player_choice":"Stole From Cult","damage_taken":0,"max_hp_gain":0,"max_hp_loss":0,"event_name":"Nest","floor":22,"gold_loss":0},{"cards_removed":["Self Repair"],"damage_healed":0,"gold_gain":0,"player_choice":"Took Card","damage_taken":0,"max_hp_gain":0,"max_hp_loss":0,"event_name":"NoteForYourself","floor":30,"gold_loss":0,"cards_obtained":["Strike_B"]}],"is_beta":false,"boss_relics":[{"not_picked":["Lizard Tail","Pandora\u0027s Box"],"picked":"Busted Crown"},{"not_picked":["Snecko Eye","Inserter"],"picked":"Empty Cage"}],"items_purged_floors":[5,7,19,25,36],"is_endless":false,"potions_floor_spawned":[6,10,14,18,20,31,33,37,38,39,46,47],"killed_by":"Donu and Deca","ascension_level":0}