{"gold_per_floor":[211,286,306,324,6,40,40,40,64,89,89,89],"floor_reached":12,"playtime":302,"items_purged":["Strike_B"],"score":172,"play_id":"1050be39-b1bc-4595-a936-73a56724deaa","local_time":"20190627191822","is_ascension_mode":true,"campfire_choices":[{"floor":8.0,"key":"REST"}],"neow_cost":"NONE","seed_source_timestamp":601394261317600,"circlet_count":0,"master_deck":["AscendersBane","Strike_B","Strike_B","Strike_B","Defend_B","Defend_B","Defend_B","Defend_B","Zap+1","Dualcast","Loop","Genetic Algorithm","Doom and Gloom","Darkness","Doom and Gloom","Conserve Battery"],"special_seed":0,"relics":["Cracked Core","Strawberry","Dream Catcher","Oddly Smooth Stone","Vajra"],"potions_floor_usage":[10],"damage_taken":[{"damage":7.0,"enemies":"Jaw Worm","floor":1.0,"turns":4.0},{"damage":0.0,"enemies":"2 Louse","floor":3.0,"turns":4.0},{"damage":3.0,"enemies":"Small Slimes","floor":4.0,"turns":4.0},{"damage":33.0,"enemies":"Gremlin Nob","floor":6.0,"turns":4.0},{"damage":38,"enemies":"3 Sentries","floor":10,"turns":6},{"damage":6,"enemies":"Exordium Thugs","floor":12,"turns":1}],"seed_played":"-4598442995592372174","potions_obtained":[{"floor":3.0,"key":"PowerPotion"},{"floor":4.0,"key":"Strength Potion"}],"is_trial":false,"path_per_floor":["M","?","M","M","$","E","?","R","T","E","?","M"],"character_chosen":"DEFECT","items_purchased":["Strawberry","Doom and Gloom"],"campfire_rested":1,"item_purchase_floors":[5,5],"current_hp_per_floor":[57,46,46,43,50,17,17,40,40,2,2,0],"gold":89,"neow_bonus":"HUNDRED_GOLD","is_prod":false,"is_daily":false,"chose_seed":false,"campfire_upgraded":0,"win_rate":0,"timestamp":1561677502,"path_taken":["M","?","M","M","$","E","?","R","T","E","?","M"],"build_version":"2019-01-23","purchased_purges":1,"victory":false,"max_hp_per_floor":[71,71,71,71,78,78,78,78,78,78,78,78],"card_choices":[{"not_picked":["Coolheaded","Steam"],"picked":"Loop","floor":1.0},{"not_picked":["Glacier","Redo"],"picked":"Genetic Algorithm","floor":3.0},{"not_picked":["Barrage","Heatsinks","Blizzard"],"picked":"SKIP","floor":4.0},{"not_picked":["Beam Cell","Recycle"],"picked":"Darkness","floor":6.0},{"not_picked":["Stack","Compile Driver"],"picked":"Doom and Gloom","floor":8.0},{"not_picked":["Hologram","FTL"],"picked":"Conserve Battery","floor":10}],"player_experience":1233324,"relics_obtained":[{"floor":6.0,"key":"Dream Catcher"},{"floor":9.0,"key":"Oddly Smooth Stone"},{"floor":10,"key":"Vajra"}],"event_choices":[{"damage_healed":0.0,"max_hp_gain":0.0,"max_hp_loss":0.0,"gold_gain":75.0,"event_name":"World of Goop","player_choice":"Gather Gold","floor":2.0,"gold_loss":0.0,"damage_taken":11.0},{"damage_healed":0.0,"max_hp_gain":0.0,"max_hp_loss":0.0,"gold_gain":0.0,"event_name":"Shining Light","player_choice":"Ignored","floor":7.0,"gold_loss":0.0,"damage_taken":0.0},{"damage_healed":0,"gold_gain":0,"player_choice":"Forge","damage_taken":0,"max_hp_gain":0,"max_hp_loss":0,"event_name":"Accursed Blacksmith","floor":11,"gold_loss":0,"cards_upgraded":["Zap"]}],"is_beta":false,"boss_relics":[],"items_purged_floors":[5],"is_endless":false,"potions_floor_spawned":[3,4],"killed_by":"Exordium Thugs","ascension_level":20}