{"gold_per_floor":[12,25,25,39,39,39,54,82,82,82,102,102,121,121,121,216,216,234,234,246,246,161,161,193,35,35,48,48,48,68,100,100,100],"floor_reached":33,"playtime":1123,"items_purged":[],"score":620,"play_id":"33626c80-7adf-4b29-977a-02732545aeaa","local_time":"20190721104334","is_ascension_mode":true,"campfire_choices":[{"data":"Deadly Poison","floor":6.0,"key":"SMITH"},{"floor":10.0,"key":"REST"},{"floor":12.0,"key":"REST"},{"data":"A Thousand Cuts","floor":15.0,"key":"SMITH"},{"floor":23,"key":"REST"},{"data":"After Image","floor":29,"key":"SMITH"},{"data":"Burst","floor":32,"key":"SMITH"}],"neow_cost":"NO_GOLD","seed_source_timestamp":582830435203700,"circlet_count":0,"master_deck":["AscendersBane","Strike_G","Strike_G","Strike_G","Strike_G","Strike_G","Defend_G","Defend_G","Defend_G","Defend_G","Defend_G","Survivor","Neutralize+1","Burst+1","Slice","Quick Slash","Deadly Poison+1","Flying Knee","A Thousand Cuts+1","Backflip","Corpse Explosion","Cloak And Dagger","Deadly Poison","After Image+1","Writhe","Blade Dance+1","Parasite","Cloak And Dagger+1"],"special_seed":0,"relics":["Ring of the Snake","Smiling Mask","Bronze Scales","Bloody Idol","Cursed Key","Mercury Hourglass","Pantograph","Gremlin Horn","The Courier","Tingsha"],"potions_floor_usage":[16,16,18,31],"damage_taken":[{"damage":7.0,"enemies":"Jaw Worm","floor":1.0,"turns":5.0},{"damage":1.0,"enemies":"2 Louse","floor":2.0,"turns":2.0},{"damage":0.0,"enemies":"Cultist","floor":4.0,"turns":4.0},{"damage":5.0,"enemies":"3 Louse","floor":7.0,"turns":6.0},{"damage":25.0,"enemies":"Lagavulin","floor":8.0,"turns":7.0},{"damage":13.0,"enemies":"Exordium Wildlife","floor":11.0,"turns":3.0},{"damage":6.0,"enemies":"Large Slime","floor":13.0,"turns":6.0},{"damage":14,"enemies":"Slime Boss","floor":16,"turns":8},{"damage":18,"enemies":"Shell Parasite","floor":18,"turns":5},{"damage":19,"enemies":"2 Thieves","floor":20,"turns":3},{"damage":0,"enemies":"Gremlin Leader","floor":24,"turns":6},{"damage":0,"enemies":"Sentry and Sphere","floor":27,"turns":3},{"damage":10,"enemies":"3 Cultists","floor":30,"turns":4},{"damage":3,"enemies":"Slavers","floor":31,"turns":2},{"damage":66,"enemies":"Collector","floor":33,"turns":7}],"seed_played":"-1948134209771158401","potions_obtained":[{"floor":11.0,"key":"SpeedPotion"},{"floor":13.0,"key":"EssenceOfSteel"},{"floor":16,"key":"Weak Potion"},{"floor":20,"key":"LiquidBronze"}],"is_trial":false,"path_per_floor":["M","M","?","M","?","R","M","E","T","R","M","R","M","?","R","B",null,"M","?","M","?","?","R","E","$","T","M","T","R","M","E","R","B"],"character_chosen":"THE_SILENT","items_purchased":["After Image","GhostInAJar"],"campfire_rested":3,"item_purchase_floors":[25,25],"current_hp_per_floor":[52,51,51,51,42,42,37,12,12,31,18,37,31,31,31,17,49,31,31,22,22,22,40,45,45,45,50,50,50,45,47,47,0],"gold":100,"neow_bonus":"THREE_RARE_CARDS","is_prod":false,"is_daily":false,"chose_seed":false,"campfire_upgraded":4,"win_rate":0,"timestamp":1563720214,"path_taken":["M","M","?","M","?","R","M","E","T","R","M","R","?","?","R","BOSS","M","?","M","?","?","R","E","$","T","M","?","R","M","E","R","BOSS"],"build_version":"2019-07-17","purchased_purges":0,"victory":false,"max_hp_per_floor":[66,66,66,66,66,66,66,66,66,66,66,66,66,60,60,60,60,60,60,60,60,60,60,60,60,60,60,60,60,60,60,60,60],"card_choices":[{"not_picked":["Tools of the Trade","Grand Finale"],"picked":"Burst","floor":0.0},{"not_picked":["Bane","Deflect"],"picked":"Slice","floor":1.0},{"not_picked":["Backstab","Cloak And Dagger"],"picked":"Quick Slash","floor":2.0},{"not_picked":["Endless Agony","Poisoned Stab"],"picked":"Deadly Poison","floor":4.0},{"not_picked":["Skewer","Dodge and Roll"],"picked":"Flying Knee","floor":7.0},{"not_picked":["Poisoned Stab","Underhanded Strike"],"picked":"A Thousand Cuts","floor":8.0},{"not_picked":["Slice","Acrobatics"],"picked":"Backflip","floor":11.0},{"not_picked":["Riddle With Holes","Tactician","Sucker Punch"],"picked":"SKIP","floor":13.0},{"not_picked":["Unload","Doppelganger"],"picked":"Corpse Explosion","floor":16},{"not_picked":["Backflip","Poisoned Stab"],"picked":"Cloak And Dagger","floor":18},{"not_picked":["Poisoned Stab","Expertise","Masterful Stab"],"picked":"SKIP","floor":20},{"not_picked":["Sucker Punch","Endless Agony"],"picked":"Deadly Poison","floor":24},{"not_picked":["Acrobatics","Flying Knee"],"picked":"Blade Dance+1","floor":27},{"not_picked":["Acrobatics","Choke+1"],"picked":"Cloak And Dagger+1","floor":30},{"not_picked":["Endless Agony","Poisoned Stab","Expertise"],"picked":"SKIP","floor":31}],"player_experience":1379610,"relics_obtained":[{"floor":8.0,"key":"Smiling Mask"},{"floor":9.0,"key":"Bronze Scales"},{"floor":24,"key":"Pantograph"},{"floor":26,"key":"Gremlin Horn"},{"floor":28,"key":"The Courier"},{"floor":31,"key":"Tingsha"}],"event_choices":[{"damage_healed":0.0,"max_hp_gain":0.0,"max_hp_loss":0.0,"gold_gain":0.0,"event_name":"Living Wall","player_choice":"Grow","floor":3.0,"gold_loss":0.0,"damage_taken":0.0,"cards_upgraded":["Neutralize"]},{"damage_healed":0.0,"max_hp_gain":0.0,"max_hp_loss":0.0,"gold_gain":0.0,"event_name":"Wheel of Change","player_choice":"Damaged","floor":5.0,"gold_loss":0.0,"damage_taken":9.0},{"damage_healed":0.0,"max_hp_gain":0.0,"max_hp_loss":6.0,"gold_gain":0.0,"event_name":"Golden Idol","player_choice":"Lose Max HP","floor":14.0,"gold_loss":0.0,"damage_taken":0.0,"relics_obtained":["Golden Idol"]},{"damage_healed":0,"gold_gain":0,"player_choice":"Gave Idol","damage_taken":0,"relics_obtained":["Bloody Idol"],"max_hp_gain":0,"max_hp_loss":0,"event_name":"Forgotten Altar","floor":19,"relics_lost":["Golden Idol"],"gold_loss":0},{"damage_healed":0,"gold_gain":0,"player_choice":"Ignored","damage_taken":0,"max_hp_gain":0,"max_hp_loss":0,"event_name":"Vampires","floor":21,"gold_loss":0},{"damage_healed":0,"gold_gain":0,"player_choice":"Obtained Relic","damage_taken":0,"relics_obtained":["Mercury Hourglass"],"max_hp_gain":0,"max_hp_loss":0,"event_name":"Addict","floor":22,"gold_loss":85}],"is_beta":false,"boss_relics":[{"not_picked":["White Beast Statue","Fusion Hammer"],"picked":"Cursed Key"}],"items_purged_floors":[],"is_endless":false,"potions_floor_spawned":[11,13,16,20,27],"killed_by":"Collector","ascension_level":20}