{"gold_per_floor":[114,114,133,144,156,156,182,182,236,253,272,301,301,332,332,409,409,423,53,53,67,67,67,67,67,139,149,149,184,197,228,228,228],"floor_reached":33,"playtime":1095,"items_purged":[],"score":610,"play_id":"4d3db295-e744-4c08-9e53-08284288d818","local_time":"20190622205311","is_ascension_mode":true,"campfire_choices":[{"data":"Armaments","floor":6.0,"key":"SMITH"},{"data":"Body Slam","floor":8.0,"key":"SMITH"},{"data":"Whirlwind","floor":13.0,"key":"SMITH"},{"data":"Disarm","floor":15.0,"key":"SMITH"},{"floor":23.0,"key":"REST"},{"data":"True Grit","floor":25.0,"key":"SMITH"},{"data":"Seeing Red","floor":28.0,"key":"SMITH"},{"floor":32.0,"key":"REST"}],"neow_cost":"NONE","seed_source_timestamp":174001639038200,"circlet_count":0,"master_deck":["AscendersBane","Strike_R+1","Strike_R+1","Strike_R+1","Strike_R+1","Strike_R+1","Defend_R+1","Defend_R+1","Defend_R+1","Defend_R+1","Bash+1","Armaments+1","Whirlwind+1","Clothesline","Body Slam+1","Uppercut","True Grit+1","Disarm+1","True Grit","Exhume","Sword Boomerang","Dual Wield","Impervious","Seeing Red+1","Inflame+1"],"special_seed":0,"relics":["Burning Blood","NeowsBlessing","Bottled Flame","Bronze Scales","Strawberry","Du-Vu Doll","Mark of Pain","Oddly Smooth Stone","Bottled Lightning","Dodecahedron","Pen Nib"],"potions_floor_usage":[33],"damage_taken":[{"damage":0.0,"enemies":"2 Louse","floor":1.0,"turns":1.0},{"damage":0.0,"enemies":"Cultist","floor":3.0,"turns":1.0},{"damage":0.0,"enemies":"Small Slimes","floor":4.0,"turns":1.0},{"damage":6.0,"enemies":"Looter","floor":5.0,"turns":4.0},{"damage":30.0,"enemies":"3 Sentries","floor":7.0,"turns":7.0},{"damage":0.0,"enemies":"Lots of Slimes","floor":10.0,"turns":1.0},{"damage":11.0,"enemies":"2 Fungi Beasts","floor":11.0,"turns":3.0},{"damage":27.0,"enemies":"Lagavulin","floor":12.0,"turns":5.0},{"damage":10.0,"enemies":"3 Sentries","floor":14.0,"turns":4.0},{"damage":21.0,"enemies":"Hexaghost","floor":16.0,"turns":11.0},{"damage":30.0,"enemies":"Chosen","floor":18.0,"turns":5.0},{"damage":22.0,"enemies":"2 Thieves","floor":21.0,"turns":3.0},{"damage":18.0,"enemies":"Colosseum Slavers","floor":22.0,"turns":5.0},{"damage":14.0,"enemies":"Centurion and Healer","floor":27.0,"turns":4.0},{"damage":8.0,"enemies":"Gremlin Leader","floor":29.0,"turns":6.0},{"damage":18.0,"enemies":"Shelled Parasite and Fungi","floor":30.0,"turns":5.0},{"damage":7.0,"enemies":"Slavers","floor":31.0,"turns":2.0},{"damage":79,"enemies":"Collector","floor":33,"turns":5}],"seed_played":"-2675014271144726448","potions_obtained":[{"floor":5.0,"key":"SpeedPotion"},{"floor":10.0,"key":"Energy Potion"},{"floor":11.0,"key":"SpeedPotion"},{"floor":14.0,"key":"Weak Potion"},{"floor":27.0,"key":"Regen Potion"},{"floor":29.0,"key":"SteroidPotion"}],"is_trial":false,"path_per_floor":["M","?","M","M","M","R","E","R","T","M","M","E","R","E","R","B",null,"M","$","?","M","?","R","?","R","T","M","R","E","M","E","R","B"],"character_chosen":"IRONCLAD","items_purchased":["Oddly Smooth Stone","Dual Wield","Impervious"],"campfire_rested":2,"item_purchase_floors":[19,19,19],"current_hp_per_floor":[74,74,75,75,75,75,51,51,51,57,52,38,38,34,34,19,66,42,42,42,26,14,38,38,38,38,30,30,43,31,30,54,0],"gold":228,"neow_bonus":"THREE_ENEMY_KILL","is_prod":false,"is_daily":false,"chose_seed":false,"campfire_upgraded":6,"win_rate":0,"timestamp":1561251191,"path_taken":["M","?","M","?","M","R","E","R","T","M","M","E","R","E","R","BOSS","M","$","?","M","?","R","?","R","T","M","R","E","M","E","R","BOSS"],"build_version":"2019-01-23","purchased_purges":0,"victory":false,"max_hp_per_floor":[75,75,75,75,75,75,75,75,75,75,75,82,82,82,82,82,82,82,82,82,82,82,82,82,82,82,82,82,82,82,82,82,82],"card_choices":[{"not_picked":["Heavy Blade","Rampage"],"picked":"Armaments","floor":1.0},{"not_picked":["Intimidate","Fire Breathing"],"picked":"Whirlwind","floor":3.0},{"not_picked":["Iron Wave","Demon Form"],"picked":"Clothesline","floor":4.0},{"not_picked":["Body Slam","Anger","Dual Wield"],"picked":"SKIP","floor":5.0},{"not_picked":["Anger","Dual Wield"],"picked":"Body Slam","floor":5.0},{"not_picked":["Havoc","Reckless Charge","Clash"],"picked":"SKIP","floor":7.0},{"not_picked":["Clash","Cleave"],"picked":"Uppercut","floor":10.0},{"not_picked":["Clash","Twin Strike"],"picked":"True Grit","floor":11.0},{"not_picked":["Metallicize","Reckless Charge"],"picked":"Disarm","floor":12.0},{"not_picked":["Thunderclap","Rupture"],"picked":"True Grit","floor":14.0},{"not_picked":["Bludgeon","Dark Embrace"],"picked":"Exhume","floor":16.0},{"not_picked":["Clothesline","Headbutt"],"picked":"Sword Boomerang","floor":18.0},{"not_picked":["Clothesline","Burning Pact"],"picked":"Seeing Red","floor":21.0},{"not_picked":["Warcry","Perfected Strike","Dark Embrace"],"picked":"SKIP","floor":27.0},{"not_picked":["Power Through","Clothesline","Anger+1"],"picked":"SKIP","floor":29.0},{"not_picked":["Dropkick","Twin Strike","Clothesline+1"],"picked":"SKIP","floor":30.0},{"not_picked":["Berserk","Uppercut"],"picked":"Inflame+1","floor":31.0}],"player_experience":1210471,"relics_obtained":[{"floor":7.0,"key":"Bottled Flame"},{"floor":9.0,"key":"Bronze Scales"},{"floor":12.0,"key":"Strawberry"},{"floor":14.0,"key":"Du-Vu Doll"},{"floor":26.0,"key":"Bottled Lightning"},{"floor":29.0,"key":"Dodecahedron"},{"floor":31.0,"key":"Pen Nib"}],"event_choices":[{"damage_healed":0.0,"max_hp_gain":0.0,"max_hp_loss":0.0,"gold_gain":0.0,"event_name":"Upgrade Shrine","player_choice":"Upgraded","floor":2.0,"gold_loss":0.0,"damage_taken":0.0,"cards_upgraded":["Bash"]},{"damage_healed":0.0,"max_hp_gain":0.0,"max_hp_loss":0.0,"gold_gain":0.0,"event_name":"Back to Basics","player_choice":"Simplicity","floor":20.0,"gold_loss":0.0,"damage_taken":0.0,"cards_upgraded":["Strike_R","Strike_R","Strike_R","Strike_R","Strike_R","Defend_R","Defend_R","Defend_R","Defend_R"]},{"damage_healed":0.0,"max_hp_gain":0.0,"max_hp_loss":0.0,"gold_gain":0.0,"event_name":"Colosseum","player_choice":"Fight","floor":22.0,"gold_loss":0.0,"damage_taken":0.0},{"damage_healed":0.0,"max_hp_gain":0.0,"max_hp_loss":0.0,"gold_gain":0.0,"event_name":"Colosseum","player_choice":"Fled From Nobs","floor":22.0,"gold_loss":0.0,"damage_taken":0.0},{"damage_healed":0.0,"max_hp_gain":0.0,"max_hp_loss":0.0,"gold_gain":0.0,"event_name":"Vampires","player_choice":"Ignored","floor":24.0,"gold_loss":0.0,"damage_taken":0.0}],"is_beta":false,"boss_relics":[{"not_picked":["Velvet Choker","Tiny House"],"picked":"Mark of Pain"}],"items_purged_floors":[],"is_endless":false,"potions_floor_spawned":[5,10,11,14,27,29],"killed_by":"Collector","ascension_level":20}