{"gold_per_floor":[10,10,25,25,25,56,56,80,104,104],"floor_reached":10,"playtime":365,"items_purged":[],"score":132,"play_id":"8cffa136-6986-4240-8878-f61a73011782","local_time":"20190724191931","is_ascension_mode":true,"campfire_choices":[{"floor":7,"key":"REST"}],"neow_cost":"NO_GOLD","seed_source_timestamp":873829473322700,"circlet_count":0,"master_deck":["AscendersBane","Strike_G","Strike_G","Strike_G","Strike_G","Defend_G","Defend_G","Defend_G","Defend_G","Defend_G","Survivor","Neutralize","Adrenaline","Sucker Punch","Flying Knee","Escape Plan","Masterful Stab","Venomology"],"relics":["Ring of the Snake","Golden Idol","Dream Catcher","Omamori"],"potions_floor_usage":[10,10],"damage_taken":[{"damage":3,"enemies":"Cultist","floor":1,"turns":5},{"damage":0,"enemies":"Jaw Worm","floor":3,"turns":5},{"damage":41,"enemies":"3 Sentries","floor":6,"turns":14},{"damage":0,"enemies":"2 Louse","floor":8,"turns":3},{"damage":38,"enemies":"Lagavulin","floor":10,"turns":10}],"seed_played":"-305837382807430711","potions_obtained":[{"floor":8,"key":"Ancient Potion"}],"is_trial":false,"path_per_floor":["M","?","M","$","?","E","R","M","T","E"],"character_chosen":"THE_SILENT","items_purchased":[],"campfire_rested":1,"item_purchase_floors":[],"current_hp_per_floor":[56,56,56,56,49,8,26,26,26,0],"gold":104,"neow_bonus":"THREE_RARE_CARDS","is_prod":false,"is_daily":false,"chose_seed":false,"campfire_upgraded":0,"win_rate":0,"timestamp":1564010371,"path_taken":["M","?","M","$","?","E","R","M","T","E"],"build_version":"2019-07-17","purchased_purges":0,"victory":false,"max_hp_per_floor":[66,60,60,60,60,60,60,60,60,60],"card_choices":[{"not_picked":["Phantasmal Killer","Burst"],"picked":"Adrenaline","floor":0},{"not_picked":["Reflex","Blur"],"picked":"Sucker Punch","floor":1},{"not_picked":["Escape Plan","Bane"],"picked":"Flying Knee","floor":3},{"not_picked":["Eviscerate","Sucker Punch"],"picked":"Escape Plan","floor":6},{"not_picked":["Accuracy","Bane"],"picked":"Masterful Stab","floor":7},{"not_picked":["Deflect","Flying Knee"],"picked":"Venomology","floor":8}],"player_experience":1390343,"relics_obtained":[{"floor":6,"key":"Dream Catcher"},{"floor":9,"key":"Omamori"}],"event_choices":[{"damage_healed":0,"gold_gain":0,"player_choice":"Lose Max HP","damage_taken":0,"relics_obtained":["Golden Idol"],"max_hp_gain":0,"max_hp_loss":6,"event_name":"Golden Idol","floor":2,"gold_loss":0},{"cards_removed":["Strike_G"],"damage_healed":0,"gold_gain":0,"player_choice":"Card Removal","damage_taken":7,"max_hp_gain":0,"max_hp_loss":0,"event_name":"Golden Wing","floor":5,"gold_loss":0}],"is_beta":false,"boss_relics":[],"items_purged_floors":[],"is_endless":false,"potions_floor_spawned":[8],"killed_by":"Lagavulin","ascension_level":20}