{"gold_per_floor":[119,119,119,53,53,83,100,125,125,125,140,174,190,204,204,282,282,298,18,18,18,33,67,67,95,95,27,42,53,53,88,88,164,164,176,176,176,192,211,211,242,242,269,269,269,298,314,314,314,314,314],"floor_reached":51,"playtime":2959,"items_purged":["Strike_B"],"score":1662,"play_id":"bc5d7b87-07d4-4675-89db-417e4079b35d","local_time":"20190623100549","is_ascension_mode":true,"campfire_choices":[{"data":"Genetic Algorithm","floor":10.0,"key":"SMITH"},{"floor":15.0,"key":"REST"},{"floor":24.0,"key":"REST"},{"floor":32.0,"key":"REST"},{"data":"Apotheosis","floor":40.0,"key":"SMITH"},{"floor":42.0,"key":"RECALL"},{"data":"Capacitor","floor":45.0,"key":"SMITH"},{"data":"Electrodynamics","floor":49.0,"key":"SMITH"}],"neow_cost":"NONE","seed_source_timestamp":219959743493700,"circlet_count":0,"master_deck":["AscendersBane","Strike_B","Defend_B","Defend_B","Defend_B","Zap+1","Dualcast","Beam Cell","Genetic Algorithm+1","Undo","Coolheaded","Go for the Eyes","Hologram","Compile Driver","Electrodynamics+1","Apotheosis+1","Leap","Steam","Lockon+1","Capacitor+1","Necronomicurse","Echo Form","Self Repair+1","Madness","Secret Technique","Hologram+1","Darkness+1","Coolheaded"],"special_seed":0,"relics":["Cracked Core","NeowsBlessing","The Courier","Bag of Preparation","Oddly Smooth Stone","Turnip","Bronze Scales","Busted Crown","Pen Nib","Bottled Tornado","Question Card","Necronomicon","Art of War","Black Star","Dodecahedron","PreservedInsect","Smiling Mask","Gremlin Horn","Happy Flower"],"potions_floor_usage":[51],"damage_taken":[{"damage":0.0,"enemies":"2 Louse","floor":1.0,"turns":1.0},{"damage":0.0,"enemies":"3 Sentries","floor":6.0,"turns":1.0},{"damage":0.0,"enemies":"Jaw Worm","floor":7.0,"turns":1.0},{"damage":25.0,"enemies":"Lagavulin","floor":8.0,"turns":6.0},{"damage":0.0,"enemies":"Small Slimes","floor":11.0,"turns":7.0},{"damage":43.0,"enemies":"Gremlin Nob","floor":12.0,"turns":4.0},{"damage":0.0,"enemies":"Looter","floor":13.0,"turns":4.0},{"damage":0.0,"enemies":"Exordium Thugs","floor":14.0,"turns":5.0},{"damage":25.0,"enemies":"The Guardian","floor":16.0,"turns":14.0},{"damage":0.0,"enemies":"Spheric Guardian","floor":18.0,"turns":4.0},{"damage":0.0,"enemies":"3 Byrds","floor":22.0,"turns":2.0},{"damage":0.0,"enemies":"Gremlin Leader","floor":23.0,"turns":7.0},{"damage":0.0,"enemies":"Book of Stabbing","floor":25.0,"turns":5.0},{"damage":7.0,"enemies":"Snake Plant","floor":28.0,"turns":3.0},{"damage":0.0,"enemies":"Centurion and Healer","floor":29.0,"turns":6.0},{"damage":9.0,"enemies":"Gremlin Leader","floor":31.0,"turns":6.0},{"damage":12.0,"enemies":"Champ","floor":33.0,"turns":12.0},{"damage":0.0,"enemies":"Orb Walker","floor":35.0,"turns":4.0},{"damage":2.0,"enemies":"3 Darklings","floor":38.0,"turns":6.0},{"damage":15.0,"enemies":"Sphere and 2 Shapes","floor":39.0,"turns":8.0},{"damage":7.0,"enemies":"Nemesis","floor":41.0,"turns":11.0},{"damage":22.0,"enemies":"Giant Head","floor":46.0,"turns":8.0},{"damage":0.0,"enemies":"Writhing Mass","floor":47.0,"turns":7.0},{"damage":52.0,"enemies":"Awakened One","floor":50.0,"turns":13.0},{"damage":43,"enemies":"Time Eater","floor":51,"turns":12}],"seed_played":"3278800288990726434","potions_obtained":[{"floor":7.0,"key":"AttackPotion"},{"floor":8.0,"key":"EssenceOfSteel"},{"floor":13.0,"key":"SkillPotion"},{"floor":14.0,"key":"Energy Potion"},{"floor":23.0,"key":"GamblersBrew"},{"floor":25.0,"key":"FocusPotion"},{"floor":38.0,"key":"SpeedPotion"},{"floor":46.0,"key":"Fruit Juice"}],"is_trial":false,"path_per_floor":["M","?","?","$","?","E","M","E","T","R","M","E","M","M","R","B",null,"M","$","?","?","M","E","R","E","T","$","M","M","?","E","R","B",null,"M","?","?","M","M","R","E","R","T","T","R","E","M","?","R","B","B"],"character_chosen":"DEFECT","items_purchased":["Regen Potion","Apotheosis","Energy Potion","Capacitor"],"campfire_rested":3,"item_purchase_floors":[4,19,19,27],"current_hp_per_floor":[64,69,64,64,64,64,64,39,39,39,54,11,11,11,33,8,59,59,59,37,37,37,37,61,61,61,61,54,54,33,24,48,36,70,70,70,60,78,81,81,81,81,81,81,81,69,79,77,77,40,0],"gold":314,"neow_bonus":"THREE_ENEMY_KILL","is_prod":false,"is_daily":false,"chose_seed":false,"campfire_upgraded":4,"win_rate":0,"timestamp":1561298749,"path_taken":["M","?","?","$","?","E","M","E","T","R","M","E","?","M","R","BOSS","M","$","?","?","M","E","R","E","T","?","M","M","?","E","R","BOSS","M","?","?","M","?","R","E","R","T","?","R","E","M","?","R","BOSS","BOSS"],"build_version":"2019-01-23","purchased_purges":1,"victory":false,"max_hp_per_floor":[71,76,76,76,76,76,76,76,76,76,76,76,76,76,76,76,76,76,76,81,81,81,81,81,81,81,81,81,81,81,81,81,81,81,81,81,81,81,81,81,81,81,81,81,81,81,81,77,77,82,82],"card_choices":[{"not_picked":["Rebound","Hologram"],"picked":"Beam Cell","floor":1.0},{"not_picked":["Gash","Blizzard","Stack"],"picked":"SKIP","floor":6.0},{"not_picked":["BootSequence","Steam"],"picked":"Genetic Algorithm","floor":7.0},{"not_picked":["Redo","Streamline"],"picked":"Undo","floor":8.0},{"not_picked":["Go for the Eyes","Conserve Battery"],"picked":"Coolheaded","floor":11.0},{"not_picked":["Steam","Beam Cell"],"picked":"Go for the Eyes","floor":12.0},{"not_picked":["Fission","FTL"],"picked":"Hologram","floor":13.0},{"not_picked":["Sweeping Beam","Go for the Eyes"],"picked":"Compile Driver","floor":14.0},{"not_picked":["Buffer","Machine Learning"],"picked":"Electrodynamics","floor":16.0},{"not_picked":["Turbo"],"picked":"SKIP","floor":18.0},{"not_picked":["Fusion"],"picked":"SKIP","floor":22.0},{"not_picked":["Steam+1"],"picked":"SKIP","floor":23.0},{"not_picked":[],"picked":"Lockon+1","floor":25.0},{"not_picked":["Sweeping Beam","Barrage"],"picked":"SKIP","floor":28.0},{"not_picked":["Compile Driver","Beam Cell"],"picked":"SKIP","floor":29.0},{"not_picked":["Tempest","Reprogram"],"picked":"SKIP","floor":31.0},{"not_picked":["Fission"],"picked":"Echo Form","floor":33.0},{"not_picked":["Leap"],"picked":"Self Repair+1","floor":35.0},{"not_picked":["PanicButton"],"picked":"Madness","floor":37.0},{"not_picked":["Blind"],"picked":"Secret Technique","floor":37.0},{"not_picked":["Conserve Battery"],"picked":"Hologram+1","floor":38.0},{"not_picked":["Conserve Battery","Fusion"],"picked":"SKIP","floor":39.0},{"not_picked":["Hologram"],"picked":"Darkness+1","floor":41.0},{"not_picked":["Barrage"],"picked":"Coolheaded","floor":46.0},{"not_picked":["Steam","Hello World"],"picked":"SKIP","floor":47.0}],"player_experience":1212707,"relics_obtained":[{"floor":6.0,"key":"Bag of Preparation"},{"floor":8.0,"key":"Oddly Smooth Stone"},{"floor":9.0,"key":"Turnip"},{"floor":12.0,"key":"Bronze Scales"},{"floor":23.0,"key":"Pen Nib"},{"floor":25.0,"key":"Bottled Tornado"},{"floor":26.0,"key":"Question Card"},{"floor":30.0,"key":"Necronomicon"},{"floor":31.0,"key":"Art of War"},{"floor":41.0,"key":"Dodecahedron"},{"floor":41.0,"key":"PreservedInsect"},{"floor":44.0,"key":"Smiling Mask"},{"floor":46.0,"key":"Gremlin Horn"},{"floor":46.0,"key":"Happy Flower"}],"event_choices":[{"damage_healed":0.0,"max_hp_gain":5.0,"max_hp_loss":0.0,"gold_gain":0.0,"event_name":"Big Fish","player_choice":"Donut","floor":2.0,"gold_loss":0.0,"damage_taken":0.0},{"damage_healed":0.0,"max_hp_gain":0.0,"max_hp_loss":0.0,"gold_gain":0.0,"event_name":"Scrap Ooze","player_choice":"Success","floor":3.0,"gold_loss":0.0,"damage_taken":5.0,"relics_obtained":["The Courier"]},{"damage_healed":0.0,"max_hp_gain":0.0,"max_hp_loss":0.0,"gold_gain":0.0,"event_name":"Living Wall","player_choice":"Grow","floor":5.0,"gold_loss":0.0,"damage_taken":0.0,"cards_upgraded":["Zap"]},{"damage_healed":0.0,"max_hp_gain":5.0,"max_hp_loss":0.0,"gold_gain":0.0,"event_name":"Forgotten Altar","player_choice":"Shed Blood","floor":20.0,"gold_loss":0.0,"damage_taken":27.0},{"damage_healed":0.0,"max_hp_gain":0.0,"max_hp_loss":0.0,"gold_gain":0.0,"cards_transformed":["Strike_B","Defend_B"],"event_name":"Drug Dealer","player_choice":"Became Test Subject","floor":21.0,"gold_loss":0.0,"damage_taken":0.0,"cards_obtained":["Leap","Steam"]},{"damage_healed":0.0,"max_hp_gain":0.0,"max_hp_loss":0.0,"gold_gain":0.0,"event_name":"Cursed Tome","player_choice":"Obtained Book","floor":30.0,"gold_loss":0.0,"damage_taken":21.0},{"cards_removed":["Strike_B"],"damage_healed":0.0,"max_hp_gain":0.0,"max_hp_loss":0.0,"gold_gain":0.0,"event_name":"Falling","player_choice":"Removed Attack","floor":36.0,"gold_loss":0.0,"damage_taken":0.0},{"damage_healed":0.0,"max_hp_gain":0.0,"max_hp_loss":0.0,"gold_gain":0.0,"event_name":"SensoryStone","player_choice":"Memory 3","floor":37.0,"gold_loss":0.0,"damage_taken":10.0},{"damage_healed":0.0,"max_hp_gain":0.0,"max_hp_loss":4.0,"gold_gain":0.0,"event_name":"Winding Halls","player_choice":"Max HP","floor":48.0,"gold_loss":0.0,"damage_taken":0.0}],"is_beta":false,"boss_relics":[{"not_picked":["Tiny House","Runic Dome"],"picked":"Busted Crown"},{"not_picked":["Velvet Choker","Astrolabe"],"picked":"Black Star"}],"items_purged_floors":[19],"is_endless":false,"potions_floor_spawned":[7,8,13,14,23,25,38,39,46],"killed_by":"Time Eater","ascension_level":20}