{"gold_per_floor":[110,129,179,196,213,213,248,260,337,337,352,381,397,413,413,491,491,503,535,553,478,22,22,22,47,47,65,65,65,115,142,142,219,219,239,239,239,249,267,267],"floor_reached":40,"playtime":5442,"items_purged":["Strike_B"],"score":876,"play_id":"2664db50-d1d3-457a-8492-7379a079c6ce","local_time":"20190814133645","is_ascension_mode":true,"campfire_choices":[{"data":"Genetic Algorithm","floor":6.0,"key":"SMITH"},{"floor":10.0,"key":"REST"},{"data":"1","floor":15.0,"key":"LIFT"},{"data":"2","floor":23.0,"key":"LIFT"},{"floor":28.0,"key":"REST"},{"data":"3","floor":32.0,"key":"LIFT"}],"neow_cost":"NONE","seed_source_timestamp":0,"circlet_count":0,"master_deck":["AscendersBane","Strike_B+1","Defend_B+1","Defend_B+1","Defend_B+1","Defend_B+1","Zap","Dualcast","Genetic Algorithm+1","Ball Lightning","Chill","Go for the Eyes","Sunder","Compile Driver","Gash","Electrodynamics","Beam Cell","Core Surge","Barrage+1","Defragment","Meteor Strike","Biased Cognition","Hologram+1","Parasite"],"special_seed":0,"relics":["Cracked Core","The Courier","Ornamental Fan","Girya","Snecko Eye","Red Mask","Toxic Egg 2","Bag of Preparation","Pen Nib","Letter Opener","Art of War","Philosopher\u0027s Stone"],"potions_floor_usage":[38,39,40],"damage_taken":[{"damage":2.0,"enemies":"Jaw Worm","floor":1.0,"turns":3.0},{"damage":1.0,"enemies":"Cultist","floor":2.0,"turns":4.0},{"damage":4.0,"enemies":"2 Louse","floor":4.0,"turns":2.0},{"damage":2.0,"enemies":"2 Fungi Beasts","floor":5.0,"turns":4.0},{"damage":41.0,"enemies":"Gremlin Nob","floor":7.0,"turns":6.0},{"damage":3.0,"enemies":"Large Slime","floor":8.0,"turns":4.0},{"damage":0.0,"enemies":"Looter","floor":11.0,"turns":3.0},{"damage":16.0,"enemies":"Lagavulin","floor":12.0,"turns":6.0},{"damage":0.0,"enemies":"Exordium Wildlife","floor":13.0,"turns":2.0},{"damage":1.0,"enemies":"Red Slaver","floor":14.0,"turns":3.0},{"damage":15.0,"enemies":"Slime Boss","floor":16.0,"turns":7.0},{"damage":0.0,"enemies":"Spheric Guardian","floor":18.0,"turns":3.0},{"damage":10.0,"enemies":"Masked Bandits","floor":19.0,"turns":4.0},{"damage":29.0,"enemies":"2 Thieves","floor":20.0,"turns":3.0},{"damage":24.0,"enemies":"Gremlin Leader","floor":25.0,"turns":6.0},{"damage":0.0,"enemies":"Snecko","floor":27.0,"turns":2.0},{"damage":10.0,"enemies":"Slavers","floor":31.0,"turns":4.0},{"damage":46.0,"enemies":"Collector","floor":33.0,"turns":7.0},{"damage":31.0,"enemies":"3 Darklings","floor":35.0,"turns":3.0},{"damage":6,"enemies":"3 Shapes","floor":38,"turns":5},{"damage":4,"enemies":"Writhing Mass","floor":39,"turns":4},{"damage":38,"enemies":"Nemesis","floor":40,"turns":5}],"seed_played":"-7902349325083732600","potions_obtained":[{"floor":2.0,"key":"Weak Potion"},{"floor":7.0,"key":"Swift Potion"},{"floor":12.0,"key":"Fruit Juice"},{"floor":13.0,"key":"PowerPotion"},{"floor":20.0,"key":"Fire Potion"},{"floor":25.0,"key":"FairyPotion"},{"floor":27.0,"key":"Energy Potion"},{"floor":35.0,"key":"EssenceOfSteel"},{"floor":38,"key":"Regen Potion"},{"floor":39,"key":"Poison Potion"}],"is_trial":false,"path_per_floor":["M","M","?","M","M","R","E","M","T","R","M","E","M","M","R","B",null,"M","?","M","?","$","R","?","E","T","M","R","?","?","E","R","B",null,"M","?","T","M","M","E"],"character_chosen":"DEFECT","items_purchased":["Toxic Egg 2","Defragment","Bag of Preparation"],"campfire_rested":2,"item_purchase_floors":[22,22,22],"current_hp_per_floor":[69,68,68,64,62,62,21,18,18,41,41,25,30,29,29,14,66,66,56,27,27,27,27,27,3,3,3,27,27,27,17,17,8,64,33,33,33,27,35,0],"gold":267,"neow_bonus":"TEN_PERCENT_HP_BONUS","is_prod":false,"is_daily":false,"chose_seed":false,"campfire_upgraded":1,"win_rate":0,"timestamp":1565804205,"path_taken":["M","M","?","M","M","R","E","M","T","R","M","E","M","?","R","BOSS","M","?","M","?","?","R","?","E","T","M","R","?","?","E","R","BOSS","M","?","?","M","M","E"],"build_version":"2019-07-17","purchased_purges":1,"victory":false,"max_hp_per_floor":[78,78,78,78,78,78,78,78,78,78,78,78,83,83,83,83,83,83,83,83,83,83,83,83,83,83,83,83,83,83,83,83,83,83,83,83,83,83,83,83],"card_choices":[{"not_picked":["Steam","Redo"],"picked":"Genetic Algorithm","floor":1.0},{"not_picked":["Recycle","Compile Driver"],"picked":"Ball Lightning","floor":2.0},{"not_picked":["Capacitor","Turbo"],"picked":"Chill","floor":4.0},{"not_picked":["Chaos","Fusion","Redo"],"picked":"SKIP","floor":5.0},{"not_picked":["Stack","Barrage"],"picked":"Go for the Eyes","floor":7.0},{"not_picked":["Turbo","Reboot"],"picked":"Sunder","floor":8.0},{"not_picked":["Static Discharge","Go for the Eyes"],"picked":"Compile Driver","floor":11.0},{"not_picked":["Conserve Battery","Go for the Eyes"],"picked":"Gash","floor":12.0},{"not_picked":["Fusion","Undo"],"picked":"Electrodynamics","floor":13.0},{"not_picked":["Auto Shields","Streamline"],"picked":"Beam Cell","floor":14.0},{"not_picked":["Creative AI","Hyperbeam"],"picked":"Core Surge","floor":16.0},{"not_picked":["Steam","Go for the Eyes+1","Barrage+1"],"picked":"SKIP","floor":18.0},{"not_picked":["Steam","Go for the Eyes+1"],"picked":"Barrage+1","floor":18.0},{"not_picked":["Stack","Lockon","Leap"],"picked":"SKIP","floor":20.0},{"not_picked":["Coolheaded+1","Beam Cell"],"picked":"Meteor Strike","floor":25.0},{"not_picked":["Stack+1","Cold Snap","Conserve Battery+1"],"picked":"SKIP","floor":27.0},{"not_picked":["Conserve Battery+1","Chaos+1","FTL"],"picked":"SKIP","floor":31.0},{"not_picked":["Rainbow+1","All For One"],"picked":"Biased Cognition","floor":33.0},{"not_picked":["Ball Lightning+1","Darkness+1"],"picked":"Hologram+1","floor":35.0},{"not_picked":["Cold Snap+1","Fusion+1","Beam Cell+1"],"picked":"SKIP","floor":38},{"not_picked":["Heatsinks+1","Melter+1","Rebound"],"picked":"SKIP","floor":39}],"player_experience":1470017,"relics_obtained":[{"floor":7.0,"key":"The Courier"},{"floor":9.0,"key":"Ornamental Fan"},{"floor":12.0,"key":"Girya"},{"floor":19.0,"key":"Red Mask"},{"floor":25.0,"key":"Pen Nib"},{"floor":26.0,"key":"Letter Opener"},{"floor":31.0,"key":"Art of War"}],"event_choices":[{"damage_healed":0.0,"max_hp_gain":0.0,"max_hp_loss":0.0,"gold_gain":50.0,"event_name":"Golden Shrine","player_choice":"Pray","floor":3.0,"gold_loss":0.0,"damage_taken":0.0},{"damage_healed":0.0,"max_hp_gain":0.0,"max_hp_loss":0.0,"gold_gain":0.0,"event_name":"Masked Bandits","player_choice":"Fought Bandits","floor":19.0,"gold_loss":0.0,"damage_taken":0.0},{"cards_removed":["Strike_B"],"damage_healed":0.0,"max_hp_gain":0.0,"max_hp_loss":0.0,"gold_gain":0.0,"event_name":"Beggar","player_choice":"Gave Gold","floor":21.0,"gold_loss":75.0,"damage_taken":0.0},{"damage_healed":0.0,"max_hp_gain":0.0,"max_hp_loss":0.0,"gold_gain":0.0,"event_name":"Back to Basics","player_choice":"Simplicity","floor":24.0,"gold_loss":0.0,"damage_taken":0.0,"cards_upgraded":["Strike_B","Strike_B","Defend_B","Defend_B","Defend_B","Defend_B"]},{"damage_healed":0.0,"max_hp_gain":0.0,"max_hp_loss":0.0,"gold_gain":0.0,"event_name":"Vampires","player_choice":"Ignored","floor":29.0,"gold_loss":0.0,"damage_taken":0.0},{"damage_healed":0.0,"max_hp_gain":0.0,"max_hp_loss":0.0,"gold_gain":50.0,"event_name":"Nest","player_choice":"Stole From Cult","floor":30.0,"gold_loss":0.0,"damage_taken":0.0},{"cards_removed":["Strike_B"],"damage_healed":0.0,"max_hp_gain":0.0,"max_hp_loss":0.0,"gold_gain":0.0,"event_name":"Falling","player_choice":"Removed Attack","floor":36.0,"gold_loss":0.0,"damage_taken":0.0}],"is_beta":false,"boss_relics":[{"not_picked":["Lizard Tail","Velvet Choker"],"picked":"Snecko Eye"},{"not_picked":["FrozenCore","Tiny House"],"picked":"Philosopher\u0027s Stone"}],"items_purged_floors":[22],"is_endless":false,"potions_floor_spawned":[2,7,12,13,20,25,27,35,38,39],"killed_by":"Nemesis","ascension_level":20}