{"gold_per_floor":[111,127,127,138,138,167,167,200,281,308,308,324,356,382,382,456,456,468,488,413,424,6,36,51,51,51,61,61,17,48,68,68,144,144,163,173,153,168,178,178,213,227,227,227,227,254,254,266,266,266,266,266,266,59,59],"floor_reached":55,"playtime":2943,"items_purged":["Strike_R","Strike_R","Normality"],"score":1994,"play_id":"bc070892-902f-43bb-96f0-9fec5a18ce52","local_time":"20190627174832","is_ascension_mode":true,"campfire_choices":[{"data":"Bludgeon","floor":7.0,"key":"SMITH"},{"floor":11.0,"key":"REST"},{"floor":15.0,"key":"DIG"},{"floor":25.0,"key":"REST"},{"data":"Armaments","floor":32.0,"key":"SMITH"},{"data":"Demon Form","floor":40.0,"key":"SMITH"},{"floor":44.0,"key":"RECALL"},{"floor":49.0,"key":"DIG"},{"floor":53.0,"key":"DIG"}],"neow_cost":"NONE","seed_source_timestamp":593239608486900,"circlet_count":0,"master_deck":["AscendersBane","Strike_R","Strike_R","Defend_R","Defend_R","Defend_R","Defend_R","Bash","Clothesline","Headbutt","Anger","Bludgeon+1","Shrug It Off","Demon Form+1","Metallicize","Corruption","Combust","Shockwave","Reaper","Armaments+1","True Grit+1","Double Tap","Thunderclap","Regret","Feel No Pain","Seeing Red","Reckless Charge","Sword Boomerang","Impervious","Shrug It Off","Sentinel","Parasite","Juggernaut","Battle Trance+1","Second Wind+1","Shrug It Off+1"],"special_seed":0,"relics":["Burning Blood","NeowsBlessing","Shovel","PreservedInsect","Darkstone Periapt","Blue Candle","Bottled Flame","Odd Mushroom","Pear","Cursed Key","Happy Flower","Boot","Meat on the Bone","Nilry\u0027s Codex","Dodecahedron","Snecko Eye","Toxic Egg 2","Lantern","Bird Faced Urn","Paper Frog"],"potions_floor_usage":[55],"damage_taken":[{"damage":0.0,"enemies":"2 Louse","floor":1.0,"turns":1.0},{"damage":0.0,"enemies":"Cultist","floor":2.0,"turns":1.0},{"damage":0.0,"enemies":"Small Slimes","floor":4.0,"turns":1.0},{"damage":35.0,"enemies":"Lagavulin","floor":6.0,"turns":4.0},{"damage":15.0,"enemies":"3 Sentries","floor":8.0,"turns":4.0},{"damage":12.0,"enemies":"Lagavulin","floor":10.0,"turns":5.0},{"damage":0.0,"enemies":"Blue Slaver","floor":12.0,"turns":2.0},{"damage":0.0,"enemies":"Gremlin Nob","floor":13.0,"turns":2.0},{"damage":23.0,"enemies":"The Mushroom Lair","floor":14.0,"turns":5.0},{"damage":50.0,"enemies":"Slime Boss","floor":16.0,"turns":11.0},{"damage":34.0,"enemies":"Shell Parasite","floor":18.0,"turns":5.0},{"damage":17.0,"enemies":"3 Byrds","floor":19.0,"turns":6.0},{"damage":6.0,"enemies":"Snecko","floor":21.0,"turns":6.0},{"damage":16.0,"enemies":"Book of Stabbing","floor":23.0,"turns":3.0},{"damage":40.0,"enemies":"Cultist and Chosen","floor":24.0,"turns":8.0},{"damage":25.0,"enemies":"3 Cultists","floor":27.0,"turns":4.0},{"damage":22.0,"enemies":"Gremlin Leader","floor":30.0,"turns":5.0},{"damage":8.0,"enemies":"Centurion and Healer","floor":31.0,"turns":8.0},{"damage":71.0,"enemies":"Collector","floor":33.0,"turns":8.0},{"damage":10.0,"enemies":"3 Shapes","floor":35.0,"turns":6.0},{"damage":12.0,"enemies":"3 Darklings","floor":36.0,"turns":6.0},{"damage":2.0,"enemies":"Writhing Mass","floor":38.0,"turns":5.0},{"damage":43.0,"enemies":"Jaw Worm Horde","floor":39.0,"turns":5.0},{"damage":45.0,"enemies":"Reptomancer","floor":41.0,"turns":7.0},{"damage":4.0,"enemies":"4 Shapes","floor":42.0,"turns":7.0},{"damage":75.0,"enemies":"Nemesis","floor":46.0,"turns":9.0},{"damage":15.0,"enemies":"Writhing Mass","floor":48.0,"turns":7.0},{"damage":56.0,"enemies":"Donu and Deca","floor":50.0,"turns":9.0},{"damage":91.0,"enemies":"Awakened One","floor":51.0,"turns":9.0},{"damage":69,"enemies":"Shield and Spear","floor":55,"turns":5}],"seed_played":"1142637398087385853","potions_obtained":[{"floor":4.0,"key":"Ancient Potion"},{"floor":6.0,"key":"SkillPotion"},{"floor":10.0,"key":"SpeedPotion"},{"floor":19.0,"key":"Regen Potion"},{"floor":24.0,"key":"SteroidPotion"},{"floor":27.0,"key":"Poison Potion"},{"floor":33.0,"key":"Fire Potion"},{"floor":37.0,"key":"Weak Potion"},{"floor":38.0,"key":"PowerPotion"},{"floor":41.0,"key":"AttackPotion"},{"floor":42.0,"key":"Weak Potion"},{"floor":46.0,"key":"SpeedPotion"}],"is_trial":false,"path_per_floor":["M","M","?","M","?","E","R","E","T","E","R","M","E","?","R","B",null,"M","M","$","M","$","E","M","R","T","M","?","$","E","M","R","B",null,"M","M","?","M","M","R","E","M","T","R","?","E","?","M","R","B","B",null,"R","$","E"],"character_chosen":"IRONCLAD","items_purchased":["Happy Flower","Double Tap","Seeing Red","Shrug It Off+1","SpeedPotion"],"campfire_rested":2,"item_purchase_floors":[22,22,29,54,54],"current_hp_per_floor":[74,75,80,80,80,51,51,42,42,36,60,66,72,55,65,21,73,45,40,40,61,61,51,18,45,51,63,42,42,50,65,65,28,79,87,96,96,102,102,102,99,101,107,107,107,62,62,65,65,108,69,98,98,98,33],"gold":59,"neow_bonus":"THREE_ENEMY_KILL","is_prod":false,"is_daily":false,"chose_seed":false,"campfire_upgraded":3,"win_rate":0,"timestamp":1561672112,"path_taken":["M","M","?","M","?","E","R","E","T","E","R","?","E","?","R","BOSS","M","M","$","M","$","E","M","R","T","M","?","$","E","M","R","BOSS","M","M","?","M","?","R","E","M","T","R","?","E","?","?","R","BOSS","BOSS","R","$","E"],"build_version":"2019-01-23","purchased_purges":3,"victory":false,"max_hp_per_floor":[75,75,80,80,80,80,80,80,80,80,80,80,80,80,90,90,90,90,90,90,90,90,90,90,90,96,96,96,96,96,96,96,96,96,96,96,96,102,102,102,102,102,108,108,108,108,108,108,108,108,108,108,108,108,108],"card_choices":[{"not_picked":["Sword Boomerang","Dual Wield"],"picked":"Clothesline","floor":1.0},{"not_picked":["Body Slam","Entrench"],"picked":"Headbutt","floor":2.0},{"not_picked":["Perfected Strike","Wild Strike"],"picked":"Anger","floor":4.0},{"not_picked":["Hemokinesis","Anger"],"picked":"Shrug It Off","floor":6.0},{"not_picked":["Perfected Strike","Iron Wave"],"picked":"Demon Form","floor":8.0},{"not_picked":["Clash","Dual Wield"],"picked":"Metallicize","floor":10.0},{"not_picked":["Second Wind","Clothesline"],"picked":"Corruption","floor":12.0},{"not_picked":["Wild Strike","True Grit"],"picked":"Combust","floor":13.0},{"not_picked":["Shrug It Off","Thunderclap"],"picked":"Shockwave","floor":14.0},{"not_picked":["Double Tap","Dark Embrace"],"picked":"Reaper","floor":16.0},{"not_picked":["Havoc","Blood for Blood"],"picked":"Armaments","floor":18.0},{"not_picked":["Clothesline","Iron Wave"],"picked":"True Grit+1","floor":19.0},{"not_picked":["Body Slam","Twin Strike","Clothesline+1"],"picked":"SKIP","floor":21.0},{"not_picked":["Juggernaut","Iron Wave"],"picked":"Thunderclap","floor":23.0},{"not_picked":["Iron Wave+1","Blood for Blood","True Grit"],"picked":"SKIP","floor":24.0},{"not_picked":["Thunderclap","Blood for Blood"],"picked":"Feel No Pain","floor":27.0},{"not_picked":["Perfected Strike","Searing Blow"],"picked":"Reckless Charge","floor":30.0},{"not_picked":["Shrug It Off","Anger"],"picked":"Sword Boomerang","floor":31.0},{"not_picked":["Juggernaut","Fiend Fire"],"picked":"Impervious","floor":33.0},{"not_picked":["Twin Strike","Hemokinesis"],"picked":"Shrug It Off","floor":35.0},{"not_picked":["Iron Wave","Clothesline"],"picked":"Sentinel","floor":36.0},{"not_picked":["Flex","Anger","Sword Boomerang"],"picked":"SKIP","floor":38.0},{"not_picked":["Havoc+1","Sword Boomerang","Twin Strike"],"picked":"SKIP","floor":39.0},{"not_picked":["Seeing Red+1","Headbutt"],"picked":"Juggernaut","floor":41.0},{"not_picked":["Wild Strike","Clothesline","Cleave+1"],"picked":"SKIP","floor":42.0},{"not_picked":["Headbutt","Wild Strike"],"picked":"Battle Trance+1","floor":46.0},{"not_picked":["Havoc+1","Anger"],"picked":"Second Wind+1","floor":48.0}],"player_experience":1230381,"relics_obtained":[{"floor":6.0,"key":"Shovel"},{"floor":8.0,"key":"PreservedInsect"},{"floor":9.0,"key":"Darkstone Periapt"},{"floor":10.0,"key":"Blue Candle"},{"floor":13.0,"key":"Bottled Flame"},{"floor":14.0,"key":"Odd Mushroom"},{"floor":15.0,"key":"Pear"},{"floor":23.0,"key":"Boot"},{"floor":26.0,"key":"Meat on the Bone"},{"floor":28.0,"key":"Nilry\u0027s Codex"},{"floor":30.0,"key":"Dodecahedron"},{"floor":41.0,"key":"Toxic Egg 2"},{"floor":46.0,"key":"Lantern"},{"floor":49.0,"key":"Bird Faced Urn"},{"floor":53.0,"key":"Paper Frog"}],"event_choices":[{"damage_healed":0.0,"max_hp_gain":5.0,"max_hp_loss":0.0,"gold_gain":0.0,"event_name":"Big Fish","player_choice":"Donut","floor":3.0,"gold_loss":0.0,"damage_taken":0.0},{"damage_healed":0.0,"max_hp_gain":0.0,"max_hp_loss":0.0,"gold_gain":0.0,"event_name":"Match and Keep!","player_choice":"1 cards matched","floor":5.0,"gold_loss":0.0,"damage_taken":0.0,"cards_obtained":["Bludgeon"]},{"damage_healed":0.0,"max_hp_gain":0.0,"max_hp_loss":0.0,"gold_gain":0.0,"event_name":"Mushrooms","player_choice":"Fought Mushrooms","floor":14.0,"gold_loss":0.0,"damage_taken":0.0},{"damage_healed":0.0,"max_hp_gain":0.0,"max_hp_loss":0.0,"gold_gain":0.0,"event_name":"Cursed Tome","player_choice":"Obtained Book","floor":28.0,"gold_loss":0.0,"damage_taken":21.0},{"damage_healed":0.0,"max_hp_gain":0.0,"max_hp_loss":0.0,"gold_gain":0.0,"event_name":"The Woman in Blue","player_choice":"Bought 1 Potion","floor":37.0,"gold_loss":0.0,"damage_taken":0.0},{"cards_removed":["Strike_R"],"damage_healed":0.0,"max_hp_gain":0.0,"max_hp_loss":0.0,"gold_gain":0.0,"event_name":"Falling","player_choice":"Removed Attack","floor":45.0,"gold_loss":0.0,"damage_taken":0.0},{"damage_healed":0.0,"max_hp_gain":0.0,"max_hp_loss":0.0,"gold_gain":0.0,"event_name":"FaceTrader","player_choice":"Leave","floor":47.0,"gold_loss":0.0,"damage_taken":0.0}],"is_beta":false,"boss_relics":[{"not_picked":["Black Blood","Eternal Feather"],"picked":"Cursed Key"},{"not_picked":["White Beast Statue","Sozu"],"picked":"Snecko Eye"}],"items_purged_floors":[20,22,54],"is_endless":false,"potions_floor_spawned":[4,6,10,12,13,19,24,27,33,38,41,42,46],"killed_by":"Shield and Spear","ascension_level":20}