{"gold_per_floor":[112,20,120,138,138,164,239,273,273,273,301,301,315,334,334,438,438,451,10,10,10,27,58,58,58,81,1,30,30,62,73,73,172,172,187,23,39,59,75,109,123,141,168,196,212,212,49,67,67,67],"floor_reached":51,"playtime":5402,"items_purged":["Strike_G","Strike_G","Pain"],"score":1210,"play_id":"6b7695a5-6c92-45dc-bdc6-8ded05db65c9","local_time":"20190830001756","is_ascension_mode":true,"campfire_choices":[{"data":"Neutralize","floor":10,"key":"SMITH"},{"floor":12,"key":"REST"},{"data":"Noxious Fumes","floor":15,"key":"SMITH"},{"floor":24,"key":"DIG"},{"floor":32,"key":"DIG"},{"floor":49,"key":"DIG"}],"neow_cost":"NONE","seed_source_timestamp":29733204582800,"circlet_count":0,"master_deck":["AscendersBane","Strike_G","Defend_G","Defend_G+1","Defend_G","Defend_G","Defend_G","Survivor","Neutralize+1","Dodge and Roll","Deadly Poison","Backstab","Noxious Fumes+1","Sucker Punch","Terror","Leg Sweep+1","Backflip","Malaise","Expertise","Venomology","Poisoned Stab","Caltrops+1","PiercingWail","Corpse Explosion","Predator+1","Catalyst+1","Doppelganger+1","Burst+1","Outmaneuver+1","Backflip+1","Escape Plan+1","PiercingWail+1","Blur+1","Backflip+1","Acrobatics+1","Writhe","Dagger Throw+1","Escape Plan+1","Purity+1","Well Laid Plans+1"],"relics":["Ring of the Snake","NeowsBlessing","Shovel","Letter Opener","Mercury Hourglass","The Courier","Fusion Hammer","Art of War","Frozen Egg 2","Mummified Hand","Ice Cream","War Paint","Red Mask","Toxic Egg 2","Gambling Chip","Potion Belt","Cursed Key","Toy Ornithopter","Blood Vial","Ancient Tea Set","Smiling Mask","WarpedTongs","Gremlin Horn"],"potions_floor_usage":[16,23,30,30,37,37,38,42,45,45,50,50],"damage_taken":[{"damage":0,"enemies":"2 Louse","floor":1,"turns":1},{"damage":0,"enemies":"Cultist","floor":4,"turns":1},{"damage":0,"enemies":"Lagavulin","floor":6,"turns":1},{"damage":25,"enemies":"3 Sentries","floor":8,"turns":11},{"damage":15,"enemies":"Gremlin Nob","floor":11,"turns":4},{"damage":0,"enemies":"Small Slimes","floor":13,"turns":2},{"damage":0,"enemies":"Exordium Wildlife","floor":14,"turns":3},{"damage":6,"enemies":"The Guardian","floor":16,"turns":10},{"damage":1,"enemies":"Shell Parasite","floor":18,"turns":6},{"damage":12,"enemies":"Spheric Guardian","floor":22,"turns":5},{"damage":3,"enemies":"Book of Stabbing","floor":23,"turns":6},{"damage":18,"enemies":"Masked Bandits","floor":28,"turns":4},{"damage":1,"enemies":"Slavers","floor":30,"turns":5},{"damage":4,"enemies":"Centurion and Healer","floor":31,"turns":5},{"damage":10,"enemies":"Automaton","floor":33,"turns":8},{"damage":4,"enemies":"3 Darklings","floor":35,"turns":2},{"damage":2,"enemies":"Orb Walker","floor":37,"turns":3},{"damage":0,"enemies":"Transient","floor":38,"turns":5},{"damage":0,"enemies":"3 Darklings","floor":39,"turns":2},{"damage":0,"enemies":"Reptomancer","floor":40,"turns":3},{"damage":0,"enemies":"4 Shapes","floor":41,"turns":3},{"damage":0,"enemies":"Transient","floor":42,"turns":5},{"damage":6,"enemies":"Nemesis","floor":44,"turns":7},{"damage":25,"enemies":"Spire Growth","floor":45,"turns":5},{"damage":0,"enemies":"Writhing Mass","floor":48,"turns":3},{"damage":1,"enemies":"Awakened One","floor":50,"turns":14}],"seed_played":"-6876418483045200368","potions_obtained":[{"floor":1,"key":"SteroidPotion"},{"floor":8,"key":"PowerPotion"},{"floor":14,"key":"EssenceOfSteel"},{"floor":22,"key":"AttackPotion"},{"floor":37,"key":"AttackPotion"},{"floor":40,"key":"Dexterity Potion"}],"is_trial":false,"path_per_floor":["M","$","?","M","?","E","?","E","T","R","E","R","M","M","R","B",null,"M","$","?","?","M","E","R","?","T","$","?","?","E","M","R","B",null,"M","$","M","M","M","E","M","M","T","E","M","?","$","M","R","B",null],"character_chosen":"THE_SILENT","items_purchased":["Deadly Poison","Backstab","Art of War","Frozen Egg 2","GhostInAJar","Toy Ornithopter","Swift Potion","Purity+1"],"campfire_rested":1,"item_purchase_floors":[2,2,19,19,19,36,47,47],"current_hp_per_floor":[63,63,63,63,68,68,57,32,32,32,17,39,39,39,39,33,65,64,64,64,64,52,49,49,49,49,49,31,31,45,41,41,31,64,60,60,68,73,73,73,75,75,75,69,68,68,68,70,70,75],"gold":67,"neow_bonus":"THREE_ENEMY_KILL","is_prod":false,"is_daily":false,"chose_seed":false,"campfire_upgraded":2,"win_rate":0,"timestamp":1567091876,"path_taken":["M","$","?","?","?","E","?","E","T","R","E","R","M","M","R","BOSS","M","$","?","?","M","E","R","?","T","$","?","?","E","M","R","BOSS","M","$","M","M","M","E","M","M","T","E","M","?","$","M","R","BOSS"],"build_version":"2019-07-17","purchased_purges":3,"victory":true,"max_hp_per_floor":[70,70,70,70,75,75,75,75,75,75,75,75,75,75,75,75,75,75,75,75,75,75,75,75,75,75,75,75,75,75,75,75,75,75,75,75,75,75,75,75,75,75,75,75,75,75,75,75,75,75],"card_choices":[{"not_picked":["Acrobatics","Tactician"],"picked":"Dodge and Roll","floor":1},{"not_picked":["Concentrate","Dodge and Roll"],"picked":"Noxious Fumes","floor":4},{"not_picked":["Blade Dance","Backflip"],"picked":"Sucker Punch","floor":6},{"not_picked":["Backstab","Bane"],"picked":"Terror","floor":8},{"not_picked":["Envenom","Choke"],"picked":"Leg Sweep","floor":11},{"not_picked":["Quick Slash","Dagger Throw","Infinite Blades"],"picked":"SKIP","floor":13},{"not_picked":["Distraction","Bane"],"picked":"Backflip","floor":14},{"not_picked":["Storm of Steel","Night Terror"],"picked":"Malaise","floor":16},{"not_picked":["Distraction","Prepared"],"picked":"Expertise","floor":18},{"not_picked":["Backflip","Backstab"],"picked":"PiercingWail","floor":22},{"not_picked":["Poisoned Stab","Backstab"],"picked":"Corpse Explosion","floor":23},{"not_picked":["Underhanded Strike","Terror"],"picked":"Predator+1","floor":28},{"not_picked":["Outmaneuver+1","Poisoned Stab"],"picked":"Catalyst+1","floor":30},{"not_picked":["Accuracy+1","Cloak And Dagger+1"],"picked":"Doppelganger+1","floor":31},{"not_picked":["A Thousand Cuts+1","Phantasmal Killer+1"],"picked":"Burst+1","floor":33},{"not_picked":["Cloak And Dagger+1","Terror+1"],"picked":"Outmaneuver+1","floor":35},{"not_picked":["Dodge and Roll+1","Die Die Die"],"picked":"Backflip+1","floor":37},{"not_picked":["Poisoned Stab","Dagger Spray"],"picked":"Escape Plan+1","floor":38},{"not_picked":["Heel Hook+1","Masterful Stab"],"picked":"PiercingWail+1","floor":39},{"not_picked":["Backflip+1","Masterful Stab"],"picked":"Blur+1","floor":40},{"not_picked":["Slice","Underhanded Strike"],"picked":"Backflip+1","floor":41},{"not_picked":["Blade Dance+1","Deflect+1"],"picked":"Acrobatics+1","floor":42},{"not_picked":["Acrobatics+1","Outmaneuver+1","Dagger Throw+1"],"picked":"SKIP","floor":44},{"not_picked":["Acrobatics+1","Outmaneuver+1"],"picked":"Dagger Throw+1","floor":44},{"not_picked":["Expertise+1","Unload"],"picked":"Escape Plan+1","floor":45},{"not_picked":["Flechettes+1","Accuracy+1"],"picked":"Well Laid Plans+1","floor":48}],"player_experience":481075,"relics_obtained":[{"floor":6,"key":"Shovel"},{"floor":8,"key":"Letter Opener"},{"floor":9,"key":"Mercury Hourglass"},{"floor":11,"key":"The Courier"},{"floor":23,"key":"Mummified Hand"},{"floor":24,"key":"Ice Cream"},{"floor":26,"key":"War Paint"},{"floor":28,"key":"Red Mask"},{"floor":29,"key":"Toxic Egg 2"},{"floor":30,"key":"Gambling Chip"},{"floor":32,"key":"Potion Belt"},{"floor":40,"key":"Blood Vial"},{"floor":43,"key":"Ancient Tea Set"},{"floor":44,"key":"Smiling Mask"},{"floor":49,"key":"Gremlin Horn"}],"event_choices":[{"damage_healed":0,"gold_gain":100,"player_choice":"Pray","damage_taken":0,"max_hp_gain":0,"max_hp_loss":0,"event_name":"Golden Shrine","floor":3,"gold_loss":0},{"damage_healed":0,"gold_gain":0,"player_choice":"Donut","damage_taken":0,"max_hp_gain":5,"max_hp_loss":0,"event_name":"Big Fish","floor":5,"gold_loss":0},{"damage_healed":0,"gold_gain":75,"player_choice":"Gather Gold","damage_taken":11,"max_hp_gain":0,"max_hp_loss":0,"event_name":"World of Goop","floor":7,"gold_loss":0},{"damage_healed":0,"gold_gain":0,"cards_transformed":["Strike_G","Strike_G"],"player_choice":"Became Test Subject","damage_taken":0,"max_hp_gain":0,"max_hp_loss":0,"event_name":"Drug Dealer","floor":20,"gold_loss":0,"cards_obtained":["Venomology","Poisoned Stab"]},{"damage_healed":0,"gold_gain":0,"player_choice":"Read","damage_taken":0,"max_hp_gain":0,"max_hp_loss":0,"event_name":"The Library","floor":21,"gold_loss":0,"cards_obtained":["Caltrops"]},{"damage_healed":0,"gold_gain":0,"player_choice":"Fought Bandits","damage_taken":0,"max_hp_gain":0,"max_hp_loss":0,"event_name":"Masked Bandits","floor":28,"gold_loss":0},{"damage_healed":0,"gold_gain":0,"player_choice":"Relic","damage_taken":0,"max_hp_gain":0,"max_hp_loss":0,"event_name":"Wheel of Change","floor":29,"gold_loss":0},{"damage_healed":0,"gold_gain":0,"player_choice":"Rummage","damage_taken":0,"relics_obtained":["WarpedTongs"],"max_hp_gain":0,"max_hp_loss":0,"event_name":"Accursed Blacksmith","floor":46,"gold_loss":0,"cards_obtained":["Pain"]}],"is_beta":false,"boss_relics":[{"not_picked":["Velvet Choker","Coffee Dripper"],"picked":"Fusion Hammer"},{"not_picked":["Busted Crown","WristBlade"],"picked":"Cursed Key"}],"items_purged_floors":[19,27,47],"is_endless":false,"potions_floor_spawned":[1,8,14,22,37,40,41,44],"ascension_level":10}