{"gold_per_floor":[118,131,1,1,11,11,29,54,54,80,99,113,113,113,113,218,218,238,84,84,3,3,3,36,48,48,48,62,91,111,121,121,222,222,236,27,127,138,138,138,138,154,154,154,154,174,0,13,13,13],"floor_reached":51,"playtime":2482,"items_purged":["Strike_G"],"score":897,"play_id":"6204dbac-e567-4456-970b-70c127243c45","local_time":"20190826210428","is_ascension_mode":false,"campfire_choices":[{"data":"Deadly Poison","floor":6,"key":"SMITH"},{"data":"Crippling Poison","floor":13,"key":"SMITH"},{"data":"Noxious Fumes","floor":15,"key":"SMITH"},{"data":"Catalyst","floor":23,"key":"SMITH"},{"data":"Ghostly","floor":27,"key":"SMITH"},{"data":"Ghostly","floor":32,"key":"SMITH"},{"data":"Malaise","floor":40,"key":"SMITH"},{"data":"Noxious Fumes","floor":44,"key":"SMITH"},{"data":"Madness","floor":49,"key":"SMITH"}],"neow_cost":"NONE","seed_source_timestamp":526093957995799,"circlet_count":0,"master_deck":["Strike_G+1","Strike_G+1","Defend_G+1","Defend_G+1","Defend_G+1","Defend_G+1","Defend_G+1","Survivor","Neutralize","All Out Attack","Poisoned Stab","Blade Dance","Deadly Poison+1","Noxious Fumes+1","Cloak And Dagger","Noxious Fumes+1","Cloak And Dagger","Prepared","Crippling Poison+1","Leg Sweep","PiercingWail","Catalyst+1","Ghostly+1","Ghostly+1","Ghostly","Ghostly","Ghostly","Concentrate","Masterful Stab+1","PiercingWail","Prepared","Adrenaline","Dodge and Roll","Deflect","Malaise+1","Concentrate","Backstab+1","Madness","Madness+1","Caltrops+1","Finesse","Concentrate+1","Distraction+1"],"relics":["Ring of the Snake","Bronze Scales","Bottled Flame","Unceasing Top","Sozu","Molten Egg 2","Letter Opener","The Specimen","Runic Dome","Strange Spoon","Tough Bandages","Bottled Tornado","Red Mask"],"potions_floor_usage":[50,50,50],"damage_taken":[{"damage":0,"enemies":"Small Slimes","floor":1,"turns":3},{"damage":0,"enemies":"2 Louse","floor":2,"turns":2},{"damage":0,"enemies":"Jaw Worm","floor":5,"turns":3},{"damage":0,"enemies":"3 Louse","floor":7,"turns":2},{"damage":26,"enemies":"Gremlin Nob","floor":8,"turns":5},{"damage":14,"enemies":"3 Sentries","floor":10,"turns":5},{"damage":1,"enemies":"Looter","floor":11,"turns":3},{"damage":4,"enemies":"2 Fungi Beasts","floor":12,"turns":3},{"damage":15,"enemies":"Slime Boss","floor":16,"turns":8},{"damage":4,"enemies":"Shell Parasite","floor":18,"turns":4},{"damage":2,"enemies":"Slavers","floor":24,"turns":6},{"damage":0,"enemies":"3 Byrds","floor":25,"turns":4},{"damage":2,"enemies":"Shelled Parasite and Fungi","floor":28,"turns":5},{"damage":0,"enemies":"Gremlin Leader","floor":29,"turns":5},{"damage":10,"enemies":"Sentry and Sphere","floor":30,"turns":3},{"damage":0,"enemies":"3 Cultists","floor":31,"turns":4},{"damage":0,"enemies":"Automaton","floor":33,"turns":8},{"damage":0,"enemies":"Orb Walker","floor":35,"turns":3},{"damage":0,"enemies":"Mind Bloom Boss Battle","floor":37,"turns":6},{"damage":0,"enemies":"3 Darklings","floor":38,"turns":3},{"damage":0,"enemies":"Transient","floor":42,"turns":5},{"damage":0,"enemies":"Spire Growth","floor":46,"turns":4},{"damage":0,"enemies":"4 Shapes","floor":48,"turns":4},{"damage":0,"enemies":"Awakened One","floor":50,"turns":10}],"seed_played":"3926751911752520528","potions_obtained":[{"floor":2,"key":"Dexterity Potion"},{"floor":10,"key":"EntropicBrew"},{"floor":11,"key":"GamblersBrew"}],"is_trial":false,"path_per_floor":["M","M","$","?","M","R","M","E","T","E","M","M","R","?","R","B",null,"M","$","?","$","?","R","E","M","T","R","M","E","M","M","R","B",null,"M","$","?","M","?","R","?","M","T","R","?","M","?","M","R","B",null],"character_chosen":"THE_SILENT","items_purchased":["Deadly Poison","Noxious Fumes","Catalyst","Concentrate","Strange Spoon"],"campfire_rested":0,"item_purchase_floors":[3,3,19,21,36],"current_hp_per_floor":[70,70,70,63,63,63,63,37,37,23,22,18,18,41,41,26,70,66,66,35,35,35,35,33,33,33,33,31,31,21,21,21,21,35,35,35,35,35,35,35,31,31,31,31,31,31,31,31,31,31],"gold":13,"neow_bonus":"TRANSFORM_CARD","is_prod":false,"is_daily":false,"chose_seed":false,"campfire_upgraded":9,"win_rate":1,"timestamp":1566821068,"path_taken":["M","M","$","?","M","R","M","E","T","E","M","M","R","?","R","BOSS","M","$","?","$","?","R","E","M","T","R","M","E","M","M","R","BOSS","M","$","?","M","?","R","?","M","T","R","?","M","?","M","R","BOSS"],"build_version":"2019-07-17","purchased_purges":1,"victory":true,"max_hp_per_floor":[70,70,70,70,70,70,70,70,70,70,70,70,70,70,70,70,70,70,70,35,35,35,35,35,35,35,35,35,35,35,35,35,35,35,35,35,35,35,35,35,35,35,35,35,35,35,35,35,35,35],"card_choices":[{"not_picked":["Cloak And Dagger","Bane"],"picked":"Poisoned Stab","floor":1},{"not_picked":["Eviscerate","Prepared"],"picked":"Blade Dance","floor":2},{"not_picked":["A Thousand Cuts","Bane"],"picked":"Cloak And Dagger","floor":5},{"not_picked":["Dodge and Roll","Underhanded Strike"],"picked":"Noxious Fumes","floor":7},{"not_picked":["Flying Knee","Dagger Throw"],"picked":"Cloak And Dagger","floor":8},{"not_picked":["Choke","Riddle With Holes"],"picked":"Prepared","floor":10},{"not_picked":["Riddle With Holes","Poisoned Stab"],"picked":"Crippling Poison","floor":11},{"not_picked":["Calculated Gamble","Deadly Poison"],"picked":"Leg Sweep","floor":12},{"not_picked":["Deflect","Expertise"],"picked":"PiercingWail","floor":18},{"not_picked":["Tactician+1","Dagger Throw"],"picked":"Masterful Stab","floor":24},{"not_picked":["Bane+1","Quick Slash+1"],"picked":"PiercingWail","floor":25},{"not_picked":["Sucker Punch+1","Blade Dance"],"picked":"Prepared","floor":28},{"not_picked":["Dash+1","Heel Hook+1"],"picked":"Adrenaline","floor":29},{"not_picked":["Backstab+1","Flechettes+1"],"picked":"Dodge and Roll","floor":30},{"not_picked":["Acrobatics","Poisoned Stab+1"],"picked":"Deflect","floor":31},{"not_picked":["Envenom","Wraith Form v2"],"picked":"Malaise","floor":33},{"not_picked":["Poisoned Stab+1","Dodge and Roll"],"picked":"Backstab+1","floor":35},{"not_picked":["Endless Agony+1","Blur+1"],"picked":"Concentrate","floor":37},{"not_picked":["Blur","Quick Slash+1"],"picked":"Backstab+1","floor":38},{"not_picked":["Dodge and Roll","Heel Hook+1"],"picked":"Caltrops+1","floor":42},{"not_picked":["Purity","Deep Breath"],"picked":"Finesse","floor":45},{"not_picked":["Skewer+1","Quick Slash+1"],"picked":"Concentrate+1","floor":46},{"not_picked":["Dagger Throw+1","Bouncing Flask"],"picked":"Distraction+1","floor":48}],"player_experience":230674,"relics_obtained":[{"floor":8,"key":"Bronze Scales"},{"floor":9,"key":"Bottled Flame"},{"floor":10,"key":"Unceasing Top"},{"floor":24,"key":"Molten Egg 2"},{"floor":26,"key":"Letter Opener"},{"floor":29,"key":"The Specimen"},{"floor":37,"key":"Tough Bandages"},{"floor":43,"key":"Bottled Tornado"}],"event_choices":[{"cards_removed":["Strike_G"],"damage_healed":0,"gold_gain":0,"player_choice":"Card Removal","damage_taken":7,"max_hp_gain":0,"max_hp_loss":0,"event_name":"Golden Wing","floor":4,"gold_loss":0},{"damage_healed":23,"gold_gain":0,"player_choice":"Banana","damage_taken":0,"max_hp_gain":0,"max_hp_loss":0,"event_name":"Big Fish","floor":14,"gold_loss":0},{"damage_healed":0,"gold_gain":0,"player_choice":"Became a Ghost","damage_taken":0,"max_hp_gain":0,"max_hp_loss":35,"event_name":"Ghosts","floor":20,"gold_loss":0,"cards_obtained":["Ghostly","Ghostly","Ghostly","Ghostly","Ghostly"]},{"damage_healed":0,"gold_gain":0,"player_choice":"Simplicity","damage_taken":0,"max_hp_gain":0,"max_hp_loss":0,"event_name":"Back to Basics","floor":22,"gold_loss":0,"cards_upgraded":["Strike_G","Strike_G","Defend_G","Defend_G","Defend_G","Defend_G","Defend_G"]},{"damage_healed":0,"gold_gain":0,"player_choice":"Fight","damage_taken":0,"max_hp_gain":0,"max_hp_loss":0,"event_name":"MindBloom","floor":37,"gold_loss":0},{"cards_removed":["Backstab"],"damage_healed":0,"gold_gain":0,"player_choice":"Removed Attack","damage_taken":0,"max_hp_gain":0,"max_hp_loss":0,"event_name":"Falling","floor":39,"gold_loss":0},{"damage_healed":0,"gold_gain":0,"player_choice":"Embrace Madness","damage_taken":4,"max_hp_gain":0,"max_hp_loss":0,"event_name":"Winding Halls","floor":41,"gold_loss":0,"cards_obtained":["Madness","Madness"]},{"damage_healed":0,"gold_gain":0,"player_choice":"Memory 1","damage_taken":0,"max_hp_gain":0,"max_hp_loss":0,"event_name":"SensoryStone","floor":45,"gold_loss":0},{"damage_healed":0,"gold_gain":0,"player_choice":"Paid","damage_taken":0,"relics_obtained":["Red Mask"],"max_hp_gain":0,"max_hp_loss":0,"event_name":"Tomb of Lord Red Mask","floor":47,"gold_loss":174}],"is_beta":false,"boss_relics":[{"not_picked":["Cursed Key","HoveringKite"],"picked":"Sozu"},{"not_picked":["WristBlade","White Beast Statue"],"picked":"Runic Dome"}],"items_purged_floors":[19],"is_endless":false,"potions_floor_spawned":[2,10,11,12,16,24,28,29,33,37,38,42],"ascension_level":0}