{"gold_per_floor":[117,117,127,18,18,44,44,71,96,96,110,110,130,148,148,253,253,267,267,284,4,20,49,49,49,49,49,49,49,49,59,59,155,155,167,42,55,73,87,100,100,116,162,182,234,234,247,274,286,298],"floor_reached":51,"playtime":2158,"items_purged":["Strike_B","Defend_B","Defend_B"],"score":727,"play_id":"023ff79e-8fdb-44d1-ba58-5033a204f0e9","local_time":"20190903004405","is_ascension_mode":false,"campfire_choices":[{"data":"Defragment","floor":7,"key":"SMITH"},{"floor":10,"key":"REST"},{"data":"Electrodynamics","floor":12,"key":"SMITH"},{"data":"Glacier","floor":15,"key":"SMITH"},{"data":"Buffer","floor":25,"key":"SMITH"},{"floor":27,"key":"REST"},{"data":"Zap","floor":32,"key":"SMITH"},{"data":"Go for the Eyes","floor":41,"key":"SMITH"},{"data":"Conserve Battery","floor":46,"key":"SMITH"},{"data":"Bite","floor":49,"key":"SMITH"}],"neow_cost":"NONE","seed_source_timestamp":749614521195300,"circlet_count":0,"master_deck":["Zap+1","Dualcast","Electrodynamics+1","Conserve Battery+1","Defragment+1","Lockon","Capacitor","Hologram","Leap","Barrage+1","Glacier+1","Buffer+1","Leap","Bite+1","Bite+1","Bite","Bite","Bite","Leap","Leap","Go for the Eyes+1","Capacitor+1","Machine Learning","Coolheaded+1","Ball Lightning+1","Conserve Battery+1","Tempest+1","Leap+1","Stack+1"],"relics":["Cracked Core","Bag of Marbles","Emotion Chip","Ancient Tea Set","Odd Mushroom","Nuclear Battery","Anchor","DataDisk","Bronze Scales","Inserter","Whetstone","Du-Vu Doll","MawBank"],"potions_floor_usage":[50,50],"damage_taken":[{"damage":1,"enemies":"Cultist","floor":1,"turns":3},{"damage":8,"enemies":"Jaw Worm","floor":3,"turns":4},{"damage":14,"enemies":"Gremlin Nob","floor":6,"turns":3},{"damage":35,"enemies":"Lagavulin","floor":8,"turns":5},{"damage":0,"enemies":"Small Slimes","floor":11,"turns":3},{"damage":1,"enemies":"The Mushroom Lair","floor":13,"turns":2},{"damage":1,"enemies":"3 Louse","floor":14,"turns":2},{"damage":13,"enemies":"Hexaghost","floor":16,"turns":6},{"damage":3,"enemies":"3 Byrds","floor":18,"turns":2},{"damage":16,"enemies":"2 Thieves","floor":20,"turns":4},{"damage":0,"enemies":"3 Cultists","floor":22,"turns":3},{"damage":33,"enemies":"Gremlin Leader","floor":23,"turns":7},{"damage":0,"enemies":"Centurion and Healer","floor":31,"turns":7},{"damage":27,"enemies":"Automaton","floor":33,"turns":11},{"damage":0,"enemies":"3 Shapes","floor":35,"turns":4},{"damage":7,"enemies":"Orb Walker","floor":37,"turns":3},{"damage":0,"enemies":"Spire Growth","floor":38,"turns":5},{"damage":11,"enemies":"Maw","floor":39,"turns":8},{"damage":9,"enemies":"Sphere and 2 Shapes","floor":40,"turns":4},{"damage":0,"enemies":"Spire Growth","floor":42,"turns":5},{"damage":1,"enemies":"Maw","floor":44,"turns":6},{"damage":21,"enemies":"2 Orb Walkers","floor":45,"turns":5},{"damage":0,"enemies":"Sphere and 2 Shapes","floor":47,"turns":3},{"damage":22,"enemies":"Awakened One","floor":50,"turns":11}],"seed_played":"-5462524958445181721","potions_obtained":[{"floor":1,"key":"GamblersBrew"},{"floor":3,"key":"SpeedPotion"},{"floor":11,"key":"FearPotion"},{"floor":20,"key":"Fire Potion"},{"floor":44,"key":"FocusPotion"}],"is_trial":false,"path_per_floor":["M","?","M","$","?","E","R","E","T","R","M","R","?","M","R","B",null,"M","?","M","$","M","E","?","R","T","R","?","$","?","M","R","B",null,"M","$","M","M","M","M","R","M","T","M","?","R","M","T","R","B",null],"character_chosen":"DEFECT","items_purchased":["Lockon","Leap","Anchor"],"campfire_rested":2,"item_purchase_floors":[4,21,21],"current_hp_per_floor":[74,79,71,71,71,57,57,22,22,46,46,46,45,44,44,31,80,77,56,48,48,50,29,29,29,29,45,45,45,45,56,56,47,56,56,56,50,56,45,42,42,48,48,51,42,42,47,47,47,55],"gold":310,"neow_bonus":"ONE_RANDOM_RARE_CARD","is_prod":false,"is_daily":false,"chose_seed":false,"campfire_upgraded":8,"win_rate":0,"timestamp":1567464245,"path_taken":["M","?","M","$","?","E","R","E","T","R","M","R","?","M","R","BOSS","M","?","M","$","M","E","?","R","T","R","?","$","?","M","R","BOSS","M","$","M","?","M","M","R","M","T","M","?","R","M","?","R","BOSS"],"build_version":"2019-07-17","purchased_purges":3,"victory":true,"max_hp_per_floor":[75,80,80,80,80,80,80,80,80,80,80,80,80,80,80,80,80,80,56,56,56,56,56,56,56,56,56,56,56,56,56,56,56,56,56,56,56,56,56,56,56,56,56,56,56,56,56,56,56,56],"card_choices":[{"not_picked":["Melter","Barrage"],"picked":"Conserve Battery","floor":1},{"not_picked":["Aggregate","Hello World"],"picked":"Defragment","floor":3},{"not_picked":["Coolheaded","Turbo"],"picked":"Capacitor","floor":6},{"not_picked":["Turbo","Machine Learning"],"picked":"Hologram","floor":8},{"not_picked":["Melter","Redo"],"picked":"Leap","floor":11},{"not_picked":["Melter","Rebound"],"picked":"Barrage","floor":13},{"not_picked":["Ball Lightning","Self Repair"],"picked":"Glacier","floor":14},{"not_picked":["Core Surge","Thunder Strike"],"picked":"Buffer","floor":16},{"not_picked":["Undo","Streamline"],"picked":"Leap","floor":18},{"not_picked":["Hologram","Genetic Algorithm"],"picked":"Leap","floor":20},{"not_picked":["Turbo","Reprogram","Rebound"],"picked":"SKIP","floor":22},{"not_picked":["Heatsinks","Amplify"],"picked":"Go for the Eyes","floor":23},{"not_picked":["White Noise","Beam Cell+1"],"picked":"Capacitor+1","floor":31},{"not_picked":["Amplify","Buffer"],"picked":"Machine Learning","floor":33},{"not_picked":["Barrage+1","Tempest+1"],"picked":"Coolheaded+1","floor":35},{"not_picked":["Rebound+1","Undo","Sweeping Beam"],"picked":"SKIP","floor":37},{"not_picked":["Streamline+1","Rip and Tear","Recycle"],"picked":"SKIP","floor":38},{"not_picked":["Conserve Battery","Stack"],"picked":"Ball Lightning+1","floor":39},{"not_picked":["Coolheaded","Steam Power+1"],"picked":"Conserve Battery+1","floor":40},{"not_picked":["Sweeping Beam","Sunder+1"],"picked":"Tempest+1","floor":42},{"not_picked":["Static Discharge+1","Force Field+1"],"picked":"Leap+1","floor":44},{"not_picked":["Turbo","Barrage+1"],"picked":"Stack+1","floor":45},{"not_picked":["Streamline+1","Ball Lightning","Steam+1"],"picked":"SKIP","floor":47}],"player_experience":391480,"relics_obtained":[{"floor":6,"key":"Bag of Marbles"},{"floor":8,"key":"Emotion Chip"},{"floor":9,"key":"Ancient Tea Set"},{"floor":13,"key":"Odd Mushroom"},{"floor":23,"key":"DataDisk"},{"floor":26,"key":"Bronze Scales"},{"floor":43,"key":"Whetstone"},{"floor":45,"key":"Du-Vu Doll"},{"floor":48,"key":"MawBank"}],"event_choices":[{"damage_healed":0,"gold_gain":0,"player_choice":"Donut","damage_taken":0,"max_hp_gain":5,"max_hp_loss":0,"event_name":"Big Fish","floor":2,"gold_loss":0},{"damage_healed":0,"gold_gain":0,"player_choice":"Ignored","damage_taken":0,"max_hp_gain":0,"max_hp_loss":0,"event_name":"Golden Idol","floor":5,"gold_loss":0},{"damage_healed":0,"gold_gain":0,"player_choice":"Fought Mushrooms","damage_taken":0,"max_hp_gain":0,"max_hp_loss":0,"event_name":"Mushrooms","floor":13,"gold_loss":0},{"damage_healed":0,"gold_gain":0,"player_choice":"Became a vampire","damage_taken":0,"max_hp_gain":0,"max_hp_loss":24,"event_name":"Vampires","floor":19,"gold_loss":0,"cards_obtained":["Bite","Bite","Bite","Bite","Bite"]},{"cards_removed":["Defend_B"],"damage_healed":0,"gold_gain":0,"player_choice":"Elegance","damage_taken":0,"max_hp_gain":0,"max_hp_loss":0,"event_name":"Back to Basics","floor":24,"gold_loss":0},{"cards_removed":["Defend_B"],"damage_healed":0,"gold_gain":0,"player_choice":"Purged","damage_taken":0,"max_hp_gain":0,"max_hp_loss":0,"event_name":"Purifier","floor":30,"gold_loss":0},{"damage_healed":0,"gold_gain":0,"player_choice":"Fight","damage_taken":0,"max_hp_gain":0,"max_hp_loss":0,"event_name":"Mysterious Sphere","floor":45,"gold_loss":0}],"is_beta":false,"boss_relics":[{"not_picked":["Ectoplasm","FrozenCore"],"picked":"Nuclear Battery"},{"not_picked":["Eternal Feather","Pandora\u0027s Box"],"picked":"Inserter"}],"items_purged_floors":[4,21,36],"is_endless":false,"potions_floor_spawned":[1,3,11,20,31,33,39,44],"ascension_level":0}