{"gold_per_floor":[112,123,135,149,18,49,49,78,102,102,131,131,131,142,142,218,218,229,10,40,60,76,76,76],"floor_reached":24,"playtime":1497,"items_purged":["Strike_G"],"score":432,"play_id":"b59947d4-3829-41bc-aaa7-15fb4a88425b","local_time":"20190712182717","is_ascension_mode":true,"campfire_choices":[{"data":"Predator","floor":7,"key":"SMITH"},{"floor":10,"key":"REST"},{"data":"Tools of the Trade","floor":13,"key":"SMITH"},{"data":"Bane","floor":15,"key":"SMITH"},{"floor":23,"key":"REST"}],"neow_cost":"NONE","seed_source_timestamp":252695892127400,"circlet_count":0,"master_deck":["AscendersBane","Strike_G","Strike_G","Strike_G","Strike_G","Defend_G","Defend_G","Defend_G","Defend_G","Defend_G","Survivor","Neutralize+1","Flying Knee","Predator+1","PiercingWail","Quick Slash","Backstab","Deadly Poison","Leg Sweep","Tools of the Trade+1","Bane+1","Night Terror","Dash","Deflect","Dagger Spray","Dodge and Roll","Crippling Poison","Burst"],"special_seed":0,"relics":["Ring of the Snake","Dream Catcher","Ancient Tea Set","Lantern","Vajra","CultistMask","Philosopher\u0027s Stone","Oddly Smooth Stone","Red Mask"],"potions_floor_usage":[8,18,24],"damage_taken":[{"damage":1.0,"enemies":"Jaw Worm","floor":1.0,"turns":5.0},{"damage":0.0,"enemies":"Cultist","floor":2.0,"turns":4.0},{"damage":1.0,"enemies":"2 Louse","floor":3.0,"turns":2.0},{"damage":1.0,"enemies":"Blue Slaver","floor":4.0,"turns":5.0},{"damage":20,"enemies":"3 Sentries","floor":6,"turns":11},{"damage":7,"enemies":"Lagavulin","floor":8,"turns":4},{"damage":6,"enemies":"Gremlin Nob","floor":11,"turns":3},{"damage":0,"enemies":"Large Slime","floor":14,"turns":5},{"damage":30,"enemies":"The Guardian","floor":16,"turns":13},{"damage":10,"enemies":"3 Byrds","floor":18,"turns":6},{"damage":28,"enemies":"Masked Bandits","floor":20,"turns":5},{"damage":0,"enemies":"Chosen","floor":21,"turns":3},{"damage":2,"enemies":"Snake Plant","floor":22,"turns":6},{"damage":39,"enemies":"Gremlin Leader","floor":24,"turns":6}],"seed_played":"4316448659029799434","potions_obtained":[{"floor":2.0,"key":"SpeedPotion"},{"floor":3.0,"key":"Dexterity Potion"},{"floor":8,"key":"Swift Potion"},{"floor":22,"key":"Fire Potion"}],"is_trial":false,"path_per_floor":["M","M","M","M","$","E","R","E","T","R","E","?","R","M","R","B",null,"M","$","?","M","M","R","E"],"character_chosen":"THE_SILENT","items_purchased":["FearPotion","Oddly Smooth Stone","Deflect"],"campfire_rested":2,"item_purchase_floors":[5,19,19],"current_hp_per_floor":[58,58,57,56,56,36,36,29,29,48,42,42,42,42,42,12,53,43,43,15,15,13,32,0],"gold":76,"neow_bonus":"UPGRADE_CARD","is_prod":false,"is_daily":false,"chose_seed":false,"campfire_upgraded":3,"win_rate":0,"timestamp":1562970437,"path_taken":["M","M","M","M","$","E","R","E","T","R","E","?","R","?","R","BOSS","M","$","?","M","M","R","E"],"build_version":"2019-07-05","purchased_purges":1,"victory":false,"max_hp_per_floor":[66,66,66,66,66,66,66,66,66,66,66,66,66,66,66,66,66,66,66,66,66,66,66,66],"card_choices":[{"not_picked":["Flechettes","Slice"],"picked":"Flying Knee","floor":1.0},{"not_picked":["Quick Slash","Sucker Punch"],"picked":"Predator","floor":2.0},{"not_picked":["Outmaneuver","Backflip"],"picked":"PiercingWail","floor":3.0},{"not_picked":["Sucker Punch","Blade Dance"],"picked":"Quick Slash","floor":4.0},{"not_picked":["Underhanded Strike","Blur"],"picked":"Backstab","floor":6},{"not_picked":["Backflip","Wraith Form v2"],"picked":"Deadly Poison","floor":8},{"not_picked":["Cloak And Dagger","Flying Knee"],"picked":"Leg Sweep","floor":10},{"not_picked":["Underhanded Strike","Outmaneuver"],"picked":"Tools of the Trade","floor":11},{"not_picked":["Dagger Throw","Backflip"],"picked":"Bane","floor":14},{"not_picked":["Unload","A Thousand Cuts"],"picked":"Night Terror","floor":16},{"not_picked":["Acrobatics","Predator"],"picked":"Dash","floor":18},{"not_picked":["Slice","Backstab+1"],"picked":"Dagger Spray","floor":20},{"not_picked":["Riddle With Holes","Infinite Blades"],"picked":"Dodge and Roll","floor":21},{"not_picked":["Dagger Throw+1","Sucker Punch"],"picked":"Crippling Poison","floor":22},{"not_picked":["Terror+1","Dagger Spray"],"picked":"Burst","floor":23}],"player_experience":1339469,"relics_obtained":[{"floor":6,"key":"Dream Catcher"},{"floor":8,"key":"Ancient Tea Set"},{"floor":9,"key":"Lantern"},{"floor":11,"key":"Vajra"},{"floor":20,"key":"Red Mask"}],"event_choices":[{"damage_healed":0,"gold_gain":0,"player_choice":"Trade","damage_taken":0,"relics_obtained":["CultistMask"],"max_hp_gain":0,"max_hp_loss":0,"event_name":"FaceTrader","floor":12,"gold_loss":0},{"damage_healed":0,"gold_gain":0,"player_choice":"Fought Bandits","damage_taken":0,"max_hp_gain":0,"max_hp_loss":0,"event_name":"Masked Bandits","floor":20,"gold_loss":0}],"is_beta":false,"boss_relics":[{"not_picked":["Pandora\u0027s Box","Calling Bell"],"picked":"Philosopher\u0027s Stone"}],"items_purged_floors":[5],"is_endless":false,"potions_floor_spawned":[2,3,8,14,16,22],"killed_by":"Gremlin Leader","ascension_level":20}