{"gold_per_floor":[109,126,36,36,36,36,93,107,182,202,232,232,264,264,264,336,336,354,372,158,189,189,189,114,142,142,174,174,188,217,6,6,6],"floor_reached":33,"playtime":1565,"items_purged":["Strike_R","Strike_R+1"],"score":638,"play_id":"95c69ccf-716c-4328-8811-530a47294500","local_time":"20190831104908","is_ascension_mode":true,"campfire_choices":[{"data":"Combust","floor":6.0,"key":"SMITH"},{"data":"Blood for Blood","floor":12.0,"key":"SMITH"},{"data":"True Grit","floor":15.0,"key":"SMITH"},{"floor":23.0,"key":"REST"},{"floor":28.0,"key":"REST"},{"floor":32.0,"key":"REST"}],"neow_cost":"NONE","seed_source_timestamp":182610988425100,"circlet_count":0,"master_deck":["AscendersBane","Strike_R+1","Defend_R+1","Defend_R+1","Defend_R+1","Defend_R+1","Bash+1","Pommel Strike+1","Metallicize","Combust+1","Fiend Fire","Flame Barrier","True Grit+1","Blood for Blood+1","Uppercut","Feed","Headbutt","Inflame","Sentinel","True Grit","Second Wind","Armaments"],"special_seed":0,"relics":["Burning Blood","Tiny Chest","Gremlin Horn","Red Skull","Regal Pillow","Busted Crown","Red Mask","Paper Frog","Vajra","Centennial Puzzle","Dream Catcher"],"potions_floor_usage":[33],"damage_taken":[{"damage":7.0,"enemies":"Jaw Worm","floor":1.0,"turns":3.0},{"damage":0.0,"enemies":"Cultist","floor":2.0,"turns":3.0},{"damage":28.0,"enemies":"Gremlin Nob","floor":7.0,"turns":4.0},{"damage":1.0,"enemies":"2 Louse","floor":8.0,"turns":3.0},{"damage":3.0,"enemies":"2 Fungi Beasts","floor":10.0,"turns":3.0},{"damage":13.0,"enemies":"3 Sentries","floor":11.0,"turns":6.0},{"damage":24.0,"enemies":"Gremlin Nob","floor":13.0,"turns":4.0},{"damage":19.0,"enemies":"Hexaghost","floor":16.0,"turns":6.0},{"damage":12.0,"enemies":"Shell Parasite","floor":18.0,"turns":5.0},{"damage":34.0,"enemies":"2 Thieves","floor":19.0,"turns":4.0},{"damage":18.0,"enemies":"Masked Bandits","floor":21.0,"turns":3.0},{"damage":32.0,"enemies":"Slavers","floor":25.0,"turns":5.0},{"damage":30.0,"enemies":"Book of Stabbing","floor":27.0,"turns":5.0},{"damage":19.0,"enemies":"Snake Plant","floor":29.0,"turns":4.0},{"damage":33.0,"enemies":"Gremlin Leader","floor":30.0,"turns":6.0},{"damage":76,"enemies":"Collector","floor":33,"turns":6}],"seed_played":"660536331814867455","potions_obtained":[{"floor":1.0,"key":"BloodPotion"},{"floor":7.0,"key":"Ancient Potion"},{"floor":8.0,"key":"Block Potion"},{"floor":21.0,"key":"Fire Potion"},{"floor":29.0,"key":"Dexterity Potion"}],"is_trial":false,"path_per_floor":["M","M","$","?","$","R","E","M","T","M","E","R","E","?","R","B",null,"M","M","$","?","?","R","?","E","T","E","R","M","E","$","R","B"],"character_chosen":"IRONCLAD","items_purchased":["Combust","Inflame","SkillPotion","Armaments","PowerPotion"],"campfire_rested":3,"item_purchase_floors":[3,20,20,31,31],"current_hp_per_floor":[67,73,73,73,73,73,51,56,56,59,52,52,34,11,11,16,60,57,29,29,20,20,59,59,36,36,12,52,39,12,12,52,0],"gold":6,"neow_bonus":"UPGRADE_CARD","is_prod":false,"is_daily":false,"chose_seed":false,"campfire_upgraded":3,"win_rate":0,"timestamp":1567262948,"path_taken":["M","M","$","?","?","R","E","M","T","M","E","R","E","?","R","BOSS","M","M","$","?","?","R","?","E","T","E","R","M","E","?","R","BOSS"],"build_version":"2019-08-26","purchased_purges":2,"victory":false,"max_hp_per_floor":[75,75,75,75,75,75,75,75,75,75,75,75,75,75,75,75,75,78,78,78,81,81,81,81,84,84,84,84,84,84,84,84,84],"card_choices":[{"not_picked":["Carnage","Shrug It Off"],"picked":"Pommel Strike","floor":1.0},{"not_picked":["Searing Blow","Pommel Strike"],"picked":"Metallicize","floor":2.0},{"not_picked":["Havoc","Clothesline"],"picked":"Flame Barrier","floor":7.0},{"not_picked":["Heavy Blade","Clash"],"picked":"True Grit","floor":8.0},{"not_picked":["Twin Strike","Clash"],"picked":"Blood for Blood","floor":10.0},{"not_picked":["Double Tap","Flex"],"picked":"Uppercut","floor":11.0},{"not_picked":["Pommel Strike","Flex","Clothesline"],"picked":"SKIP","floor":13.0},{"not_picked":["Bludgeon","Reaper"],"picked":"Feed","floor":16.0},{"not_picked":["Anger"],"picked":"SKIP","floor":18.0},{"not_picked":[],"picked":"Headbutt","floor":19.0},{"not_picked":[],"picked":"Sentinel","floor":21.0},{"not_picked":[],"picked":"True Grit","floor":25.0},{"not_picked":["Headbutt"],"picked":"SKIP","floor":27.0},{"not_picked":["Twin Strike"],"picked":"SKIP","floor":29.0},{"not_picked":[],"picked":"Second Wind","floor":30.0}],"player_experience":820258,"relics_obtained":[{"floor":7.0,"key":"Tiny Chest"},{"floor":9.0,"key":"Gremlin Horn"},{"floor":11.0,"key":"Red Skull"},{"floor":13.0,"key":"Regal Pillow"},{"floor":21.0,"key":"Red Mask"},{"floor":25.0,"key":"Paper Frog"},{"floor":26.0,"key":"Vajra"},{"floor":27.0,"key":"Centennial Puzzle"},{"floor":30.0,"key":"Dream Catcher"}],"event_choices":[{"damage_healed":0.0,"max_hp_gain":0.0,"max_hp_loss":0.0,"gold_gain":0.0,"cards_transformed":["Strike_R"],"event_name":"Transmorgrifier","player_choice":"Transformed","floor":4.0,"gold_loss":0.0,"damage_taken":0.0,"cards_obtained":["Fiend Fire"]},{"damage_healed":0.0,"max_hp_gain":0.0,"max_hp_loss":0.0,"gold_gain":0.0,"event_name":"Shining Light","player_choice":"Entered Light","floor":14.0,"gold_loss":0.0,"damage_taken":23.0,"cards_upgraded":["Pommel Strike","Defend_R"]},{"damage_healed":0.0,"max_hp_gain":0.0,"max_hp_loss":0.0,"gold_gain":0.0,"event_name":"Masked Bandits","player_choice":"Fought Bandits","floor":21.0,"gold_loss":0.0,"damage_taken":0.0},{"damage_healed":0.0,"max_hp_gain":0.0,"max_hp_loss":0.0,"gold_gain":0.0,"event_name":"Back to Basics","player_choice":"Simplicity","floor":22.0,"gold_loss":0.0,"damage_taken":0.0,"cards_upgraded":["Strike_R","Strike_R","Strike_R","Defend_R","Defend_R","Defend_R"]},{"cards_removed":["Strike_R"],"damage_healed":0.0,"max_hp_gain":0.0,"max_hp_loss":0.0,"gold_gain":0.0,"event_name":"Beggar","player_choice":"Gave Gold","floor":24.0,"gold_loss":75.0,"damage_taken":0.0}],"is_beta":true,"boss_relics":[{"not_picked":["Runic Dome","Pandora\u0027s Box"],"picked":"Busted Crown"}],"items_purged_floors":[20,31],"is_endless":false,"potions_floor_spawned":[1,7,8,21,29],"killed_by":"Collector","ascension_level":20}