{"gold_per_floor":[118,118,134,147,163,197,213,213,266,277,277,293,310,330,330,430,430,430,430,30,30,30,30,30,30,30,30,30,30,5,5,5,5,5,5,5,5,5,5,5,5,5,5,5,5,5,5,5,5,5],"floor_reached":51,"playtime":2398,"items_purged":["Strike_B"],"score":785,"play_id":"104daeda-d9ad-4e40-8a5e-6f5bd8954952","local_time":"20190817153320","is_ascension_mode":false,"campfire_choices":[{"data":"Zap","floor":8,"key":"SMITH"},{"data":"Reinforced Body","floor":11,"key":"SMITH"},{"data":"Recycle","floor":15,"key":"SMITH"},{"floor":27,"key":"REST"},{"floor":29,"key":"REST"},{"data":"Genetic Algorithm","floor":32,"key":"SMITH"},{"data":"Madness","floor":40,"key":"SMITH"},{"data":"Fusion","floor":42,"key":"SMITH"},{"data":"Coolheaded","floor":46,"key":"SMITH"},{"floor":49,"key":"REST"}],"neow_cost":"NONE","seed_source_timestamp":2281076434937300,"circlet_count":0,"master_deck":["Strike_B+1","Strike_B","Strike_B+1","Defend_B","Defend_B","Defend_B+1","Defend_B","Zap+1","Dualcast+1","Sunder+1","Ball Lightning","FTL","Cold Snap+1","Fusion+1","Auto Shields","Reinforced Body+1","Recycle+1","Ball Lightning","Stack","Echo Form","Darkness","Genetic Algorithm+1","Coolheaded+1","Hologram+1","Defragment+1","Echo Form","Stack+1","Madness+1","Madness","Force Field+1","Skim+1"],"relics":["Cracked Core","Happy Flower","Oddly Smooth Stone","Ectoplasm","Membership Card","Singing Bowl","Red Mask","DataDisk","War Paint","Tiny House","Darkstone Periapt","Whetstone"],"potions_floor_usage":[3,5,10,16,22,23,24,41,44,50,50,50],"damage_taken":[{"damage":0,"enemies":"2 Louse","floor":1,"turns":2},{"damage":0,"enemies":"Jaw Worm","floor":3,"turns":1},{"damage":0,"enemies":"Cultist","floor":4,"turns":2},{"damage":0,"enemies":"Blue Slaver","floor":5,"turns":1},{"damage":8,"enemies":"3 Sentries","floor":6,"turns":5},{"damage":6,"enemies":"Exordium Wildlife","floor":7,"turns":2},{"damage":0,"enemies":"3 Louse","floor":10,"turns":1},{"damage":0,"enemies":"Looter","floor":12,"turns":3},{"damage":0,"enemies":"Exordium Wildlife","floor":13,"turns":2},{"damage":1,"enemies":"Large Slime","floor":14,"turns":4},{"damage":39,"enemies":"Hexaghost","floor":16,"turns":9},{"damage":9,"enemies":"3 Byrds","floor":18,"turns":4},{"damage":4,"enemies":"Spheric Guardian","floor":19,"turns":3},{"damage":18,"enemies":"Shelled Parasite and Fungi","floor":21,"turns":5},{"damage":32,"enemies":"Masked Bandits","floor":22,"turns":4},{"damage":10,"enemies":"Snake Plant","floor":23,"turns":4},{"damage":2,"enemies":"3 Cultists","floor":24,"turns":5},{"damage":0,"enemies":"Cultist and Chosen","floor":28,"turns":6},{"damage":6,"enemies":"Snake Plant","floor":31,"turns":4},{"damage":14,"enemies":"Champ","floor":33,"turns":16},{"damage":0,"enemies":"3 Darklings","floor":35,"turns":6},{"damage":7,"enemies":"Giant Head","floor":41,"turns":12},{"damage":0,"enemies":"3 Shapes","floor":44,"turns":5},{"damage":2,"enemies":"Maw","floor":45,"turns":8},{"damage":24,"enemies":"Writhing Mass","floor":48,"turns":7},{"damage":0,"enemies":"Donu and Deca","floor":50,"turns":15}],"seed_played":"-3980308910186455853","potions_obtained":[{"floor":0,"key":"Fire Potion"},{"floor":0,"key":"Poison Potion"},{"floor":0,"key":"Energy Potion"},{"floor":3,"key":"Weak Potion"},{"floor":6,"key":"AttackPotion"},{"floor":13,"key":"Weak Potion"},{"floor":16,"key":"Dexterity Potion"},{"floor":22,"key":"PowerPotion"},{"floor":24,"key":"FairyPotion"},{"floor":33,"key":"EssenceOfSteel"},{"floor":41,"key":"Poison Potion"},{"floor":44,"key":"LiquidBronze"}],"is_trial":false,"path_per_floor":["M","?","M","M","M","E","M","R","T","M","R","M","M","M","R","B",null,"M","M","$","M","?","M","M","T","T","R","M","R","$","M","R","B",null,"M","$","?","?","$","R","E","R","T","M","M","R","?","M","R","B",null],"character_chosen":"DEFECT","items_purchased":["Membership Card","Coolheaded","Singing Bowl","Block Potion"],"campfire_rested":3,"item_purchase_floors":[20,20,20,30],"current_hp_per_floor":[75,75,75,75,75,67,61,61,61,61,61,61,61,60,60,21,75,66,62,62,46,14,6,4,4,4,27,27,50,50,46,46,32,88,88,88,88,77,77,77,72,72,72,72,70,70,70,48,75,75],"gold":5,"neow_bonus":"THREE_SMALL_POTIONS","is_prod":false,"is_daily":false,"chose_seed":false,"campfire_upgraded":7,"win_rate":0,"timestamp":1566023600,"path_taken":["M","?","M","M","M","E","M","R","T","M","R","M","M","M","R","BOSS","M","M","$","M","?","M","M","?","T","R","M","R","$","M","R","BOSS","M","$","?","?","?","R","E","R","T","M","M","R","?","M","R","BOSS"],"build_version":"2019-07-17","purchased_purges":1,"victory":true,"max_hp_per_floor":[75,75,75,75,75,75,75,75,75,75,75,75,75,75,75,75,75,75,75,75,77,77,79,79,79,79,79,79,79,79,81,81,81,88,88,88,88,88,88,88,90,90,90,90,90,90,90,92,92,92],"card_choices":[{"not_picked":["Barrage","Rip and Tear"],"picked":"Sunder","floor":1},{"not_picked":["Blizzard","Hologram"],"picked":"Ball Lightning","floor":3},{"not_picked":["Chill","Leap"],"picked":"FTL","floor":4},{"not_picked":["Go for the Eyes","Turbo"],"picked":"Cold Snap","floor":5},{"not_picked":["Thunder Strike","Gash"],"picked":"Fusion","floor":6},{"not_picked":["Heatsinks","Compile Driver"],"picked":"Auto Shields","floor":7},{"not_picked":["Barrage","Redo"],"picked":"Reinforced Body","floor":10},{"not_picked":["Streamline","Steam Power"],"picked":"Recycle","floor":12},{"not_picked":["Hello World","Redo"],"picked":"Ball Lightning","floor":13},{"not_picked":["Reinforced Body","Leap"],"picked":"Stack","floor":14},{"not_picked":["Rainbow","Multi-Cast"],"picked":"Echo Form","floor":16},{"not_picked":["Skim+1","Turbo"],"picked":"Darkness","floor":18},{"not_picked":["Conserve Battery+1","Gash"],"picked":"Genetic Algorithm","floor":19},{"not_picked":["Hologram","Leap","Go for the Eyes"],"picked":"Singing Bowl","floor":21},{"not_picked":["Storm","Turbo+1"],"picked":"Doom and Gloom+1","floor":22},{"not_picked":["Steam","Streamline+1","Beam Cell+1"],"picked":"Singing Bowl","floor":23},{"not_picked":["Ball Lightning+1","Barrage"],"picked":"Hologram+1","floor":24},{"not_picked":["Cold Snap","Rebound+1"],"picked":"Defragment+1","floor":28},{"not_picked":["Gash","Barrage","Compile Driver"],"picked":"Singing Bowl","floor":31},{"not_picked":["Buffer","All For One"],"picked":"Echo Form","floor":33},{"not_picked":["Barrage","Compile Driver","Steam+1"],"picked":"Singing Bowl","floor":34},{"not_picked":["Double Energy","Conserve Battery"],"picked":"Stack+1","floor":35},{"not_picked":["Ball Lightning","Chaos","Streamline"],"picked":"Singing Bowl","floor":41},{"not_picked":["Barrage+1","Reprogram+1"],"picked":"Force Field+1","floor":44},{"not_picked":["Consume+1","Genetic Algorithm"],"picked":"Skim+1","floor":45},{"not_picked":["Go for the Eyes+1","Stack","Ball Lightning+1"],"picked":"Singing Bowl","floor":48}],"player_experience":167148,"relics_obtained":[{"floor":6,"key":"Happy Flower"},{"floor":9,"key":"Oddly Smooth Stone"},{"floor":22,"key":"Red Mask"},{"floor":25,"key":"DataDisk"},{"floor":26,"key":"War Paint"},{"floor":41,"key":"Darkstone Periapt"},{"floor":43,"key":"Whetstone"}],"event_choices":[{"damage_healed":0,"gold_gain":0,"player_choice":"Grow","damage_taken":0,"max_hp_gain":0,"max_hp_loss":0,"event_name":"Living Wall","floor":2,"gold_loss":0,"cards_upgraded":["Sunder"]},{"damage_healed":0,"gold_gain":0,"player_choice":"Fought Bandits","damage_taken":0,"max_hp_gain":0,"max_hp_loss":0,"event_name":"Masked Bandits","floor":22,"gold_loss":0},{"cards_removed":["Doom and Gloom"],"damage_healed":0,"gold_gain":0,"player_choice":"Removed Attack","damage_taken":0,"max_hp_gain":0,"max_hp_loss":0,"event_name":"Falling","floor":37,"gold_loss":0},{"damage_healed":0,"gold_gain":0,"player_choice":"Embrace Madness","damage_taken":11,"max_hp_gain":0,"max_hp_loss":0,"event_name":"Winding Halls","floor":38,"gold_loss":0,"cards_obtained":["Madness","Madness"]},{"damage_healed":0,"gold_gain":0,"player_choice":"Ignored","damage_taken":0,"max_hp_gain":0,"max_hp_loss":0,"event_name":"Mysterious Sphere","floor":47,"gold_loss":0}],"is_beta":false,"boss_relics":[{"not_picked":["Black Star","Astrolabe"],"picked":"Ectoplasm"},{"not_picked":["White Beast Statue","Eternal Feather"],"picked":"Tiny House"}],"items_purged_floors":[20],"is_endless":false,"potions_floor_spawned":[3,4,6,13,14,16,18,19,22,24,33,41,44],"ascension_level":0}