{"gold_per_floor":[118,132,18,31,31,31,48,75,101,101,132,162,162,178,178,277,277,290,323,142,67,86,86,112,132,158,158],"floor_reached":27,"playtime":2013,"items_purged":["Defend_R","Strike_R"],"score":241,"play_id":"438fbb24-2da0-4c97-8f59-c670419c67ec","local_time":"20190830092341","is_ascension_mode":false,"campfire_choices":[{"data":"Whirlwind","floor":6,"key":"SMITH"},{"data":"Shrug It Off","floor":10,"key":"SMITH"},{"floor":13,"key":"REST"},{"data":"Body Slam","floor":15,"key":"SMITH"},{"data":"Twin Strike","floor":23,"key":"SMITH"}],"neow_cost":"NONE","seed_source_timestamp":435310343774000,"circlet_count":0,"master_deck":["Strike_R","Strike_R","Defend_R","Defend_R","Defend_R","Bash","Shrug It Off+1","Armaments+1","Whirlwind+1","Flex+1","Pommel Strike","Battle Trance","Twin Strike+1","Body Slam+1","Offering","Combust","Entrench+1","Seeing Red","Juggernaut"],"relics":["Burning Blood","Boot","Bronze Scales","Strawberry","Pantograph","Runic Cube","Red Mask","Molten Egg 2","Orichalcum"],"potions_floor_usage":[],"damage_taken":[{"damage":0,"enemies":"Small Slimes","floor":1,"turns":4},{"damage":15,"enemies":"Jaw Worm","floor":2,"turns":5},{"damage":2,"enemies":"2 Louse","floor":4,"turns":3},{"damage":7,"enemies":"Blue Slaver","floor":7,"turns":3},{"damage":10,"enemies":"3 Sentries","floor":8,"turns":3},{"damage":28,"enemies":"Gremlin Nob","floor":11,"turns":4},{"damage":8,"enemies":"Exordium Thugs","floor":14,"turns":3},{"damage":25,"enemies":"The Guardian","floor":16,"turns":8},{"damage":12,"enemies":"2 Thieves","floor":18,"turns":5},{"damage":6,"enemies":"Masked Bandits","floor":19,"turns":3},{"damage":9,"enemies":"Spheric Guardian","floor":22,"turns":3},{"damage":46,"enemies":"Gremlin Leader","floor":24,"turns":9},{"damage":26,"enemies":"Centurion and Healer","floor":25,"turns":8},{"damage":31,"enemies":"Slavers","floor":27,"turns":2}],"seed_played":"1474363248871768419","potions_obtained":[{"floor":2,"key":"FairyPotion"},{"floor":8,"key":"SkillPotion"},{"floor":11,"key":"Block Potion"}],"is_trial":false,"path_per_floor":["M","M","$","M","?","R","M","E","T","R","E","?","R","M","R","B",null,"M","?","$","?","M","R","E","M","T","E"],"character_chosen":"IRONCLAD","items_purchased":["Whirlwind","Seeing Red"],"campfire_rested":1,"item_purchase_floors":[3,20],"current_hp_per_floor":[80,71,71,75,59,59,58,54,54,54,39,39,65,63,63,68,87,81,81,81,81,78,78,38,18,18,0],"gold":158,"neow_bonus":"REMOVE_CARD","is_prod":false,"is_daily":false,"chose_seed":false,"campfire_upgraded":4,"win_rate":0,"timestamp":1567149821,"path_taken":["M","M","$","M","?","R","M","E","T","R","E","?","R","M","R","BOSS","M","?","$","?","M","R","E","M","T","E"],"build_version":"2019-07-17","purchased_purges":2,"victory":false,"max_hp_per_floor":[80,80,80,80,80,80,80,80,80,80,87,87,87,87,87,87,87,87,87,87,87,87,87,87,87,87,87],"card_choices":[{"not_picked":["Twin Strike","Warcry"],"picked":"Shrug It Off","floor":1},{"not_picked":["Thunderclap","Bloodletting"],"picked":"Armaments","floor":2},{"not_picked":["Pommel Strike","Hemokinesis"],"picked":"Flex","floor":4},{"not_picked":["Heavy Blade","Sword Boomerang"],"picked":"Pommel Strike","floor":7},{"not_picked":["Dark Embrace","Armaments"],"picked":"Battle Trance","floor":8},{"not_picked":["Cleave","Warcry"],"picked":"Twin Strike","floor":11},{"not_picked":["Heavy Blade","Disarm"],"picked":"Body Slam","floor":14},{"not_picked":["Juggernaut","Barricade"],"picked":"Offering","floor":16},{"not_picked":["Carnage+1","Havoc+1"],"picked":"Combust","floor":18},{"not_picked":["Body Slam+1","True Grit"],"picked":"Entrench+1","floor":19},{"not_picked":["Headbutt+1","Armaments","Cleave"],"picked":"SKIP","floor":22},{"not_picked":["Perfected Strike+1","Thunderclap"],"picked":"Juggernaut","floor":24},{"not_picked":["Flame Barrier","Wild Strike+1","Infernal Blade"],"picked":"SKIP","floor":25}],"player_experience":373405,"relics_obtained":[{"floor":8,"key":"Boot"},{"floor":9,"key":"Bronze Scales"},{"floor":11,"key":"Strawberry"},{"floor":19,"key":"Red Mask"},{"floor":24,"key":"Molten Egg 2"},{"floor":26,"key":"Orichalcum"}],"event_choices":[{"damage_healed":0,"gold_gain":0,"player_choice":"Entered Light","damage_taken":16,"max_hp_gain":0,"max_hp_loss":0,"event_name":"Shining Light","floor":5,"gold_loss":0,"cards_upgraded":["Armaments","Flex"]},{"damage_healed":0,"gold_gain":30,"player_choice":"Searched \u00273\u0027 times","damage_taken":0,"relics_obtained":["Pantograph"],"max_hp_gain":0,"max_hp_loss":0,"event_name":"Dead Adventurer","floor":12,"gold_loss":0},{"damage_healed":0,"gold_gain":0,"player_choice":"Fought Bandits","damage_taken":0,"max_hp_gain":0,"max_hp_loss":0,"event_name":"Masked Bandits","floor":19,"gold_loss":0},{"cards_removed":["Strike_R"],"damage_healed":0,"gold_gain":0,"player_choice":"Gave Gold","damage_taken":0,"max_hp_gain":0,"max_hp_loss":0,"event_name":"Beggar","floor":21,"gold_loss":75}],"is_beta":false,"boss_relics":[{"not_picked":["Tiny House","Lizard Tail"],"picked":"Runic Cube"}],"items_purged_floors":[3,20],"is_endless":false,"potions_floor_spawned":[2,8,11,14,22],"killed_by":"Slavers","ascension_level":0}