{"gold_per_floor":[118,132,142,142,157,157,170,197,197,197,208,227,241,251,251,346,346,356,356,2,2,2,2,13,13,36,47,47,67,82,115,115,218,218,236,249,269,279,292,317,279,50,50,68,68,97,97,110,110,110,110,110,28,54,54],"floor_reached":56,"playtime":3394,"items_purged":["Defend_R","Defend_R"],"score":1237,"play_id":"6188a516-e38b-48e5-bc37-d4c7b9b0380a","local_time":"20190902010207","is_ascension_mode":false,"campfire_choices":[{"data":"Bash","floor":6.0,"key":"SMITH"},{"data":"Spot Weakness","floor":10.0,"key":"SMITH"},{"data":"Armaments","floor":15.0,"key":"SMITH"},{"data":"1","floor":23.0,"key":"LIFT"},{"data":"2","floor":25.0,"key":"LIFT"},{"data":"3","floor":28.0,"key":"LIFT"},{"data":"Power Through","floor":32.0,"key":"SMITH"},{"data":"Sword Boomerang","floor":45,"key":"SMITH"},{"floor":47,"key":"REST"},{"floor":49,"key":"RECALL"},{"data":"Shockwave","floor":52,"key":"SMITH"}],"neow_cost":"NONE","seed_source_timestamp":1057804805444800,"circlet_count":0,"master_deck":["Defend_R","Defend_R","Bash+1","Armaments+1","Sever Soul","Thunderclap","Shockwave+1","Power Through+1","Spot Weakness+1","Pommel Strike","Sentinel","Anger","Bludgeon","Body Slam+1","Power Through","Burning Pact+1","Twin Strike+1","Iron Wave+1","Infernal Blade+1","Offering+1","Whirlwind+1","Dual Wield+1","Sword Boomerang+1","Pummel+1","Warcry+1","Corruption+1","Disarm+1","Flame Barrier","Evolve+1","Dark Embrace+1","Impervious"],"special_seed":0,"relics":["Burning Blood","Frozen Egg 2","Self Forming Clay","Busted Crown","Membership Card","Girya","MutagenicStrength","Boot","FossilizedHelix","Astrolabe","The Courier","Question Card","Strange Spoon","Pocketwatch","Calipers"],"potions_floor_usage":[55,55,55],"damage_taken":[{"damage":5.0,"enemies":"Cultist","floor":1.0,"turns":4.0},{"damage":7.0,"enemies":"Small Slimes","floor":2.0,"turns":5.0},{"damage":5.0,"enemies":"2 Louse","floor":3.0,"turns":2.0},{"damage":18.0,"enemies":"Large Slime","floor":5.0,"turns":6.0},{"damage":5.0,"enemies":"Exordium Thugs","floor":7.0,"turns":4.0},{"damage":11.0,"enemies":"Lagavulin","floor":8.0,"turns":6.0},{"damage":9.0,"enemies":"Gremlin Gang","floor":11.0,"turns":6.0},{"damage":3.0,"enemies":"Lots of Slimes","floor":12.0,"turns":4.0},{"damage":3.0,"enemies":"Red Slaver","floor":13.0,"turns":4.0},{"damage":0.0,"enemies":"Exordium Wildlife","floor":14.0,"turns":3.0},{"damage":27.0,"enemies":"Hexaghost","floor":16.0,"turns":9.0},{"damage":4.0,"enemies":"Chosen","floor":18.0,"turns":5.0},{"damage":0.0,"enemies":"2 Thieves","floor":24.0,"turns":4.0},{"damage":20.0,"enemies":"Chosen and Byrds","floor":27.0,"turns":5.0},{"damage":5.0,"enemies":"Snake Plant","floor":29.0,"turns":3.0},{"damage":0.0,"enemies":"Sentry and Sphere","floor":30.0,"turns":4.0},{"damage":7.0,"enemies":"Slavers","floor":31.0,"turns":4.0},{"damage":31.0,"enemies":"Champ","floor":33.0,"turns":10.0},{"damage":6.0,"enemies":"3 Darklings","floor":35.0,"turns":2.0},{"damage":0.0,"enemies":"Orb Walker","floor":36.0,"turns":2.0},{"damage":6.0,"enemies":"Transient","floor":37.0,"turns":5.0},{"damage":0,"enemies":"Writhing Mass","floor":38,"turns":1},{"damage":0,"enemies":"4 Shapes","floor":39,"turns":2},{"damage":6,"enemies":"Giant Head","floor":40,"turns":5},{"damage":0,"enemies":"Transient","floor":44,"turns":5},{"damage":31,"enemies":"Reptomancer","floor":46,"turns":4},{"damage":1,"enemies":"Maw","floor":48,"turns":5},{"damage":33,"enemies":"Awakened One","floor":50,"turns":9},{"damage":31,"enemies":"Shield and Spear","floor":54,"turns":4},{"damage":7,"enemies":"The Heart","floor":55,"turns":5}],"seed_played":"-3929795442087622243","potions_obtained":[{"floor":3.0,"key":"Ancient Potion"},{"floor":12.0,"key":"GamblersBrew"},{"floor":13.0,"key":"GamblersBrew"},{"floor":14.0,"key":"SteroidPotion"},{"floor":33.0,"key":"Dexterity Potion"}],"is_trial":false,"path_per_floor":["M","M","M","?","M","R","M","E","T","R","M","M","M","M","R","B",null,"M","?","$","?","?","R","M","R","T","M","R","M","M","E","R","B",null,"M","M","M","M","M","E","$","$","T","M","R","E","R","M","R","B",null,"R","$","E","B",null],"character_chosen":"IRONCLAD","items_purchased":["Membership Card","Girya","Question Card","Strange Spoon","Evolve+1","Dark Embrace+1"],"campfire_rested":1,"item_purchase_floors":[20,20,42,42,53,53],"current_hp_per_floor":[80,79,80,80,68,68,69,64,64,64,61,64,67,73,73,52,80,80,80,80,80,80,80,80,80,80,66,66,67,73,72,72,47,80,80,80,80,80,80,80,80,80,80,80,80,55,79,80,80,53,80,80,80,55,54],"gold":54,"neow_bonus":"REMOVE_CARD","is_prod":false,"is_daily":false,"chose_seed":false,"campfire_upgraded":6,"win_rate":0,"timestamp":1567353727,"path_taken":["M","M","M","?","M","R","?","E","T","R","M","M","M","M","R","BOSS","M","?","$","?","?","R","?","R","T","M","R","M","M","E","R","BOSS","M","M","?","M","M","E","?","$","T","M","R","E","R","M","R","BOSS","R","$","E","BOSS"],"build_version":"2019-07-17","purchased_purges":2,"victory":true,"max_hp_per_floor":[80,80,80,80,80,80,80,80,80,80,80,80,80,80,80,80,80,80,80,80,80,80,80,80,80,80,80,80,80,80,80,80,80,80,80,80,80,80,80,80,80,80,80,80,80,80,80,80,80,80,80,80,80,80,80],"card_choices":[{"not_picked":["Havoc","Rupture"],"picked":"Armaments","floor":1.0},{"not_picked":["Armaments","Disarm"],"picked":"Sever Soul","floor":2.0},{"not_picked":["Body Slam","Warcry"],"picked":"Thunderclap","floor":3.0},{"not_picked":["Heavy Blade","Clothesline"],"picked":"Shockwave","floor":5.0},{"not_picked":["Havoc","Heavy Blade"],"picked":"Power Through","floor":7.0},{"not_picked":["Flex","Brutality"],"picked":"Spot Weakness","floor":8.0},{"not_picked":["Flex","Perfected Strike"],"picked":"Pommel Strike","floor":11.0},{"not_picked":["Armaments","Power Through"],"picked":"Sentinel","floor":12.0},{"not_picked":["Twin Strike","Shockwave"],"picked":"Anger","floor":13.0},{"not_picked":["Body Slam","Searing Blow","Sever Soul"],"picked":"SKIP","floor":14.0},{"not_picked":["Double Tap","Brutality+1"],"picked":"Bludgeon","floor":16.0},{"not_picked":[],"picked":"Body Slam+1","floor":18.0},{"not_picked":[],"picked":"Burning Pact+1","floor":24.0},{"not_picked":[],"picked":"Twin Strike+1","floor":27.0},{"not_picked":[],"picked":"Iron Wave+1","floor":29.0},{"not_picked":["Body Slam"],"picked":"SKIP","floor":30.0},{"not_picked":[],"picked":"Infernal Blade+1","floor":31.0},{"not_picked":["Pommel Strike"],"picked":"SKIP","floor":35.0},{"not_picked":[],"picked":"Sword Boomerang","floor":36.0},{"not_picked":[],"picked":"Pummel+1","floor":37.0},{"not_picked":["Thunderclap"],"picked":"SKIP","floor":38},{"not_picked":["Whirlwind"],"picked":"SKIP","floor":39},{"not_picked":[],"picked":"Warcry+1","floor":40},{"not_picked":["Wild Strike"],"picked":"Corruption+1","floor":44},{"not_picked":["Brutality+1"],"picked":"Disarm+1","floor":46},{"not_picked":["Pommel Strike"],"picked":"Flame Barrier","floor":48},{"not_picked":["Iron Wave+1"],"picked":"Impervious","floor":54}],"player_experience":346605,"relics_obtained":[{"floor":8.0,"key":"Frozen Egg 2"},{"floor":9.0,"key":"Self Forming Clay"},{"floor":26.0,"key":"Boot"},{"floor":31.0,"key":"FossilizedHelix"},{"floor":40,"key":"The Courier"},{"floor":46,"key":"Pocketwatch"},{"floor":54,"key":"Calipers"}],"event_choices":[{"cards_removed":["Strike_R"],"damage_healed":0.0,"max_hp_gain":0.0,"max_hp_loss":0.0,"gold_gain":0.0,"event_name":"Bonfire Elementals","player_choice":"Offered Basic","floor":4.0,"gold_loss":0.0,"damage_taken":0.0},{"damage_healed":0.0,"max_hp_gain":0.0,"max_hp_loss":0.0,"gold_gain":0.0,"event_name":"Vampires","player_choice":"Ignored","floor":19.0,"gold_loss":0.0,"damage_taken":0.0},{"damage_healed":0.0,"max_hp_gain":0.0,"max_hp_loss":0.0,"gold_gain":0.0,"event_name":"Drug Dealer","player_choice":"Inject Mutagens","floor":21.0,"gold_loss":0.0,"damage_taken":0.0,"relics_obtained":["MutagenicStrength"]},{"damage_healed":0.0,"max_hp_gain":0.0,"max_hp_loss":0.0,"gold_gain":0.0,"event_name":"Duplicator","player_choice":"Copied","floor":22.0,"gold_loss":0.0,"damage_taken":0.0,"cards_obtained":["Power Through"]}],"is_beta":false,"boss_relics":[{"not_picked":["Cursed Key","Ectoplasm"],"picked":"Busted Crown"},{"not_picked":["Orrery","White Beast Statue"],"picked":"Astrolabe"}],"items_purged_floors":[41,42],"is_endless":false,"potions_floor_spawned":[3,12,13,14,30,33,39,44,48,54],"ascension_level":0}