{"gold_per_floor":[118,130,148,3,3,37,37,70,117,117,131,141,176,19,19,91,91,105,22,22,41,41,71,71,71,71,84,84,98,108,135,135,213,213,229,102,102,52,67,95,95,125,125,25,36,56,56,156,156,156,156,156,156,75,103,103],"floor_reached":57,"playtime":3313,"items_purged":["Strike_G","Strike_G"],"score":2786,"play_id":"10ec4b68-3133-496b-8536-332ff200a5ab","local_time":"20190708200641","is_ascension_mode":true,"campfire_choices":[{"floor":7.0,"key":"REST"},{"floor":10.0,"key":"REST"},{"data":"Terror","floor":15.0,"key":"SMITH"},{"data":"Adrenaline","floor":25.0,"key":"SMITH"},{"data":"Noxious Fumes","floor":28.0,"key":"SMITH"},{"data":"Cloak And Dagger","floor":32.0,"key":"SMITH"},{"data":"Glass Knife","floor":41.0,"key":"SMITH"},{"floor":47,"key":"RECALL"},{"data":"Footwork","floor":49,"key":"SMITH"},{"data":"Footwork","floor":53,"key":"SMITH"}],"neow_cost":"NONE","seed_source_timestamp":85235154672600,"circlet_count":0,"master_deck":["AscendersBane","Strike_G","Strike_G","Strike_G","Defend_G","Defend_G","Defend_G","Defend_G","Defend_G","Survivor","Neutralize+1","Crippling Poison","Poisoned Stab","Poisoned Stab","Well Laid Plans+1","PiercingWail","Quick Slash","Endless Agony","Terror+1","Footwork+1","Footwork+1","Adrenaline+1","Cloak And Dagger+1","Predator","Noxious Fumes+1","Corpse Explosion","Endless Agony","Backflip","Backflip","Cloak And Dagger+1","Glass Knife+1","Backstab+1","Dodge and Roll","Finesse","Finesse","Dark Shackles","Dodge and Roll","Acrobatics+1"],"special_seed":0,"relics":["Ring of the Snake","Kunai","Bronze Scales","Incense Burner","Bag of Preparation","Mercury Hourglass","PreservedInsect","Coffee Dripper","MutagenicStrength","Strawberry","Matryoshka","Regal Pillow","Philosopher\u0027s Stone","Pantograph","Shuriken","Centennial Puzzle","Ginger","Pen Nib"],"potions_floor_usage":[50,56,56],"damage_taken":[{"damage":0.0,"enemies":"2 Louse","floor":1.0,"turns":3.0},{"damage":8.0,"enemies":"Jaw Worm","floor":2.0,"turns":6.0},{"damage":0.0,"enemies":"Cultist","floor":3.0,"turns":3.0},{"damage":19.0,"enemies":"Lagavulin","floor":6.0,"turns":7.0},{"damage":6.0,"enemies":"Gremlin Nob","floor":8.0,"turns":3.0},{"damage":2.0,"enemies":"Looter","floor":11.0,"turns":3.0},{"damage":0.0,"enemies":"Blue Slaver","floor":12.0,"turns":2.0},{"damage":20.0,"enemies":"Lagavulin","floor":13.0,"turns":5.0},{"damage":14.0,"enemies":"Hexaghost","floor":16.0,"turns":9.0},{"damage":8.0,"enemies":"Shell Parasite","floor":18.0,"turns":4.0},{"damage":0.0,"enemies":"3 Byrds","floor":21.0,"turns":3.0},{"damage":8.0,"enemies":"Book of Stabbing","floor":23.0,"turns":3.0},{"damage":2.0,"enemies":"Centurion and Healer","floor":27.0,"turns":4.0},{"damage":1.0,"enemies":"Snecko","floor":29.0,"turns":5.0},{"damage":27.0,"enemies":"Shelled Parasite and Fungi","floor":30.0,"turns":2.0},{"damage":0.0,"enemies":"Gremlin Leader","floor":31.0,"turns":5.0},{"damage":3.0,"enemies":"Automaton","floor":33.0,"turns":8.0},{"damage":0.0,"enemies":"3 Darklings","floor":35.0,"turns":5.0},{"damage":0.0,"enemies":"Orb Walker","floor":39.0,"turns":3.0},{"damage":19.0,"enemies":"Giant Head","floor":40.0,"turns":6.0},{"damage":12.0,"enemies":"Reptomancer","floor":42.0,"turns":3.0},{"damage":0,"enemies":"4 Shapes","floor":45,"turns":2},{"damage":0,"enemies":"Jaw Worm Horde","floor":46,"turns":1},{"damage":0,"enemies":"Mind Bloom Boss Battle","floor":48,"turns":4},{"damage":26,"enemies":"Donu and Deca","floor":50,"turns":6},{"damage":35,"enemies":"Awakened One","floor":51,"turns":14},{"damage":30,"enemies":"Shield and Spear","floor":55,"turns":8},{"damage":21,"enemies":"The Heart","floor":56,"turns":11}],"seed_played":"-4158667198819430992","potions_obtained":[{"floor":1.0,"key":"Dexterity Potion"},{"floor":3.0,"key":"LiquidBronze"},{"floor":11.0,"key":"Weak Potion"},{"floor":12.0,"key":"AttackPotion"},{"floor":16.0,"key":"GamblersBrew"},{"floor":23.0,"key":"PowerPotion"},{"floor":30.0,"key":"Fire Potion"},{"floor":42.0,"key":"Dexterity Potion"}],"is_trial":false,"path_per_floor":["M","M","M","$","?","E","R","E","T","R","M","M","E","$","R","B",null,"M","$","?","M","?","E","$","R","T","M","R","M","M","E","R","B",null,"M","$","?","?","M","E","R","E","T","$","M","M","R","?","R","B","B",null,"R","$","E","B",null],"character_chosen":"THE_SILENT","items_purchased":["Well Laid Plans","Fire Potion","PiercingWail","PreservedInsect","Predator","Dodge and Roll","GhostInAJar"],"campfire_rested":2,"item_purchase_floors":[4,4,4,14,19,36,54],"current_hp_per_floor":[59,51,51,51,33,14,33,27,27,46,44,44,24,24,24,10,52,44,44,44,44,44,43,43,43,43,41,41,40,13,13,13,10,57,57,57,47,47,47,28,28,16,16,16,16,16,16,41,41,40,30,62,62,62,32,36],"gold":103,"neow_bonus":"UPGRADE_CARD","is_prod":false,"is_daily":false,"chose_seed":false,"campfire_upgraded":7,"win_rate":0,"timestamp":1562630801,"path_taken":["M","M","M","$","?","E","R","E","T","R","M","M","E","$","R","BOSS","M","$","?","M","?","E","?","R","T","M","R","M","?","E","R","BOSS","M","$","?","?","M","E","R","E","T","$","?","M","R","?","R","BOSS","BOSS","R","$","E","BOSS"],"build_version":"2019-07-05","purchased_purges":2,"victory":true,"max_hp_per_floor":[66,66,66,66,66,66,66,66,66,66,66,66,66,66,66,66,66,66,66,66,66,66,73,73,73,73,73,73,73,73,73,73,73,73,73,73,73,73,73,73,73,73,73,73,73,73,73,73,73,73,73,73,73,73,73,73],"card_choices":[{"not_picked":["Catalyst","Dodge and Roll"],"picked":"Crippling Poison","floor":1.0},{"not_picked":["Dagger Spray","Well Laid Plans"],"picked":"Poisoned Stab","floor":2.0},{"not_picked":["Escape Plan","Masterful Stab"],"picked":"Poisoned Stab","floor":3.0},{"not_picked":["Flechettes","Backflip"],"picked":"Quick Slash","floor":6.0},{"not_picked":["Outmaneuver","Dagger Throw"],"picked":"Endless Agony","floor":8.0},{"not_picked":["Acrobatics","Prepared"],"picked":"Terror","floor":11.0},{"not_picked":["Caltrops","Deadly Poison"],"picked":"Footwork","floor":12.0},{"not_picked":["Outmaneuver","Calculated Gamble"],"picked":"Footwork","floor":13.0},{"not_picked":["Venomology","Malaise"],"picked":"Adrenaline","floor":16.0},{"not_picked":["Prepared","Bane"],"picked":"Cloak And Dagger","floor":18.0},{"not_picked":["Underhanded Strike","Dagger Spray"],"picked":"Noxious Fumes","floor":21.0},{"not_picked":["Underhanded Strike+1","All Out Attack"],"picked":"Corpse Explosion","floor":23.0},{"not_picked":["Sucker Punch","Outmaneuver"],"picked":"Endless Agony","floor":27.0},{"not_picked":["Blur","Outmaneuver"],"picked":"Backflip","floor":29.0},{"not_picked":["Dagger Throw","Skewer"],"picked":"Backflip","floor":30.0},{"not_picked":["Prepared","Slice"],"picked":"Cloak And Dagger+1","floor":31.0},{"not_picked":["Doppelganger","Tools of the Trade"],"picked":"Glass Knife","floor":33.0},{"not_picked":["PiercingWail","Prepared"],"picked":"Backstab+1","floor":35.0},{"not_picked":["Swift Strike","Transmutation"],"picked":"Finesse","floor":37.0},{"not_picked":["Magnetism","Discovery"],"picked":"Finesse","floor":37.0},{"not_picked":["Discovery","Trip"],"picked":"Dark Shackles","floor":37.0},{"not_picked":["Heel Hook","Dagger Throw","Underhanded Strike"],"picked":"SKIP","floor":39.0},{"not_picked":["Bane+1","Tactician"],"picked":"Dodge and Roll","floor":40.0},{"not_picked":["Quick Slash","Noxious Fumes","Sucker Punch"],"picked":"SKIP","floor":42.0},{"not_picked":["Skewer","Backstab+1","PiercingWail"],"picked":"SKIP","floor":45},{"not_picked":["Flying Knee","Dodge and Roll+1","Sucker Punch+1"],"picked":"SKIP","floor":46},{"not_picked":["Blade Dance","Deadly Poison"],"picked":"Acrobatics+1","floor":55}],"player_experience":1322457,"relics_obtained":[{"floor":6.0,"key":"Bronze Scales"},{"floor":8.0,"key":"Incense Burner"},{"floor":9.0,"key":"Bag of Preparation"},{"floor":13.0,"key":"Mercury Hourglass"},{"floor":23.0,"key":"Strawberry"},{"floor":26.0,"key":"Matryoshka"},{"floor":31.0,"key":"Regal Pillow"},{"floor":40.0,"key":"Pantograph"},{"floor":42.0,"key":"Shuriken"},{"floor":43,"key":"Centennial Puzzle"},{"floor":48,"key":"Ginger"},{"floor":55,"key":"Pen Nib"}],"event_choices":[{"damage_healed":0.0,"max_hp_gain":0.0,"max_hp_loss":0.0,"gold_gain":0.0,"event_name":"Scrap Ooze","player_choice":"Success","floor":5.0,"gold_loss":0.0,"damage_taken":18.0,"relics_obtained":["Kunai"]},{"damage_healed":0.0,"max_hp_gain":0.0,"max_hp_loss":0.0,"gold_gain":0.0,"event_name":"The Mausoleum","player_choice":"Ignored","floor":20.0,"gold_loss":0.0,"damage_taken":0.0},{"damage_healed":0.0,"max_hp_gain":0.0,"max_hp_loss":0.0,"gold_gain":0.0,"event_name":"Drug Dealer","player_choice":"Inject Mutagens","floor":22.0,"gold_loss":0.0,"damage_taken":0.0,"relics_obtained":["MutagenicStrength"]},{"damage_healed":0.0,"max_hp_gain":0.0,"max_hp_loss":0.0,"gold_gain":0.0,"event_name":"SensoryStone","player_choice":"Memory 3","floor":37.0,"gold_loss":0.0,"damage_taken":10.0},{"damage_healed":0.0,"max_hp_gain":0.0,"max_hp_loss":0.0,"gold_gain":0.0,"event_name":"Designer","player_choice":"Upgrade","floor":38.0,"gold_loss":50.0,"damage_taken":0.0,"cards_upgraded":["Well Laid Plans"]},{"damage_healed":0,"gold_gain":0,"player_choice":"Fight","damage_taken":0,"max_hp_gain":0,"max_hp_loss":0,"event_name":"MindBloom","floor":48,"gold_loss":0}],"is_beta":false,"boss_relics":[{"not_picked":["White Beast Statue","Fusion Hammer"],"picked":"Coffee Dripper"},{"not_picked":["Orrery","Velvet Choker"],"picked":"Philosopher\u0027s Stone"}],"items_purged_floors":[36,44],"is_endless":false,"potions_floor_spawned":[1,3,6,11,12,16,23,30,31,33,42,48,55],"ascension_level":20}