{"gold_per_floor":[10,37,52,72,222,222,147,147,202,202,214,249,249,264,264,336,336,354,354,332,332,43,75,75,107,107,126,126,126],"floor_reached":29,"playtime":1288,"items_purged":["Doubt","Strike_G"],"score":522,"play_id":"9adab792-3959-4bba-bd4c-29f271a08cc7","local_time":"20190617072917","is_ascension_mode":true,"campfire_choices":[{"data":"1","floor":6.0,"key":"LIFT"},{"data":"2","floor":8.0,"key":"LIFT"},{"data":"3","floor":10.0,"key":"LIFT"},{"data":"Noxious Fumes","floor":15.0,"key":"SMITH"},{"floor":24.0,"key":"REST"}],"neow_cost":"NO_GOLD","seed_source_timestamp":76852683497100,"circlet_count":0,"master_deck":["AscendersBane","Defend_G","Defend_G","Defend_G","Defend_G","Defend_G","Strike_G","Strike_G","Strike_G","Strike_G","Survivor","Neutralize","Cloak And Dagger","Noxious Fumes+1","Well Laid Plans","Cloak And Dagger","Dagger Throw","Blade Dance","Burst","PiercingWail","Noxious Fumes","Infinite Blades","Deflect","Malaise","Quick Slash+1"],"special_seed":0,"relics":["Ring of the Snake","Girya","Oddly Smooth Stone","Regal Pillow","Juzu Bracelet","Philosopher\u0027s Stone","Enchiridion","Boot","Letter Opener","MutagenicStrength"],"potions_floor_usage":[29],"damage_taken":[{"damage":7.0,"enemies":"Cultist","floor":1.0,"turns":5.0},{"damage":2.0,"enemies":"Small Slimes","floor":3.0,"turns":4.0},{"damage":0.0,"enemies":"Jaw Worm","floor":4.0,"turns":5.0},{"damage":3.0,"enemies":"Large Slime","floor":11.0,"turns":7.0},{"damage":25.0,"enemies":"Gremlin Nob","floor":12.0,"turns":4.0},{"damage":10.0,"enemies":"3 Louse","floor":14.0,"turns":4.0},{"damage":11.0,"enemies":"Hexaghost","floor":16.0,"turns":9.0},{"damage":15.0,"enemies":"Shell Parasite","floor":18.0,"turns":5.0},{"damage":3.0,"enemies":"2 Thieves","floor":20.0,"turns":4.0},{"damage":19.0,"enemies":"Book of Stabbing","floor":23.0,"turns":6.0},{"damage":32.0,"enemies":"Gremlin Leader","floor":25.0,"turns":9.0},{"damage":14.0,"enemies":"Snecko","floor":27.0,"turns":6.0},{"damage":3,"enemies":"Chosen and Byrds","floor":29,"turns":3}],"seed_played":"-1910356643965175044","potions_obtained":[{"floor":3.0,"key":"SpeedPotion"},{"floor":4.0,"key":"GhostInAJar"},{"floor":25.0,"key":"Explosive Potion"}],"is_trial":false,"path_per_floor":["M","T","M","M","?","R","$","R","T","R","M","E","?","M","R","B",null,"M","?","M","?","$","E","R","E","T","M","?","M"],"character_chosen":"THE_SILENT","items_purchased":["Infinite Blades","Deflect","Fire Potion"],"campfire_rested":1,"item_purchase_floors":[22,22,22],"current_hp_per_floor":[52,52,50,50,50,50,50,50,50,50,47,22,27,17,17,6,55,40,54,51,30,30,11,47,15,15,1,1,0],"gold":126,"neow_bonus":"ONE_RARE_RELIC","is_prod":false,"is_daily":false,"chose_seed":false,"campfire_upgraded":1,"win_rate":0,"timestamp":1560770957,"path_taken":["M","?","?","M","?","R","$","R","T","R","M","E","?","M","R","BOSS","M","?","M","?","$","E","R","E","T","M","?","M"],"build_version":"2019-01-23","purchased_purges":2,"victory":false,"max_hp_per_floor":[66,66,66,66,66,66,66,66,66,66,66,66,71,71,71,71,71,71,71,71,71,71,71,71,71,71,71,71,71],"card_choices":[{"not_picked":["Slice","Concentrate"],"picked":"Cloak And Dagger","floor":1.0},{"not_picked":["Eviscerate","Slice"],"picked":"Noxious Fumes","floor":3.0},{"not_picked":["Backstab","Deflect"],"picked":"Well Laid Plans","floor":4.0},{"not_picked":["Predator","Accuracy"],"picked":"Cloak And Dagger","floor":11.0},{"not_picked":["Slice","Underhanded Strike"],"picked":"Dagger Throw","floor":12.0},{"not_picked":["Crippling Poison","Acrobatics"],"picked":"Blade Dance","floor":14.0},{"not_picked":["Grand Finale","Unload"],"picked":"Burst","floor":16.0},{"not_picked":["Blade Dance","Dagger Throw"],"picked":"PiercingWail","floor":18.0},{"not_picked":["Slice","Acrobatics"],"picked":"Noxious Fumes","floor":20.0},{"not_picked":["Deflect","Deadly Poison"],"picked":"Malaise","floor":23.0},{"not_picked":["Heel Hook","Unload","Underhanded Strike+1"],"picked":"SKIP","floor":25.0},{"not_picked":["Crippling Poison","Flying Knee"],"picked":"Quick Slash+1","floor":27.0}],"player_experience":1191287,"relics_obtained":[{"floor":2.0,"key":"Oddly Smooth Stone"},{"floor":9.0,"key":"Regal Pillow"},{"floor":12.0,"key":"Juzu Bracelet"},{"floor":21.0,"key":"Enchiridion"},{"floor":25.0,"key":"Boot"},{"floor":26.0,"key":"Letter Opener"}],"event_choices":[{"damage_healed":0.0,"max_hp_gain":0.0,"max_hp_loss":0.0,"gold_gain":150.0,"event_name":"Liars Game","player_choice":"AGREE","floor":5.0,"gold_loss":0.0,"damage_taken":0.0,"cards_obtained":["Doubt"]},{"damage_healed":0.0,"max_hp_gain":5.0,"max_hp_loss":0.0,"gold_gain":0.0,"event_name":"Big Fish","player_choice":"Donut","floor":13.0,"gold_loss":0.0,"damage_taken":0.0},{"damage_healed":14.0,"max_hp_gain":0.0,"max_hp_loss":0.0,"gold_gain":0.0,"event_name":"The Library","player_choice":"Heal","floor":19.0,"gold_loss":0.0,"damage_taken":0.0},{"damage_healed":0.0,"max_hp_gain":0.0,"max_hp_loss":0.0,"gold_gain":0.0,"event_name":"Cursed Tome","player_choice":"Obtained Book","floor":21.0,"gold_loss":0.0,"damage_taken":21.0},{"damage_healed":0.0,"max_hp_gain":0.0,"max_hp_loss":0.0,"gold_gain":0.0,"event_name":"Drug Dealer","player_choice":"Inject Mutagens","floor":28.0,"gold_loss":0.0,"damage_taken":0.0,"relics_obtained":["MutagenicStrength"]}],"is_beta":false,"boss_relics":[{"not_picked":["Orrery","Pandora\u0027s Box"],"picked":"Philosopher\u0027s Stone"}],"items_purged_floors":[7,22],"is_endless":false,"potions_floor_spawned":[3,4,12,20,25,27],"killed_by":"Chosen and Byrds","ascension_level":20}