{"gold_per_floor":[110,125,136,146,162,195,195,195,243,261,261,42,42,60,60,164,164,183,183,183,30,30,30,57,77,129,129,149,181,200,213,213,312,312,327,340,356,78,97,97,148,148,175,206,226,226,256,63,63,63],"floor_reached":51,"playtime":1876,"items_purged":["Shame","Perfected Strike+1"],"score":824,"play_id":"dfd1a9d0-fbbc-4adc-b651-6fe1813ab6a7","local_time":"20190728205947","is_ascension_mode":false,"campfire_choices":[{"data":"Inflame","floor":11,"key":"SMITH"},{"data":"Armaments","floor":13,"key":"SMITH"},{"data":"Limit Break","floor":15,"key":"SMITH"},{"data":"Offering","floor":23,"key":"SMITH"},{"data":"Battle Trance","floor":27,"key":"SMITH"},{"data":"Bash","floor":32,"key":"SMITH"},{"data":"Berserk","floor":40,"key":"SMITH"},{"data":"True Grit","floor":42,"key":"SMITH"},{"floor":46,"key":"REST"},{"data":"Flex","floor":49,"key":"SMITH"}],"neow_cost":"NONE","seed_source_timestamp":572989018798500,"circlet_count":0,"master_deck":["Bash+1","Anger","Iron Wave","Twin Strike","Limit Break+1","Inflame+1","Clash+1","Cleave+1","Clash+1","Armaments+1","Shrug It Off","Offering+1","Battle Trance+1","Pommel Strike+1","Warcry","Clash+1","Immolate+1","Berserk+1","Twin Strike+1","Pummel+1","True Grit+1","Bludgeon+1","Bludgeon+1","Wild Strike+1","Headbutt+1","Seeing Red","Shrug It Off","Corruption","Shrug It Off+1","Offering","Flex+1"],"relics":["Burning Blood","Molten Egg 2","Pen Nib","Lantern","Busted Crown","MutagenicStrength","Meat on the Bone","Torii","PreservedInsect","Happy Flower","Bronze Scales","Pandora\u0027s Box","Ginger","Omamori","Calipers","Shovel"],"potions_floor_usage":[10,18,37,41,44,50,50,50],"damage_taken":[{"damage":6,"enemies":"Cultist","floor":1,"turns":3},{"damage":0,"enemies":"2 Louse","floor":2,"turns":3},{"damage":0,"enemies":"Small Slimes","floor":3,"turns":3},{"damage":15,"enemies":"Exordium Wildlife","floor":4,"turns":6},{"damage":11,"enemies":"Large Slime","floor":5,"turns":5},{"damage":30,"enemies":"3 Sentries","floor":6,"turns":7},{"damage":8,"enemies":"Gremlin Gang","floor":10,"turns":3},{"damage":0,"enemies":"3 Louse","floor":14,"turns":2},{"damage":35,"enemies":"The Guardian","floor":16,"turns":10},{"damage":6,"enemies":"Spheric Guardian","floor":18,"turns":1},{"damage":14,"enemies":"Slavers","floor":24,"turns":3},{"damage":6,"enemies":"3 Byrds","floor":25,"turns":3},{"damage":6,"enemies":"Snake Plant","floor":28,"turns":2},{"damage":6,"enemies":"Gremlin Leader","floor":29,"turns":3},{"damage":6,"enemies":"Sentry and Sphere","floor":30,"turns":1},{"damage":0,"enemies":"Centurion and Healer","floor":31,"turns":3},{"damage":39,"enemies":"Champ","floor":33,"turns":6},{"damage":7,"enemies":"3 Darklings","floor":35,"turns":3},{"damage":0,"enemies":"3 Shapes","floor":36,"turns":1},{"damage":17,"enemies":"Writhing Mass","floor":37,"turns":4},{"damage":6,"enemies":"Spire Growth","floor":39,"turns":2},{"damage":35,"enemies":"2 Orb Walkers","floor":41,"turns":3},{"damage":40,"enemies":"Reptomancer","floor":44,"turns":5},{"damage":16,"enemies":"Sphere and 2 Shapes","floor":45,"turns":4},{"damage":6,"enemies":"Giant Head","floor":47,"turns":4},{"damage":22,"enemies":"Time Eater","floor":50,"turns":4}],"seed_played":"-5271569982734084386","potions_obtained":[{"floor":1,"key":"SkillPotion"},{"floor":6,"key":"Fire Potion"},{"floor":10,"key":"SteroidPotion"},{"floor":14,"key":"Fire Potion"},{"floor":25,"key":"SteroidPotion"},{"floor":41,"key":"Weak Potion"},{"floor":47,"key":"SteroidPotion"}],"is_trial":false,"path_per_floor":["M","M","M","M","M","E","?","?","T","M","R","$","R","M","R","B",null,"M","?","?","$","T","R","E","M","T","R","M","E","M","M","R","B",null,"M","M","M","$","M","R","?","R","T","E","M","R","E","$","R","B",null],"character_chosen":"IRONCLAD","items_purchased":["Lantern","Clash+1","Armaments","Battle Trance","Shrug It Off","Corruption","AttackPotion","Offering","Flex"],"campfire_rested":1,"item_purchase_floors":[12,12,12,21,38,38,38,48,48],"current_hp_per_floor":[80,80,80,71,66,42,47,40,40,38,38,38,38,44,44,15,85,85,85,85,85,85,85,77,77,77,77,77,77,77,83,83,50,85,84,85,74,74,74,74,57,57,57,35,37,62,62,62,62,58],"gold":63,"neow_bonus":"THREE_CARDS","is_prod":false,"is_daily":false,"chose_seed":false,"campfire_upgraded":9,"win_rate":0,"timestamp":1564315187,"path_taken":["M","M","M","?","M","E","?","?","T","M","R","$","R","M","R","BOSS","M","?","?","$","?","R","E","M","T","R","M","E","M","M","R","BOSS","M","M","M","$","M","R","?","R","T","E","M","R","E","$","R","BOSS"],"build_version":"2019-07-17","purchased_purges":2,"victory":true,"max_hp_per_floor":[80,80,80,80,80,80,85,85,85,85,85,85,85,85,85,85,85,85,85,85,85,85,85,85,85,85,85,85,85,85,85,85,85,85,85,85,85,85,85,85,85,85,85,85,85,85,85,85,85,85],"card_choices":[{"not_picked":["Cleave","Flame Barrier"],"picked":"Anger","floor":0},{"not_picked":["Sentinel","Havoc"],"picked":"Iron Wave","floor":1},{"not_picked":["Body Slam","Combust"],"picked":"Twin Strike","floor":2},{"not_picked":["Pommel Strike","Dual Wield","Evolve"],"picked":"SKIP","floor":3},{"not_picked":["Corruption","Sword Boomerang"],"picked":"Limit Break","floor":4},{"not_picked":["Warcry","Searing Blow"],"picked":"Inflame","floor":5},{"not_picked":["Sword Boomerang","Hemokinesis"],"picked":"Clash","floor":6},{"not_picked":["Sever Soul+1","Pommel Strike+1"],"picked":"Cleave+1","floor":10},{"not_picked":["Warcry","Rage"],"picked":"Shrug It Off","floor":14},{"not_picked":["Fiend Fire+1","Brutality"],"picked":"Offering","floor":16},{"not_picked":["Hemokinesis+1"],"picked":"SKIP","floor":18},{"not_picked":[],"picked":"Pommel Strike+1","floor":24},{"not_picked":["Wild Strike+1"],"picked":"SKIP","floor":25},{"not_picked":["Hemokinesis+1"],"picked":"SKIP","floor":28},{"not_picked":["Reckless Charge+1"],"picked":"SKIP","floor":29},{"not_picked":[],"picked":"Warcry","floor":30},{"not_picked":[],"picked":"Clash+1","floor":31},{"not_picked":[],"picked":"Immolate+1","floor":33},{"not_picked":[],"picked":"Headbutt+1","floor":35},{"not_picked":["Armaments"],"picked":"SKIP","floor":36},{"not_picked":[],"picked":"Seeing Red","floor":37},{"not_picked":["Twin Strike+1"],"picked":"SKIP","floor":39},{"not_picked":["Second Wind+1"],"picked":"SKIP","floor":44},{"not_picked":["Anger+1"],"picked":"SKIP","floor":45},{"not_picked":[],"picked":"Shrug It Off+1","floor":47}],"player_experience":130498,"relics_obtained":[{"floor":6,"key":"Molten Egg 2"},{"floor":9,"key":"Pen Nib"},{"floor":22,"key":"Torii"},{"floor":24,"key":"PreservedInsect"},{"floor":26,"key":"Happy Flower"},{"floor":29,"key":"Bronze Scales"},{"floor":41,"key":"Ginger"},{"floor":43,"key":"Omamori"},{"floor":44,"key":"Calipers"},{"floor":47,"key":"Shovel"}],"event_choices":[{"damage_healed":0,"gold_gain":0,"player_choice":"Donut","damage_taken":0,"max_hp_gain":5,"max_hp_loss":0,"event_name":"Big Fish","floor":7,"gold_loss":0},{"cards_removed":["Strike_R"],"damage_healed":0,"gold_gain":0,"player_choice":"Card Removal","damage_taken":7,"max_hp_gain":0,"max_hp_loss":0,"event_name":"Golden Wing","floor":8,"gold_loss":0},{"damage_healed":0,"gold_gain":0,"player_choice":"Inject Mutagens","damage_taken":0,"relics_obtained":["MutagenicStrength"],"max_hp_gain":0,"max_hp_loss":0,"event_name":"Drug Dealer","floor":19,"gold_loss":0},{"damage_healed":0,"gold_gain":0,"player_choice":"Stole Relic","damage_taken":0,"relics_obtained":["Meat on the Bone"],"max_hp_gain":0,"max_hp_loss":0,"event_name":"Addict","floor":20,"gold_loss":0,"cards_obtained":["Shame"]},{"damage_healed":0,"gold_gain":0,"player_choice":"Fight","damage_taken":0,"max_hp_gain":0,"max_hp_loss":0,"event_name":"Mysterious Sphere","floor":41,"gold_loss":0}],"is_beta":false,"boss_relics":[{"not_picked":["Empty Cage","Runic Cube"],"picked":"Busted Crown"},{"not_picked":["Black Star","Velvet Choker"],"picked":"Pandora\u0027s Box"}],"items_purged_floors":[21,38],"is_endless":false,"potions_floor_spawned":[1,6,10,14,16,25,28,29,35,41,47],"ascension_level":0}