{"gold_per_floor":[109,109,109,126,143,177,177,203,203,218,235,88,108,108,108,211,211,201,217,93,107,6,22,22,35,81,115,17,17,17,35,35,35],"floor_reached":33,"playtime":1916,"items_purged":["Strike_R","Strike_R","Strike_R"],"score":309,"play_id":"44ec38ff-bee9-4735-8128-6e9d32031b35","local_time":"20190728192756","is_ascension_mode":false,"campfire_choices":[{"data":"Uppercut","floor":7.0,"key":"SMITH"},{"data":"True Grit","floor":15.0,"key":"SMITH"},{"floor":24.0,"key":"REST"},{"floor":29.0,"key":"REST"},{"data":"Armaments","floor":32.0,"key":"SMITH"}],"neow_cost":"NONE","seed_source_timestamp":566764100089900,"circlet_count":0,"master_deck":["Strike_R","Defend_R","Defend_R","Defend_R","Defend_R","Bash+1","Evolve","Uppercut+1","Sword Boomerang","Shockwave","Barricade","Entrench","Headbutt","Armaments","True Grit+1","Juggernaut","Warcry","Havoc","Reckless Charge","Warcry","True Grit","Armaments+1","Armaments","Shrug It Off"],"special_seed":0,"relics":["Burning Blood","Smiling Mask","Shuriken","Ancient Tea Set","Orichalcum","Orrery","Gremlin Horn","Happy Flower","Red Mask"],"potions_floor_usage":[33],"damage_taken":[{"damage":0.0,"enemies":"2 Louse","floor":1.0,"turns":3.0},{"damage":6.0,"enemies":"Cultist","floor":4.0,"turns":3.0},{"damage":3.0,"enemies":"Small Slimes","floor":5.0,"turns":4.0},{"damage":35.0,"enemies":"Lagavulin","floor":6.0,"turns":10.0},{"damage":20.0,"enemies":"Gremlin Nob","floor":8.0,"turns":4.0},{"damage":3.0,"enemies":"Red Slaver","floor":10.0,"turns":3.0},{"damage":0.0,"enemies":"Lots of Slimes","floor":11.0,"turns":1.0},{"damage":3.0,"enemies":"2 Fungi Beasts","floor":13.0,"turns":3.0},{"damage":0.0,"enemies":"Slime Boss","floor":16.0,"turns":23.0},{"damage":19.0,"enemies":"2 Thieves","floor":18.0,"turns":4.0},{"damage":7.0,"enemies":"Shell Parasite","floor":19.0,"turns":10.0},{"damage":33.0,"enemies":"Snake Plant","floor":21.0,"turns":10.0},{"damage":17.0,"enemies":"3 Cultists","floor":23.0,"turns":7.0},{"damage":30.0,"enemies":"Centurion and Healer","floor":25.0,"turns":16.0},{"damage":32.0,"enemies":"Masked Bandits","floor":27.0,"turns":6.0},{"damage":13.0,"enemies":"Cultist and Chosen","floor":31.0,"turns":5.0},{"damage":28,"enemies":"Collector","floor":33,"turns":3}],"seed_played":"-8454330791037618332","potions_obtained":[{"floor":1.0,"key":"Explosive Potion"},{"floor":3.0,"key":"Fruit Juice"},{"floor":3.0,"key":"Weak Potion"},{"floor":3.0,"key":"Energy Potion"},{"floor":11.0,"key":"Energy Potion"},{"floor":16.0,"key":"Strength Potion"},{"floor":23.0,"key":"PowerPotion"},{"floor":25.0,"key":"Fire Potion"},{"floor":27.0,"key":"AttackPotion"}],"is_trial":false,"path_per_floor":["M","?","?","M","M","E","R","E","T","M","M","$","M","?","R","B",null,"M","M","?","M","$","M","R","M","T","?","$","R","?","M","R","B"],"character_chosen":"IRONCLAD","items_purchased":["Armaments","True Grit","True Grit","Shrug It Off"],"campfire_rested":2,"item_purchase_floors":[12,12,22,28],"current_hp_per_floor":[80,77,82,82,85,56,56,42,42,45,51,51,54,54,54,60,85,72,71,71,44,44,33,58,34,34,8,8,33,33,26,26,0],"gold":35,"neow_bonus":"UPGRADE_CARD","is_prod":false,"is_daily":false,"chose_seed":false,"campfire_upgraded":3,"win_rate":1,"timestamp":1564309676,"path_taken":["M","?","?","M","?","E","R","E","T","M","M","$","M","?","R","BOSS","M","M","?","?","?","M","R","M","T","?","$","R","?","?","R","BOSS"],"build_version":"2019-07-17","purchased_purges":3,"victory":false,"max_hp_per_floor":[80,80,85,85,85,85,85,85,85,85,85,85,85,85,85,85,85,85,85,85,85,85,85,85,85,85,85,85,85,85,85,85,85],"card_choices":[{"not_picked":["Heavy Blade","Sever Soul"],"picked":"Evolve","floor":1.0},{"not_picked":["Twin Strike","Thunderclap"],"picked":"Uppercut","floor":4.0},{"not_picked":["Uppercut","Wild Strike"],"picked":"Sword Boomerang","floor":5.0},{"not_picked":["Havoc","Dual Wield"],"picked":"Shockwave","floor":6.0},{"not_picked":["Limit Break","Thunderclap"],"picked":"Barricade","floor":8.0},{"not_picked":["Havoc","Wild Strike"],"picked":"Entrench","floor":10.0},{"not_picked":["Rupture","Combust"],"picked":"Headbutt","floor":11.0},{"not_picked":["Combust","Thunderclap","Clash"],"picked":"SKIP","floor":13.0},{"not_picked":["Limit Break","Exhume"],"picked":"Juggernaut","floor":16.0},{"not_picked":["Searing Blow","Havoc"],"picked":"Warcry","floor":17.0},{"not_picked":["Pommel Strike","Wild Strike"],"picked":"Havoc","floor":17.0},{"not_picked":["Sword Boomerang","Rampage"],"picked":"Reckless Charge","floor":17.0},{"not_picked":["Reckless Charge","Cleave"],"picked":"Warcry","floor":18.0},{"not_picked":["Exhume","Rage+1","Perfected Strike"],"picked":"SKIP","floor":19.0},{"not_picked":["Clothesline","Iron Wave","Dual Wield"],"picked":"SKIP","floor":21.0},{"not_picked":["Rupture","Pummel"],"picked":"Armaments","floor":23.0},{"not_picked":["Wild Strike","Intimidate"],"picked":"Armaments","floor":25.0},{"not_picked":["Perfected Strike+1","Sword Boomerang","Flex"],"picked":"SKIP","floor":31.0}],"player_experience":128582,"relics_obtained":[{"floor":6.0,"key":"Shuriken"},{"floor":8.0,"key":"Ancient Tea Set"},{"floor":9.0,"key":"Orichalcum"},{"floor":26.0,"key":"Happy Flower"},{"floor":27.0,"key":"Red Mask"}],"event_choices":[{"damage_healed":0.0,"max_hp_gain":0.0,"max_hp_loss":0.0,"gold_gain":0.0,"event_name":"Scrap Ooze","player_choice":"Success","floor":2.0,"gold_loss":0.0,"damage_taken":3.0,"relics_obtained":["Smiling Mask"]},{"damage_healed":0.0,"max_hp_gain":0.0,"max_hp_loss":0.0,"gold_gain":0.0,"event_name":"Lab","player_choice":"Got Potions","floor":3.0,"gold_loss":0.0,"damage_taken":0.0},{"cards_removed":["Strike_R"],"damage_healed":0.0,"max_hp_gain":0.0,"max_hp_loss":0.0,"gold_gain":0.0,"event_name":"Purifier","player_choice":"Purged","floor":14.0,"gold_loss":0.0,"damage_taken":0.0},{"damage_healed":0.0,"max_hp_gain":0.0,"max_hp_loss":0.0,"gold_gain":0.0,"event_name":"WeMeetAgain","player_choice":"Paid Gold","floor":20.0,"gold_loss":124.0,"damage_taken":0.0,"relics_obtained":["Gremlin Horn"]},{"damage_healed":0.0,"max_hp_gain":0.0,"max_hp_loss":0.0,"gold_gain":0.0,"event_name":"Masked Bandits","player_choice":"Fought Bandits","floor":27.0,"gold_loss":0.0,"damage_taken":0.0},{"damage_healed":0.0,"max_hp_gain":0.0,"max_hp_loss":0.0,"gold_gain":0.0,"event_name":"Vampires","player_choice":"Ignored","floor":30.0,"gold_loss":0.0,"damage_taken":0.0}],"is_beta":false,"boss_relics":[{"not_picked":["Runic Cube","Fusion Hammer"],"picked":"Orrery"}],"items_purged_floors":[12,22,28],"is_endless":false,"potions_floor_spawned":[1,5,10,11,16,23,25,27],"killed_by":"Collector","ascension_level":0}