{"gold_per_floor":[112,112,10,10,33,74,74,95,95,95,95,161,180,19,19,113,113,113,113,113,38,38,38,38,38,38,38,38,38,38,38,38,38,38,38,38,38,38,38,38,38,38,38,38,38,38,38,38,38,38],"floor_reached":50,"playtime":1967,"items_purged":["Strike_B"],"score":1288,"play_id":"73807ecf-2fa0-427e-b0be-4369a67146fa","local_time":"20190812164523","is_ascension_mode":true,"campfire_choices":[{"data":"Beam Cell","floor":7.0,"key":"SMITH"},{"data":"Double Energy","floor":11.0,"key":"SMITH"},{"data":"Defragment","floor":15.0,"key":"SMITH"},{"data":"Consume","floor":24.0,"key":"SMITH"},{"data":"Loop","floor":30.0,"key":"SMITH"},{"data":"Coolheaded","floor":32.0,"key":"SMITH"},{"floor":49,"key":"RECALL"}],"neow_cost":"NONE","seed_source_timestamp":232312679167600,"circlet_count":0,"master_deck":["AscendersBane","Strike_B+1","Defend_B+1","Defend_B","Zap","Dualcast","Beam Cell+1","Doom and Gloom+1","Coolheaded","Double Energy+1","Cold Snap+1","Conserve Battery","Consume+1","Coolheaded+1","Defragment+1","Rainbow","Go for the Eyes+1","Loop+1","Undo","Compile Driver","Leap+1","Echo Form","Redo+1","Loop+1","Go for the Eyes+1","Compile Driver+1","Biased Cognition"],"special_seed":0,"relics":["Cracked Core","PreservedInsect","Golden Idol","Pocketwatch","Matryoshka","Bag of Marbles","Bottled Lightning","Tiny Chest","Ectoplasm","Oddly Smooth Stone","The Courier","Boot","Whetstone","Centennial Puzzle","Strawberry","DataDisk","Astrolabe","StoneCalendar","Regal Pillow","Thread and Needle","Bronze Scales"],"potions_floor_usage":[44,44,46,50],"damage_taken":[{"damage":5.0,"enemies":"Small Slimes","floor":1.0,"turns":3.0},{"damage":2.0,"enemies":"Jaw Worm","floor":5.0,"turns":3.0},{"damage":7.0,"enemies":"Gremlin Nob","floor":6.0,"turns":3.0},{"damage":0.0,"enemies":"2 Louse","floor":8.0,"turns":2.0},{"damage":8.0,"enemies":"Lagavulin","floor":12.0,"turns":4.0},{"damage":0.0,"enemies":"2 Fungi Beasts","floor":13.0,"turns":3.0},{"damage":5.0,"enemies":"The Guardian","floor":16.0,"turns":13.0},{"damage":0.0,"enemies":"Chosen","floor":18.0,"turns":5.0},{"damage":6.0,"enemies":"Shell Parasite","floor":22.0,"turns":5.0},{"damage":9.0,"enemies":"Gremlin Leader","floor":23.0,"turns":6.0},{"damage":20.0,"enemies":"3 Cultists","floor":27.0,"turns":4.0},{"damage":2.0,"enemies":"Slavers","floor":28.0,"turns":2.0},{"damage":0.0,"enemies":"Snecko","floor":29.0,"turns":5.0},{"damage":14.0,"enemies":"Book of Stabbing","floor":31.0,"turns":4.0},{"damage":15.0,"enemies":"Collector","floor":33.0,"turns":9.0},{"damage":2.0,"enemies":"Orb Walker","floor":35.0,"turns":3.0},{"damage":0.0,"enemies":"3 Shapes","floor":38.0,"turns":3.0},{"damage":5.0,"enemies":"Writhing Mass","floor":39.0,"turns":5.0},{"damage":0.0,"enemies":"Reptomancer","floor":40.0,"turns":4.0},{"damage":9.0,"enemies":"Giant Head","floor":42.0,"turns":6.0},{"damage":22,"enemies":"2 Orb Walkers","floor":44,"turns":4},{"damage":13,"enemies":"Reptomancer","floor":46,"turns":5},{"damage":24,"enemies":"4 Shapes","floor":47,"turns":5},{"damage":16,"enemies":"Awakened One","floor":50,"turns":2}],"seed_played":"324516512873640092","potions_obtained":[{"floor":1.0,"key":"FearPotion"},{"floor":5.0,"key":"Explosive Potion"},{"floor":8.0,"key":"SteroidPotion"},{"floor":12.0,"key":"AttackPotion"},{"floor":28.0,"key":"Regen Potion"},{"floor":31.0,"key":"SkillPotion"},{"floor":33.0,"key":"Regen Potion"},{"floor":38.0,"key":"Regen Potion"},{"floor":42.0,"key":"Block Potion"},{"floor":44,"key":"Swift Potion"},{"floor":46,"key":"SpeedPotion"},{"floor":47,"key":"FearPotion"}],"is_trial":false,"path_per_floor":["M","?","$","?","M","E","R","M","T","T","R","E","M","$","R","B",null,"M","?","T","?","M","E","R","T","T","M","E","M","R","E","R","B",null,"M","$","?","M","M","E","$","E","T","?","?","E","M","?","R","B"],"character_chosen":"DEFECT","items_purchased":["Doom and Gloom","Coolheaded","Defragment"],"campfire_rested":0,"item_purchase_floors":[3,3,14],"current_hp_per_floor":[59,59,59,40,38,31,31,31,31,31,31,23,23,23,23,18,53,53,53,53,53,47,38,38,38,38,18,23,37,37,23,23,8,55,53,53,53,53,62,62,62,53,53,43,43,30,6,6,6,0],"gold":38,"neow_bonus":"RANDOM_COMMON_RELIC","is_prod":false,"is_daily":false,"chose_seed":false,"campfire_upgraded":6,"win_rate":0,"timestamp":1565642723,"path_taken":["M","?","$","?","M","E","R","M","T","?","R","E","M","$","R","BOSS","M","?","?","?","M","E","R","?","T","M","E","M","R","E","R","BOSS","M","$","?","M","M","E","$","E","T","?","?","E","M","?","R","BOSS"],"build_version":"2019-07-17","purchased_purges":1,"victory":false,"max_hp_per_floor":[71,64,64,64,64,64,64,64,64,64,64,64,64,64,64,64,64,64,64,64,64,64,64,64,64,64,64,71,71,71,71,71,71,71,71,71,71,71,71,71,71,71,71,71,67,67,67,67,67,67],"card_choices":[{"not_picked":["Static Discharge","Darkness"],"picked":"Beam Cell","floor":1.0},{"not_picked":["Consume","Hello World"],"picked":"Double Energy","floor":5.0},{"not_picked":["Sweeping Beam","Melter"],"picked":"Cold Snap","floor":6.0},{"not_picked":["Gash","Darkness"],"picked":"Conserve Battery","floor":8.0},{"not_picked":["Reinforced Body","Melter"],"picked":"Consume","floor":12.0},{"not_picked":["Beam Cell","Reprogram"],"picked":"Coolheaded","floor":13.0},{"not_picked":["Buffer","Hyperbeam"],"picked":"Rainbow","floor":16.0},{"not_picked":["Streamline","Static Discharge"],"picked":"Go for the Eyes+1","floor":18.0},{"not_picked":["Streamline","Reprogram"],"picked":"Loop","floor":22.0},{"not_picked":["Scrape","Gash+1"],"picked":"Undo","floor":23.0},{"not_picked":["Go for the Eyes","Beam Cell"],"picked":"Compile Driver","floor":27.0},{"not_picked":["Darkness","Force Field","Fusion"],"picked":"SKIP","floor":28.0},{"not_picked":["Auto Shields","Sunder"],"picked":"Ball Lightning+1","floor":29.0},{"not_picked":["Chill","Sweeping Beam"],"picked":"Leap+1","floor":31.0},{"not_picked":["Machine Learning","Fission"],"picked":"Echo Form","floor":33.0},{"not_picked":["Streamline","Reprogram","Go for the Eyes"],"picked":"SKIP","floor":35.0},{"not_picked":["Melter","Fusion+1","Beam Cell+1"],"picked":"SKIP","floor":38.0},{"not_picked":["Reinforced Body","Hologram"],"picked":"Compile Driver+1","floor":39.0},{"not_picked":["Rainbow","Turbo+1"],"picked":"Biased Cognition","floor":40.0},{"not_picked":["Sweeping Beam+1","Beam Cell","Self Repair"],"picked":"SKIP","floor":42.0},{"not_picked":["Compile Driver","Steam Power+1","BootSequence"],"picked":"SKIP","floor":46},{"not_picked":["Cold Snap","Gash","Beam Cell+1"],"picked":"SKIP","floor":47}],"player_experience":1464631,"relics_obtained":[{"floor":6.0,"key":"Pocketwatch"},{"floor":9.0,"key":"Matryoshka"},{"floor":10.0,"key":"Bag of Marbles"},{"floor":10.0,"key":"Bottled Lightning"},{"floor":12.0,"key":"Tiny Chest"},{"floor":20.0,"key":"Oddly Smooth Stone"},{"floor":20.0,"key":"The Courier"},{"floor":23.0,"key":"Boot"},{"floor":25.0,"key":"Whetstone"},{"floor":26.0,"key":"Centennial Puzzle"},{"floor":28.0,"key":"Strawberry"},{"floor":31.0,"key":"DataDisk"},{"floor":40.0,"key":"StoneCalendar"},{"floor":42.0,"key":"Regal Pillow"},{"floor":44,"key":"Thread and Needle"},{"floor":46,"key":"Bronze Scales"}],"event_choices":[{"damage_healed":0.0,"max_hp_gain":0.0,"max_hp_loss":7.0,"gold_gain":0.0,"event_name":"Golden Idol","player_choice":"Lose Max HP","floor":2.0,"gold_loss":0.0,"damage_taken":0.0,"relics_obtained":["Golden Idol"]},{"damage_healed":0.0,"max_hp_gain":0.0,"max_hp_loss":0.0,"gold_gain":0.0,"event_name":"Shining Light","player_choice":"Entered Light","floor":4.0,"gold_loss":0.0,"damage_taken":19.0,"cards_upgraded":["Defend_B","Strike_B"]},{"damage_healed":0.0,"max_hp_gain":0.0,"max_hp_loss":0.0,"gold_gain":0.0,"event_name":"Vampires","player_choice":"Ignored","floor":19.0,"gold_loss":0.0,"damage_taken":0.0},{"cards_removed":["Strike_B"],"damage_healed":0.0,"max_hp_gain":0.0,"max_hp_loss":0.0,"gold_gain":0.0,"event_name":"Beggar","player_choice":"Gave Gold","floor":21.0,"gold_loss":75.0,"damage_taken":0.0},{"damage_healed":0.0,"max_hp_gain":0.0,"max_hp_loss":0.0,"gold_gain":0.0,"event_name":"SensoryStone","player_choice":"Memory 1","floor":37.0,"gold_loss":0.0,"damage_taken":0.0},{"damage_healed":0,"gold_gain":0,"player_choice":"Fight","damage_taken":0,"max_hp_gain":0,"max_hp_loss":0,"event_name":"Mysterious Sphere","floor":44,"gold_loss":0},{"damage_healed":0,"gold_gain":0,"player_choice":"Max HP","damage_taken":0,"max_hp_gain":0,"max_hp_loss":4,"event_name":"Winding Halls","floor":45,"gold_loss":0},{"cards_removed":["Ball Lightning"],"damage_healed":0,"gold_gain":0,"player_choice":"Removed Attack","damage_taken":0,"max_hp_gain":0,"max_hp_loss":0,"event_name":"Falling","floor":48,"gold_loss":0}],"is_beta":false,"boss_relics":[{"not_picked":["Inserter","Fusion Hammer"],"picked":"Ectoplasm"},{"not_picked":["Pandora\u0027s Box","Velvet Choker"],"picked":"Astrolabe"}],"items_purged_floors":[14],"is_endless":false,"potions_floor_spawned":[1,5,8,12,18,28,31,33,38,42,44,46,47],"killed_by":"Awakened One","ascension_level":20}