{"gold_per_floor":[114,132,152,227,238,263,263,165,244,257,257,272,272,299,299,400,400,410,423,228,228,240,240,240],"floor_reached":24,"playtime":988,"items_purged":["Defend_B","Strike_B"],"score":208,"play_id":"03242794-9484-4562-afe0-c34538c23e10","local_time":"20190902204233","is_ascension_mode":false,"campfire_choices":[{"floor":7,"key":"REST"},{"floor":13,"key":"REST"},{"data":"Echo Form","floor":15,"key":"SMITH"},{"floor":23,"key":"REST"}],"neow_cost":"NONE","seed_source_timestamp":736305227084000,"circlet_count":0,"master_deck":["Strike_B","Defend_B","Defend_B","Defend_B","Zap","Dualcast","Tempest","Ball Lightning","Consume","Conserve Battery","Electrodynamics","Gash","Gash","Creative AI","Redo+1","Echo Form+1","Thunder Strike","FTL","Gash+1","Finesse+1","Redo+1"],"relics":["Cracked Core","Emotion Chip","Toxic Egg 2","Potion Belt","Inserter"],"potions_floor_usage":[],"damage_taken":[{"damage":10,"enemies":"Jaw Worm","floor":1,"turns":4},{"damage":1,"enemies":"Cultist","floor":2,"turns":3},{"damage":0,"enemies":"Small Slimes","floor":3,"turns":2},{"damage":10,"enemies":"3 Louse","floor":5,"turns":4},{"damage":18,"enemies":"3 Sentries","floor":6,"turns":7},{"damage":10,"enemies":"Gremlin Gang","floor":10,"turns":3},{"damage":2,"enemies":"Blue Slaver","floor":12,"turns":3},{"damage":11,"enemies":"Lagavulin","floor":14,"turns":5},{"damage":42,"enemies":"The Guardian","floor":16,"turns":10},{"damage":51,"enemies":"2 Thieves","floor":18,"turns":4},{"damage":3,"enemies":"Spheric Guardian","floor":19,"turns":3},{"damage":13,"enemies":"3 Cultists","floor":22,"turns":4},{"damage":30,"enemies":"Cultist and Chosen","floor":24,"turns":3}],"seed_played":"-7961829526336129707","potions_obtained":[{"floor":3,"key":"Poison Potion"},{"floor":6,"key":"EntropicBrew"},{"floor":10,"key":"Poison Potion"},{"floor":14,"key":"LiquidBronze"}],"is_trial":false,"path_per_floor":["M","M","M","?","M","E","R","$","T","M","?","M","R","E","R","B",null,"M","M","$","?","M","R","M"],"character_chosen":"DEFECT","items_purchased":["Gash","Finesse+1"],"campfire_rested":3,"item_purchase_floors":[8,20],"current_hp_per_floor":[65,64,64,57,47,29,51,51,51,41,41,39,61,50,50,8,75,24,21,21,21,8,30,0],"gold":240,"neow_bonus":"REMOVE_CARD","is_prod":false,"is_daily":false,"chose_seed":false,"campfire_upgraded":1,"win_rate":0,"timestamp":1567449753,"path_taken":["M","M","M","?","M","E","R","$","T","?","?","M","R","E","R","BOSS","M","M","$","?","?","R","M"],"build_version":"2019-07-17","purchased_purges":2,"victory":false,"max_hp_per_floor":[75,75,75,75,75,75,75,75,75,75,75,75,75,75,75,75,75,75,75,75,75,75,75,75],"card_choices":[{"not_picked":["Sweeping Beam","Rebound"],"picked":"Tempest","floor":1},{"not_picked":["Steam","Beam Cell"],"picked":"Ball Lightning","floor":2},{"not_picked":["Turbo","Aggregate"],"picked":"Consume","floor":3},{"not_picked":["Compile Driver","Beam Cell"],"picked":"Conserve Battery","floor":5},{"not_picked":["Beam Cell","Fission"],"picked":"Electrodynamics","floor":6},{"not_picked":["Ball Lightning","Compile Driver"],"picked":"Gash","floor":10},{"not_picked":["Compile Driver","Turbo+1"],"picked":"Redo+1","floor":12},{"not_picked":["BootSequence+1","Chill+1"],"picked":"Echo Form","floor":14},{"not_picked":["Electrodynamics","Meteor Strike"],"picked":"Thunder Strike","floor":16},{"not_picked":["Fusion+1","Go for the Eyes"],"picked":"FTL","floor":18},{"not_picked":["Hologram+1","Steam Power+1"],"picked":"Gash+1","floor":19},{"not_picked":["Hologram+1","Sweeping Beam"],"picked":"Redo+1","floor":22}],"player_experience":382936,"relics_obtained":[{"floor":6,"key":"Emotion Chip"},{"floor":9,"key":"Toxic Egg 2"},{"floor":14,"key":"Potion Belt"}],"event_choices":[{"damage_healed":0,"gold_gain":75,"player_choice":"Touch","damage_taken":7,"max_hp_gain":0,"max_hp_loss":0,"event_name":"FaceTrader","floor":4,"gold_loss":0},{"damage_healed":0,"gold_gain":0,"cards_transformed":["Strike_B"],"player_choice":"Transformed","damage_taken":0,"max_hp_gain":0,"max_hp_loss":0,"event_name":"Transmorgrifier","floor":11,"gold_loss":0,"cards_obtained":["Creative AI"]},{"damage_healed":0,"gold_gain":0,"player_choice":"Bought 0 Potions","damage_taken":0,"max_hp_gain":0,"max_hp_loss":0,"event_name":"The Woman in Blue","floor":21,"gold_loss":0}],"is_beta":false,"boss_relics":[{"not_picked":["Cursed Key","Runic Pyramid"],"picked":"Inserter"}],"items_purged_floors":[8,20],"is_endless":false,"potions_floor_spawned":[3,6,10,14],"killed_by":"Cultist and Chosen","ascension_level":0}