{"gold_per_floor":[218,235,17,17,17,17,48,48,48,92,111,125,199,217,217,311,311,334,334,349,349,373,373,413,413,494,509,509,523,566,103,103,219,219,307,61,61,174,0,0,64,107,107,128,222,287,287,331,331,331,331],"floor_reached":51,"playtime":2913,"items_purged":["Strike_R","Strike_R"],"score":1605,"play_id":"2d9c9536-5b82-41b4-9f74-a473480a17db","local_time":"20190710204422","is_ascension_mode":true,"campfire_choices":[{"data":"Uppercut","floor":6.0,"key":"SMITH"},{"floor":8.0,"key":"REST"},{"data":"Armaments","floor":15.0,"key":"SMITH"},{"data":"Fiend Fire","floor":23.0,"key":"SMITH"},{"data":"Dual Wield","floor":25.0,"key":"SMITH"},{"data":"Feel No Pain","floor":28.0,"key":"SMITH"},{"data":"HandOfGreed","floor":32.0,"key":"SMITH"},{"data":"Demon Form","floor":40.0,"key":"SMITH"},{"floor":49.0,"key":"RECALL"}],"neow_cost":"NONE","seed_source_timestamp":86184856382300,"circlet_count":0,"master_deck":["AscendersBane","Strike_R","Strike_R+1","Defend_R","Defend_R+1","Defend_R+1","Defend_R+1","Bash","Iron Wave","Pummel","Uppercut+1","True Grit","Shrug It Off","Fiend Fire+1","Power Through","Armaments+1","Feel No Pain+1","Offering","Corruption","Uppercut","Dual Wield+1","Shrug It Off","Shrug It Off","HandOfGreed+1","Dark Shackles","Demon Form+1","Disarm","Feel No Pain","Second Wind","Disarm+1","Whirlwind"],"special_seed":0,"relics":["Burning Blood","Golden Idol","Ginger","Question Card","Pocketwatch","Tiny Chest","Snecko Eye","Nunchaku","Lantern","White Beast Statue","Pen Nib","Du-Vu Doll","Red Mask","War Paint","Potion Belt","Oddly Smooth Stone","Ornamental Fan"],"potions_floor_usage":[51,51],"damage_taken":[{"damage":4.0,"enemies":"Small Slimes","floor":1.0,"turns":5.0},{"damage":1.0,"enemies":"2 Louse","floor":2.0,"turns":4.0},{"damage":30.0,"enemies":"3 Sentries","floor":7.0,"turns":11.0},{"damage":44.0,"enemies":"Lagavulin","floor":10.0,"turns":8.0},{"damage":0.0,"enemies":"Cultist","floor":11.0,"turns":6.0},{"damage":0.0,"enemies":"Blue Slaver","floor":12.0,"turns":2.0},{"damage":0.0,"enemies":"Gremlin Nob","floor":13.0,"turns":2.0},{"damage":0.0,"enemies":"Large Slime","floor":14.0,"turns":5.0},{"damage":22.0,"enemies":"The Guardian","floor":16.0,"turns":12.0},{"damage":1.0,"enemies":"Shell Parasite","floor":18.0,"turns":2.0},{"damage":7.0,"enemies":"3 Byrds","floor":20.0,"turns":6.0},{"damage":6.0,"enemies":"Centurion and Healer","floor":22.0,"turns":4.0},{"damage":2.0,"enemies":"Book of Stabbing","floor":24.0,"turns":3.0},{"damage":12.0,"enemies":"Snake Plant","floor":27.0,"turns":5.0},{"damage":6.0,"enemies":"Snecko","floor":29.0,"turns":3.0},{"damage":6.0,"enemies":"Gremlin Leader","floor":30.0,"turns":6.0},{"damage":24.0,"enemies":"Champ","floor":33.0,"turns":5.0},{"damage":17.0,"enemies":"3 Shapes","floor":35.0,"turns":5.0},{"damage":18.0,"enemies":"2 Orb Walkers","floor":38.0,"turns":4.0},{"damage":22.0,"enemies":"Reptomancer","floor":41.0,"turns":7.0},{"damage":14.0,"enemies":"3 Darklings","floor":42.0,"turns":5.0},{"damage":10.0,"enemies":"Transient","floor":44.0,"turns":6.0},{"damage":6.0,"enemies":"4 Shapes","floor":45.0,"turns":9.0},{"damage":19.0,"enemies":"Nemesis","floor":46.0,"turns":9.0},{"damage":13.0,"enemies":"3 Darklings","floor":48.0,"turns":6.0},{"damage":8.0,"enemies":"Time Eater","floor":50.0,"turns":9.0},{"damage":21,"enemies":"Awakened One","floor":51,"turns":2}],"seed_played":"4505578630705477040","potions_obtained":[{"floor":1.0,"key":"EssenceOfSteel"},{"floor":7.0,"key":"SneckoOil"},{"floor":10.0,"key":"Regen Potion"},{"floor":14.0,"key":"BloodPotion"},{"floor":16.0,"key":"SneckoOil"},{"floor":35.0,"key":"Explosive Potion"},{"floor":38.0,"key":"SpeedPotion"},{"floor":41.0,"key":"Regen Potion"},{"floor":42.0,"key":"PowerPotion"},{"floor":44.0,"key":"GamblersBrew"},{"floor":45.0,"key":"PowerPotion"},{"floor":46.0,"key":"Dexterity Potion"}],"is_trial":false,"path_per_floor":["M","M","$","?","?","R","E","R","T","E","M","M","E","M","R","B",null,"M","?","M","?","M","R","E","R","T","M","R","M","E","$","R","B",null,"M","$","?","?","?","R","E","M","T","M","M","E","T","M","R","B","B"],"character_chosen":"IRONCLAD","items_purchased":["Uppercut","Block Potion","HandOfGreed","PowerPotion","Dark Shackles","Feel No Pain","Pen Nib"],"campfire_rested":1,"item_purchase_floors":[3,3,31,31,31,36,36],"current_hp_per_floor":[70,75,75,52,52,52,28,48,48,10,31,37,43,49,49,33,59,64,64,63,63,63,63,67,67,67,61,61,61,61,61,61,43,62,51,51,51,39,39,39,40,32,32,43,43,30,30,23,23,21,0],"gold":331,"neow_bonus":"HUNDRED_GOLD","is_prod":false,"is_daily":false,"chose_seed":false,"campfire_upgraded":7,"win_rate":0,"timestamp":1562805862,"path_taken":["M","M","$","?","?","R","E","R","T","E","M","M","E","M","R","BOSS","M","?","M","?","M","R","E","R","T","?","R","M","E","$","R","BOSS","M","$","?","?","?","R","E","M","T","M","M","E","?","M","R","BOSS","BOSS"],"build_version":"2019-07-05","purchased_purges":2,"victory":false,"max_hp_per_floor":[75,75,75,75,68,68,68,68,68,68,68,68,68,68,68,68,68,68,68,68,68,68,68,68,68,68,68,68,68,68,68,68,68,68,68,68,68,68,68,68,68,68,68,68,68,68,68,68,68,68,68],"card_choices":[{"not_picked":["Entrench","Perfected Strike"],"picked":"Iron Wave","floor":1.0},{"not_picked":["Headbutt","Second Wind"],"picked":"Pummel","floor":2.0},{"not_picked":["Twin Strike","Rage"],"picked":"True Grit","floor":7.0},{"not_picked":["Sever Soul","Intimidate","Pummel"],"picked":"Shrug It Off","floor":10.0},{"not_picked":["Clothesline","True Grit","Shrug It Off"],"picked":"Fiend Fire","floor":11.0},{"not_picked":["Corruption","Combust","Clash"],"picked":"Power Through","floor":12.0},{"not_picked":["Shrug It Off","Havoc","Clash"],"picked":"Armaments","floor":13.0},{"not_picked":["Warcry","Second Wind","Ghostly Armor"],"picked":"Feel No Pain","floor":14.0},{"not_picked":["Exhume","Fiend Fire","Berserk"],"picked":"Offering","floor":16.0},{"not_picked":["Pommel Strike","Intimidate","Spot Weakness"],"picked":"Corruption","floor":18.0},{"not_picked":["Fire Breathing","Infernal Blade+1","Flex","Pummel+1"],"picked":"SKIP","floor":20.0},{"not_picked":["Metallicize","Heavy Blade","Rage"],"picked":"Uppercut","floor":22.0},{"not_picked":["Feel No Pain","Pommel Strike","Body Slam"],"picked":"Dual Wield","floor":24.0},{"not_picked":["Ghostly Armor","Clothesline","Brutality"],"picked":"Shrug It Off","floor":27.0},{"not_picked":["Carnage","Dropkick","Armaments","Wild Strike+1"],"picked":"SKIP","floor":29.0},{"not_picked":["Warcry","Heavy Blade","Corruption"],"picked":"Shrug It Off","floor":30.0},{"not_picked":["Barricade","Exhume","Reaper"],"picked":"Demon Form","floor":33.0},{"not_picked":["Blood for Blood","Rupture","Power Through"],"picked":"Disarm","floor":35.0},{"not_picked":["Dual Wield","Burning Pact","Perfected Strike"],"picked":"Second Wind","floor":38.0},{"not_picked":["Headbutt","Cleave","Flex+1","Brutality"],"picked":"SKIP","floor":41.0},{"not_picked":["Hemokinesis","Burning Pact","Combust","Entrench"],"picked":"SKIP","floor":42.0},{"not_picked":["Flex","Fire Breathing","Carnage","Headbutt+1"],"picked":"SKIP","floor":44.0},{"not_picked":["Sword Boomerang","Headbutt","Shockwave"],"picked":"Disarm+1","floor":45.0},{"not_picked":["Reckless Charge","Bloodletting","Seeing Red"],"picked":"Whirlwind","floor":46.0},{"not_picked":["Evolve","Wild Strike","Anger","Headbutt"],"picked":"SKIP","floor":48.0}],"player_experience":1330988,"relics_obtained":[{"floor":7.0,"key":"Ginger"},{"floor":9.0,"key":"Question Card"},{"floor":10.0,"key":"Pocketwatch"},{"floor":13.0,"key":"Tiny Chest"},{"floor":24.0,"key":"Nunchaku"},{"floor":30.0,"key":"Lantern"},{"floor":38.0,"key":"Du-Vu Doll"},{"floor":41.0,"key":"War Paint"},{"floor":43.0,"key":"Potion Belt"},{"floor":46.0,"key":"Oddly Smooth Stone"},{"floor":47.0,"key":"Ornamental Fan"}],"event_choices":[{"damage_healed":0.0,"max_hp_gain":0.0,"max_hp_loss":0.0,"gold_gain":0.0,"event_name":"Shining Light","player_choice":"Entered Light","floor":4.0,"gold_loss":0.0,"damage_taken":23.0,"cards_upgraded":["Strike_R","Defend_R"]},{"damage_healed":0.0,"max_hp_gain":0.0,"max_hp_loss":7.0,"gold_gain":0.0,"event_name":"Golden Idol","player_choice":"Lose Max HP","floor":5.0,"gold_loss":0.0,"damage_taken":0.0,"relics_obtained":["Golden Idol"]},{"damage_healed":0.0,"max_hp_gain":0.0,"max_hp_loss":0.0,"gold_gain":0.0,"event_name":"Vampires","player_choice":"Ignored","floor":19.0,"gold_loss":0.0,"damage_taken":0.0},{"cards_removed":["Strike_R"],"damage_healed":0.0,"max_hp_gain":0.0,"max_hp_loss":0.0,"gold_gain":0.0,"event_name":"Wheel of Change","player_choice":"Card Removal","floor":21.0,"gold_loss":0.0,"damage_taken":0.0},{"damage_healed":0.0,"max_hp_gain":0.0,"max_hp_loss":0.0,"gold_gain":0.0,"event_name":"SensoryStone","player_choice":"Memory 1","floor":37.0,"gold_loss":0.0,"damage_taken":0.0},{"damage_healed":0.0,"max_hp_gain":0.0,"max_hp_loss":0.0,"gold_gain":0.0,"event_name":"Mysterious Sphere","player_choice":"Fight","floor":38.0,"gold_loss":0.0,"damage_taken":0.0},{"damage_healed":0.0,"max_hp_gain":0.0,"max_hp_loss":0.0,"gold_gain":0.0,"event_name":"Tomb of Lord Red Mask","player_choice":"Paid","floor":39.0,"gold_loss":174.0,"damage_taken":0.0,"relics_obtained":["Red Mask"]}],"is_beta":false,"boss_relics":[{"not_picked":["Runic Pyramid","Black Blood"],"picked":"Snecko Eye"},{"not_picked":["Orrery","Mark of Pain"],"picked":"White Beast Statue"}],"items_purged_floors":[3,31],"is_endless":false,"potions_floor_spawned":[1,7,10,14,16,22,24,27,35,38,41,42,44,45,46,48],"killed_by":"Awakened One","ascension_level":20}