{"gold_per_floor":[119,129,1,1,22,22,22,57,105,118,118,132,172,192,192,285,348,361,19,37,37,37,37,52,52,98,48,66,66,79,119,131,143],"floor_reached":33,"playtime":1463,"items_purged":["Strike_G"],"score":554,"play_id":"c0180dc1-7f79-4f0d-bf10-c48c4e2afc1a","local_time":"20190628185952","is_ascension_mode":true,"campfire_choices":[{"data":"Neutralize","floor":6.0,"key":"SMITH"},{"floor":11.0,"key":"REST"},{"data":"Night Terror","floor":15.0,"key":"SMITH"},{"data":"1","floor":23.0,"key":"LIFT"},{"data":"2","floor":25.0,"key":"LIFT"},{"floor":29.0,"key":"REST"},{"floor":32,"key":"REST"}],"neow_cost":"NONE","seed_source_timestamp":0,"circlet_count":0,"master_deck":["AscendersBane","Defend_G","Defend_G+1","Defend_G","Defend_G","Defend_G","Strike_G","Strike_G","Strike_G","Strike_G","Survivor","Neutralize+1","Dagger Spray","Flying Knee","Deadly Poison","Dagger Throw","Night Terror+1","Tactician","Finisher","Deflect","Die Die Die","PiercingWail","Noxious Fumes+1","Venomology"],"special_seed":0,"relics":["Ring of the Snake","Golden Idol","Bag of Preparation","Strawberry","Ninja Scroll","Tiny House","Girya","Enchiridion","Pen Nib","MawBank"],"potions_floor_usage":[31,33,33,33],"damage_taken":[{"damage":10.0,"enemies":"Small Slimes","floor":1.0,"turns":5.0},{"damage":0.0,"enemies":"2 Louse","floor":2.0,"turns":2.0},{"damage":7.0,"enemies":"Jaw Worm","floor":5.0,"turns":4.0},{"damage":27.0,"enemies":"3 Sentries","floor":8.0,"turns":10.0},{"damage":0.0,"enemies":"2 Fungi Beasts","floor":10.0,"turns":3.0},{"damage":0.0,"enemies":"Looter","floor":12.0,"turns":4.0},{"damage":10.0,"enemies":"Lagavulin","floor":13.0,"turns":6.0},{"damage":4.0,"enemies":"Red Slaver","floor":14.0,"turns":2.0},{"damage":31.0,"enemies":"Hexaghost","floor":16.0,"turns":9.0},{"damage":0.0,"enemies":"3 Byrds","floor":18.0,"turns":4.0},{"damage":10.0,"enemies":"Spheric Guardian","floor":20.0,"turns":5.0},{"damage":10.0,"enemies":"Centurion and Healer","floor":24.0,"turns":7.0},{"damage":12.0,"enemies":"Snake Plant","floor":28.0,"turns":4.0},{"damage":0.0,"enemies":"Sentry and Sphere","floor":30.0,"turns":3.0},{"damage":27,"enemies":"Slavers","floor":31,"turns":4},{"damage":29,"enemies":"Collector","floor":33,"turns":3}],"seed_played":"1319648447104531239","potions_obtained":[{"floor":5.0,"key":"Weak Potion"},{"floor":8.0,"key":"AttackPotion"},{"floor":13.0,"key":"SteroidPotion"},{"floor":16.0,"key":"AttackPotion"},{"floor":17.0,"key":"Strength Potion"},{"floor":18.0,"key":"PowerPotion"},{"floor":30.0,"key":"SneckoOil"},{"floor":31,"key":"Block Potion"}],"is_trial":false,"path_per_floor":["M","M","$","?","M","R","?","E","T","M","R","M","E","M","R","B",null,"M","$","M","?","?","R","M","R","T","?","M","R","M","E","R","B"],"character_chosen":"THE_SILENT","items_purchased":["Poison Potion","Girya"],"campfire_rested":3,"item_purchase_floors":[3,19],"current_hp_per_floor":[55,55,55,55,48,48,48,21,28,28,49,49,39,35,35,4,60,60,60,50,50,29,29,19,19,19,19,7,30,30,3,26,0],"gold":143,"neow_bonus":"TEN_PERCENT_HP_BONUS","is_prod":false,"is_daily":false,"chose_seed":false,"campfire_upgraded":2,"win_rate":0,"timestamp":1561762792,"path_taken":["M","M","$","?","M","R","?","E","T","M","R","M","E","M","R","BOSS","M","$","M","?","?","R","M","R","T","?","M","R","?","E","R","BOSS"],"build_version":"2019-01-23","purchased_purges":1,"victory":false,"max_hp_per_floor":[72,72,72,65,65,65,65,65,72,72,72,72,72,72,72,72,77,77,77,77,77,77,77,77,77,77,77,77,77,77,77,77,77],"card_choices":[{"not_picked":["Bane","Prepared"],"picked":"Dagger Spray","floor":1.0},{"not_picked":["Dagger Throw","Endless Agony"],"picked":"Flying Knee","floor":2.0},{"not_picked":["Bane","Prepared"],"picked":"Deadly Poison","floor":5.0},{"not_picked":["Dagger Spray","Blade Dance"],"picked":"Dagger Throw","floor":8.0},{"not_picked":["Underhanded Strike","Slice"],"picked":"Night Terror","floor":10.0},{"not_picked":["Escape Plan","Dagger Spray"],"picked":"Tactician","floor":12.0},{"not_picked":["Concentrate","Riddle With Holes"],"picked":"Finisher","floor":13.0},{"not_picked":["Riddle With Holes","Dagger Throw"],"picked":"Deflect","floor":14.0},{"not_picked":["Burst","Grand Finale"],"picked":"Die Die Die","floor":16.0},{"not_picked":["Outmaneuver","Distraction"],"picked":"PiercingWail","floor":17.0},{"not_picked":["Deflect","Dagger Throw"],"picked":"Noxious Fumes+1","floor":18.0},{"not_picked":["Dodge and Roll","Prepared","Backstab"],"picked":"SKIP","floor":20.0},{"not_picked":["Prepared","Sucker Punch+1","Dodge and Roll"],"picked":"SKIP","floor":24.0},{"not_picked":["Blade Dance","Outmaneuver","Dagger Throw"],"picked":"SKIP","floor":28.0},{"not_picked":["Blur","Sucker Punch","Dagger Throw"],"picked":"SKIP","floor":30.0},{"not_picked":["Blur","Dagger Throw+1"],"picked":"Venomology","floor":31}],"player_experience":1239649,"relics_obtained":[{"floor":8.0,"key":"Bag of Preparation"},{"floor":9.0,"key":"Strawberry"},{"floor":13.0,"key":"Ninja Scroll"},{"floor":22.0,"key":"Enchiridion"},{"floor":26.0,"key":"Pen Nib"},{"floor":31,"key":"MawBank"}],"event_choices":[{"damage_healed":0.0,"max_hp_gain":0.0,"max_hp_loss":7.0,"gold_gain":0.0,"event_name":"Golden Idol","player_choice":"Lose Max HP","floor":4.0,"gold_loss":0.0,"damage_taken":0.0,"relics_obtained":["Golden Idol"]},{"damage_healed":0.0,"max_hp_gain":0.0,"max_hp_loss":0.0,"gold_gain":0.0,"event_name":"The Cleric","player_choice":"Leave","floor":7.0,"gold_loss":0.0,"damage_taken":0.0},{"damage_healed":0.0,"max_hp_gain":0.0,"max_hp_loss":0.0,"gold_gain":0.0,"event_name":"Beggar","player_choice":"Ignored","floor":21.0,"gold_loss":0.0,"damage_taken":0.0},{"damage_healed":0.0,"max_hp_gain":0.0,"max_hp_loss":0.0,"gold_gain":0.0,"event_name":"Cursed Tome","player_choice":"Obtained Book","floor":22.0,"gold_loss":0.0,"damage_taken":21.0},{"damage_healed":0.0,"max_hp_gain":0.0,"max_hp_loss":0.0,"gold_gain":0.0,"event_name":"The Joust","player_choice":"Bet on Murderer","floor":27.0,"gold_loss":50.0,"damage_taken":0.0}],"is_beta":false,"boss_relics":[{"not_picked":["Runic Dome","Calling Bell"],"picked":"Tiny House"}],"items_purged_floors":[3],"is_endless":false,"potions_floor_spawned":[5,8,13,16,18,30,31],"killed_by":"Collector","ascension_level":20}