{"gold_per_floor":[112,37,57,132,132,132,160,160,160,173,189,218,218,229,229,324,324,338,338,24,24,24,56,73,86,86,86,86,103,103,123,123,123],"floor_reached":33,"playtime":1384,"items_purged":["Defend_R","Defend_R"],"score":275,"play_id":"43ae2f76-4978-4029-8e94-fccdf5ab67a4","local_time":"20190901134422","is_ascension_mode":false,"campfire_choices":[{"data":"Armaments","floor":6.0,"key":"SMITH"},{"data":"Iron Wave","floor":8.0,"key":"SMITH"},{"data":"Flex","floor":15.0,"key":"SMITH"},{"floor":27.0,"key":"REST"},{"floor":30.0,"key":"REST"},{"data":"Juggernaut","floor":32.0,"key":"SMITH"}],"neow_cost":"NONE","seed_source_timestamp":0,"circlet_count":0,"master_deck":["Strike_R","Strike_R","Strike_R","Strike_R","Strike_R","Defend_R+1","Defend_R+1","Bash","Flex","Iron Wave+1","Armaments+1","Ghostly Armor","Anger","Metallicize","Power Through","Flex+1","Juggernaut+1","Flex","J.A.X.","Rage","Streamline+1","Acrobatics"],"special_seed":0,"relics":["Burning Blood","Gremlin Horn","Smiling Mask","War Paint","Orichalcum","Bottled Lightning","Busted Crown","PrismaticShard","Bag of Marbles","Meat on the Bone"],"potions_floor_usage":[33,33],"damage_taken":[{"damage":1.0,"enemies":"Jaw Worm","floor":1.0,"turns":3.0},{"damage":0.0,"enemies":"2 Louse","floor":3.0,"turns":2.0},{"damage":25.0,"enemies":"Gremlin Nob","floor":7.0,"turns":4.0},{"damage":1.0,"enemies":"Cultist","floor":10.0,"turns":4.0},{"damage":0.0,"enemies":"2 Fungi Beasts","floor":11.0,"turns":3.0},{"damage":15.0,"enemies":"3 Sentries","floor":12.0,"turns":9.0},{"damage":0.0,"enemies":"3 Louse","floor":14.0,"turns":2.0},{"damage":11.0,"enemies":"Slime Boss","floor":16.0,"turns":14.0},{"damage":7.0,"enemies":"3 Byrds","floor":18.0,"turns":5.0},{"damage":38.0,"enemies":"Slavers","floor":23.0,"turns":7.0},{"damage":25.0,"enemies":"2 Thieves","floor":24.0,"turns":5.0},{"damage":3.0,"enemies":"Centurion and Healer","floor":25.0,"turns":6.0},{"damage":12.0,"enemies":"Snake Plant","floor":29.0,"turns":4.0},{"damage":21.0,"enemies":"3 Cultists","floor":31.0,"turns":6.0},{"damage":67,"enemies":"Collector","floor":33,"turns":9}],"seed_played":"-5542019479780131264","potions_obtained":[{"floor":7.0,"key":"Energy Potion"},{"floor":10.0,"key":"Block Potion"},{"floor":14.0,"key":"Block Potion"},{"floor":23.0,"key":"Explosive Potion"},{"floor":29.0,"key":"Swift Potion"}],"is_trial":false,"path_per_floor":["M","$","M","?","?","R","E","R","T","M","M","E","T","M","R","B",null,"M","?","$","?","$","E","M","M","T","R","?","M","R","M","R","B"],"character_chosen":"IRONCLAD","items_purchased":["Rage","PrismaticShard"],"campfire_rested":2,"item_purchase_floors":[20,20],"current_hp_per_floor":[80,80,80,69,57,57,38,38,38,43,49,40,40,46,46,41,80,79,79,79,79,79,47,28,31,31,55,40,46,71,56,56,0],"gold":123,"neow_bonus":"THREE_CARDS","is_prod":false,"is_daily":false,"chose_seed":false,"campfire_upgraded":4,"win_rate":0,"timestamp":1567338262,"path_taken":["M","$","M","?","?","R","E","R","T","M","M","E","?","M","R","BOSS","M","?","$","?","?","E","M","?","T","R","?","M","R","M","R","BOSS"],"build_version":"2019-07-17","purchased_purges":2,"victory":false,"max_hp_per_floor":[80,80,80,80,80,80,80,80,80,80,80,80,80,80,80,80,80,80,80,80,80,80,80,80,80,80,80,85,85,85,85,85,85],"card_choices":[{"not_picked":["Clash","Carnage"],"picked":"Flex","floor":0.0},{"not_picked":["Armaments","True Grit"],"picked":"Iron Wave","floor":1.0},{"not_picked":["Headbutt","Rampage"],"picked":"Armaments","floor":3.0},{"not_picked":["Clothesline","Fiend Fire"],"picked":"Ghostly Armor","floor":7.0},{"not_picked":["Bloodletting","Twin Strike"],"picked":"Anger","floor":10.0},{"not_picked":["Evolve","Perfected Strike"],"picked":"Metallicize","floor":11.0},{"not_picked":["Headbutt","Thunderclap"],"picked":"Power Through","floor":12.0},{"not_picked":["Havoc","Twin Strike"],"picked":"Flex","floor":14.0},{"not_picked":["Impervious","Immolate"],"picked":"Juggernaut","floor":16.0},{"not_picked":[],"picked":"Flex","floor":18.0},{"not_picked":["Cold Snap+1"],"picked":"SKIP","floor":23.0},{"not_picked":["Lockon+1"],"picked":"SKIP","floor":24.0},{"not_picked":[],"picked":"Streamline+1","floor":25.0},{"not_picked":["Hemokinesis"],"picked":"SKIP","floor":29.0},{"not_picked":[],"picked":"Acrobatics","floor":31.0}],"player_experience":379317,"relics_obtained":[{"floor":7.0,"key":"Smiling Mask"},{"floor":9.0,"key":"War Paint"},{"floor":12.0,"key":"Orichalcum"},{"floor":13.0,"key":"Bottled Lightning"},{"floor":23.0,"key":"Bag of Marbles"},{"floor":26.0,"key":"Meat on the Bone"}],"event_choices":[{"damage_healed":0.0,"max_hp_gain":0.0,"max_hp_loss":0.0,"gold_gain":75.0,"event_name":"World of Goop","player_choice":"Gather Gold","floor":4.0,"gold_loss":0.0,"damage_taken":11.0},{"damage_healed":0.0,"max_hp_gain":0.0,"max_hp_loss":0.0,"gold_gain":0.0,"event_name":"Scrap Ooze","player_choice":"Success","floor":5.0,"gold_loss":0.0,"damage_taken":12.0,"relics_obtained":["Gremlin Horn"]},{"damage_healed":0.0,"max_hp_gain":0.0,"max_hp_loss":0.0,"gold_gain":0.0,"event_name":"Drug Dealer","player_choice":"Obtain J.A.X.","floor":19.0,"gold_loss":0.0,"damage_taken":0.0,"cards_obtained":["J.A.X."]},{"damage_healed":0.0,"max_hp_gain":0.0,"max_hp_loss":0.0,"gold_gain":0.0,"event_name":"The Mausoleum","player_choice":"Ignored","floor":21.0,"gold_loss":0.0,"damage_taken":0.0},{"damage_healed":0.0,"max_hp_gain":5.0,"max_hp_loss":0.0,"gold_gain":0.0,"event_name":"Forgotten Altar","player_choice":"Shed Blood","floor":28.0,"gold_loss":0.0,"damage_taken":20.0}],"is_beta":false,"boss_relics":[{"not_picked":["Black Blood","Astrolabe"],"picked":"Busted Crown"}],"items_purged_floors":[2,20],"is_endless":false,"potions_floor_spawned":[7,10,14,23,29,31],"killed_by":"Collector","ascension_level":0}