{"gold_per_floor":[118,118,134,134,79,79,104,29,52,52,69,69,97,44,44,120,120,136,154,154,167,31,31,58,58,58,72,87,67,98,98,98,169,169,187,198,0,13,25,25,25],"floor_reached":41,"playtime":1550,"items_purged":["Strike_G"],"score":903,"play_id":"d1c30a6a-6202-40f0-9f7b-531befec0244","local_time":"20190728103022","is_ascension_mode":true,"campfire_choices":[{"data":"Neutralize","floor":6.0,"key":"SMITH"},{"data":"Crippling Poison","floor":10.0,"key":"SMITH"},{"data":"Poisoned Stab","floor":12.0,"key":"SMITH"},{"data":"A Thousand Cuts","floor":15.0,"key":"SMITH"},{"data":"Noxious Fumes","floor":23.0,"key":"SMITH"},{"data":"Die Die Die","floor":25.0,"key":"SMITH"},{"data":"Strike_G","floor":32.0,"key":"PURGE"},{"data":"After Image","floor":40,"key":"SMITH"}],"neow_cost":"NONE","seed_source_timestamp":57479261000300,"circlet_count":0,"master_deck":["AscendersBane","Strike_G","Defend_G","Defend_G","Defend_G","Defend_G","Defend_G","Survivor","Neutralize+1","Masterful Stab","Deflect","Crippling Poison+1","Poisoned Stab+1","A Thousand Cuts+1","Die Die Die+1","PiercingWail","Deadly Poison","Bane","Flechettes","Heel Hook+1","Noxious Fumes+1","Quick Slash","PiercingWail","PiercingWail","Bullet Time","After Image+1","Escape Plan","Crippling Poison","Blur"],"special_seed":0,"relics":["Ring of the Serpent","Anchor","Juzu Bracelet","Snake Skull","Peace Pipe","Coffee Dripper","Nunchaku","Mango","Lantern","Red Mask"],"potions_floor_usage":[36,38,41,41],"damage_taken":[{"damage":0.0,"enemies":"Small Slimes","floor":1.0,"turns":4.0},{"damage":0.0,"enemies":"2 Louse","floor":3.0,"turns":3.0},{"damage":19.0,"enemies":"3 Sentries","floor":7.0,"turns":15.0},{"damage":0.0,"enemies":"Jaw Worm","floor":11.0,"turns":3.0},{"damage":6.0,"enemies":"Gremlin Nob","floor":13.0,"turns":3.0},{"damage":23.0,"enemies":"Hexaghost","floor":16.0,"turns":8.0},{"damage":0.0,"enemies":"Chosen","floor":18.0,"turns":4.0},{"damage":7.0,"enemies":"2 Thieves","floor":19.0,"turns":5.0},{"damage":2.0,"enemies":"3 Cultists","floor":21.0,"turns":4.0},{"damage":15.0,"enemies":"Book of Stabbing","floor":24.0,"turns":4.0},{"damage":8.0,"enemies":"Chosen and Byrds","floor":27.0,"turns":5.0},{"damage":1.0,"enemies":"Shelled Parasite and Fungi","floor":28.0,"turns":2.0},{"damage":16.0,"enemies":"Gremlin Leader","floor":30.0,"turns":5.0},{"damage":17.0,"enemies":"Collector","floor":33.0,"turns":7.0},{"damage":5.0,"enemies":"3 Shapes","floor":35.0,"turns":5.0},{"damage":8,"enemies":"3 Darklings","floor":36,"turns":3},{"damage":33,"enemies":"Spire Growth","floor":38,"turns":5},{"damage":17,"enemies":"Writhing Mass","floor":39,"turns":7},{"damage":16,"enemies":"Reptomancer","floor":41,"turns":2}],"seed_played":"-5857640084779327283","potions_obtained":[{"floor":3.0,"key":"Dexterity Potion"},{"floor":13.0,"key":"Poison Potion"},{"floor":24.0,"key":"FearPotion"},{"floor":27.0,"key":"Explosive Potion"},{"floor":28.0,"key":"Weak Potion"},{"floor":30.0,"key":"PowerPotion"},{"floor":33.0,"key":"Poison Potion"},{"floor":35.0,"key":"Explosive Potion"},{"floor":38,"key":"Explosive Potion"},{"floor":39,"key":"Poison Potion"}],"is_trial":false,"path_per_floor":["M","?","M","?","$","R","E","$","T","R","M","R","E","$","R","B",null,"M","M","?","M","$","R","E","R","T","M","M","?","E","?","R","B",null,"M","M","?","M","M","R","E"],"character_chosen":"THE_SILENT","items_purchased":["SteroidPotion","PowerPotion","Noxious Fumes","Fire Potion"],"campfire_rested":0,"item_purchase_floors":[5,14,22,22],"current_hp_per_floor":[59,59,59,64,64,64,45,45,45,45,45,45,39,39,39,16,57,57,50,50,48,48,48,33,33,47,39,38,38,22,22,22,5,65,60,52,52,19,2,2,0],"gold":25,"neow_bonus":"RANDOM_COMMON_RELIC","is_prod":false,"is_daily":false,"chose_seed":false,"campfire_upgraded":7,"win_rate":0,"timestamp":1564324222,"path_taken":["M","?","M","?","?","R","E","$","T","R","M","R","E","$","R","BOSS","M","M","?","M","$","R","E","R","T","M","M","?","E","?","R","BOSS","M","M","?","M","M","R","E"],"build_version":"2019-07-17","purchased_purges":1,"victory":false,"max_hp_per_floor":[66,66,66,71,71,71,71,71,71,71,71,71,71,71,71,71,71,71,71,71,71,71,71,71,71,85,85,85,85,85,85,85,85,85,85,85,85,85,85,85,85],"card_choices":[{"not_picked":["Bane","Prepared"],"picked":"Masterful Stab","floor":1.0},{"not_picked":["Backflip","Outmaneuver"],"picked":"Deflect","floor":3.0},{"not_picked":["Bane","PiercingWail"],"picked":"Crippling Poison","floor":7.0},{"not_picked":["Acrobatics","Reflex"],"picked":"Poisoned Stab","floor":11.0},{"not_picked":["Dodge and Roll","Leg Sweep"],"picked":"A Thousand Cuts","floor":13.0},{"not_picked":["Unload","Night Terror"],"picked":"Die Die Die","floor":16.0},{"not_picked":["Setup","Endless Agony"],"picked":"PiercingWail","floor":18.0},{"not_picked":["Sucker Punch","Tactician"],"picked":"Deadly Poison","floor":19.0},{"not_picked":["Outmaneuver","Accuracy"],"picked":"Heel Hook+1","floor":21.0},{"not_picked":["Riddle With Holes","Slice","Outmaneuver"],"picked":"SKIP","floor":24.0},{"not_picked":["Unload","Calculated Gamble"],"picked":"Quick Slash","floor":27.0},{"not_picked":["Acrobatics","Deflect"],"picked":"PiercingWail","floor":28.0},{"not_picked":["Quick Slash","Flying Knee"],"picked":"PiercingWail","floor":30.0},{"not_picked":["Bullet Time","Malaise"],"picked":"After Image","floor":33.0},{"not_picked":["Blade Dance+1","Dodge and Roll"],"picked":"Escape Plan","floor":35.0},{"not_picked":["Accuracy","Concentrate"],"picked":"Crippling Poison","floor":36},{"not_picked":["Dash","Quick Slash","Heel Hook"],"picked":"SKIP","floor":38},{"not_picked":["Crippling Poison","Dagger Throw"],"picked":"Blur","floor":39}],"player_experience":1403263,"relics_obtained":[{"floor":7.0,"key":"Juzu Bracelet"},{"floor":9.0,"key":"Snake Skull"},{"floor":13.0,"key":"Peace Pipe"},{"floor":24.0,"key":"Nunchaku"},{"floor":26.0,"key":"Mango"},{"floor":30.0,"key":"Lantern"}],"event_choices":[{"damage_healed":0.0,"max_hp_gain":0.0,"max_hp_loss":0.0,"gold_gain":0.0,"event_name":"The Cleric","player_choice":"Leave","floor":2.0,"gold_loss":0.0,"damage_taken":0.0},{"damage_healed":0.0,"max_hp_gain":5.0,"max_hp_loss":0.0,"gold_gain":0.0,"event_name":"Big Fish","player_choice":"Donut","floor":4.0,"gold_loss":0.0,"damage_taken":0.0},{"damage_healed":0.0,"max_hp_gain":0.0,"max_hp_loss":0.0,"gold_gain":0.0,"cards_transformed":["Strike_G","Strike_G"],"event_name":"Drug Dealer","player_choice":"Became Test Subject","floor":20.0,"gold_loss":0.0,"damage_taken":0.0,"cards_obtained":["Bane","Flechettes"]},{"damage_healed":0.0,"max_hp_gain":0.0,"max_hp_loss":0.0,"gold_gain":0.0,"event_name":"The Woman in Blue","player_choice":"Bought 1 Potion","floor":29.0,"gold_loss":0.0,"damage_taken":0.0},{"damage_healed":0.0,"max_hp_gain":0.0,"max_hp_loss":0.0,"gold_gain":0.0,"event_name":"Match and Keep!","player_choice":"1 cards matched","floor":31.0,"gold_loss":0.0,"damage_taken":0.0,"cards_obtained":["Bullet Time"]},{"damage_healed":0,"gold_gain":0,"player_choice":"Paid","damage_taken":0,"relics_obtained":["Red Mask"],"max_hp_gain":0,"max_hp_loss":0,"event_name":"Tomb of Lord Red Mask","floor":37,"gold_loss":198}],"is_beta":false,"boss_relics":[{"not_picked":["Runic Pyramid","Eternal Feather"],"picked":"Coffee Dripper"},{"not_picked":["Velvet Choker","Calling Bell"],"picked":"Ring of the Serpent"}],"items_purged_floors":[8],"is_endless":false,"potions_floor_spawned":[3,13,24,27,28,30,33,35,38,39],"killed_by":"Reptomancer","ascension_level":20}