{"gold_per_floor":[110,110,120,120,120,156,168,211,247,259],"floor_reached":10,"playtime":198,"items_purged":[],"score":198,"play_id":"67240eed-5789-44b3-8624-d80ec355042c","local_time":"20190803093534","is_ascension_mode":true,"campfire_choices":[{"data":"Neutralize","floor":7.0,"key":"SMITH"}],"neow_cost":"NONE","seed_source_timestamp":574315823215000,"circlet_count":0,"master_deck":["AscendersBane","Strike_G","Strike_G","Strike_G","Strike_G","Strike_G","Defend_G","Defend_G+1","Defend_G","Defend_G","Defend_G","Survivor+1","Neutralize+1","Dash","PiercingWail","Dagger Spray","Bouncing Flask"],"special_seed":0,"relics":["Ring of the Snake","NeowsBlessing","Golden Idol","MawBank","Matryoshka","Potion Belt","War Paint"],"potions_floor_usage":[10],"damage_taken":[{"damage":0.0,"enemies":"2 Louse","floor":1.0,"turns":1.0},{"damage":0.0,"enemies":"Cultist","floor":3.0,"turns":1.0},{"damage":0.0,"enemies":"Lagavulin","floor":6.0,"turns":1.0},{"damage":16.0,"enemies":"Gremlin Nob","floor":8.0,"turns":4.0},{"damage":25,"enemies":"3 Sentries","floor":10,"turns":6}],"seed_played":"-5819801180514889930","potions_obtained":[{"floor":3.0,"key":"SkillPotion"},{"floor":5.0,"key":"Fire Potion"},{"floor":8.0,"key":"SpeedPotion"}],"is_trial":false,"path_per_floor":["M","?","M","?","?","E","R","E","T","E"],"character_chosen":"THE_SILENT","items_purchased":[],"campfire_rested":0,"item_purchase_floors":[],"current_hp_per_floor":[59,64,64,40,40,40,40,24,24,0],"gold":259,"neow_bonus":"THREE_ENEMY_KILL","is_prod":false,"is_daily":false,"chose_seed":false,"campfire_upgraded":1,"win_rate":0,"timestamp":1564839334,"path_taken":["M","?","M","?","?","E","R","E","T","E"],"build_version":"2019-07-17","purchased_purges":0,"victory":false,"max_hp_per_floor":[66,71,71,71,71,71,71,71,71,71],"card_choices":[{"not_picked":["Cloak And Dagger","Terror"],"picked":"Dash","floor":1.0},{"not_picked":["Concentrate","Acrobatics"],"picked":"PiercingWail","floor":3.0},{"not_picked":["Outmaneuver","Bullet Time"],"picked":"Dagger Spray","floor":6.0},{"not_picked":["Dash","Acrobatics"],"picked":"Bouncing Flask","floor":8.0}],"player_experience":1415223,"relics_obtained":[{"floor":6.0,"key":"MawBank"},{"floor":8.0,"key":"Matryoshka"},{"floor":9.0,"key":"Potion Belt"},{"floor":9.0,"key":"War Paint"}],"event_choices":[{"damage_healed":0.0,"max_hp_gain":5.0,"max_hp_loss":0.0,"gold_gain":0.0,"event_name":"Big Fish","player_choice":"Donut","floor":2.0,"gold_loss":0.0,"damage_taken":0.0},{"damage_healed":0.0,"max_hp_gain":0.0,"max_hp_loss":0.0,"gold_gain":0.0,"event_name":"Golden Idol","player_choice":"Take Damage","floor":4.0,"gold_loss":0.0,"damage_taken":24.0,"relics_obtained":["Golden Idol"]},{"damage_healed":0.0,"max_hp_gain":0.0,"max_hp_loss":0.0,"gold_gain":0.0,"event_name":"Lab","player_choice":"Got Potions","floor":5.0,"gold_loss":0.0,"damage_taken":0.0}],"is_beta":false,"boss_relics":[],"items_purged_floors":[],"is_endless":false,"potions_floor_spawned":[3,8],"killed_by":"3 Sentries","ascension_level":20}