{"gold_per_floor":[149,149,164,178,178,178,178,203,253,288,288,304,304,26,26,26],"floor_reached":16,"playtime":550,"items_purged":[],"score":200,"play_id":"69ae3d64-c3af-44f4-9fb9-69146cf18d57","local_time":"20190623091313","is_ascension_mode":true,"campfire_choices":[{"data":"Neutralize","floor":6.0,"key":"SMITH"},{"data":"Deadly Poison","floor":11,"key":"SMITH"},{"data":"Deadly Poison","floor":13,"key":"SMITH"},{"data":"Dagger Spray","floor":15,"key":"SMITH"}],"neow_cost":"NONE","seed_source_timestamp":219369813418100,"circlet_count":0,"master_deck":["AscendersBane","Defend_G","Defend_G","Defend_G","Defend_G","Defend_G","Strike_G","Strike_G","Strike_G","Strike_G","Survivor","Neutralize+1","PiercingWail","PiercingWail","Quick Slash","Backflip","Deadly Poison+1","Leg Sweep","Deadly Poison+1","Dagger Spray+1"],"special_seed":0,"relics":["Ring of the Snake","Tiny Chest","Golden Idol","Omamori","Bronze Scales","Happy Flower"],"potions_floor_usage":[10,10,16],"damage_taken":[{"damage":0.0,"enemies":"2 Louse","floor":1.0,"turns":2.0},{"damage":8.0,"enemies":"Cultist","floor":3.0,"turns":5.0},{"damage":4.0,"enemies":"Jaw Worm","floor":4.0,"turns":6.0},{"damage":0,"enemies":"3 Louse","floor":8,"turns":6},{"damage":15,"enemies":"Lagavulin","floor":10,"turns":9},{"damage":0,"enemies":"Looter","floor":12,"turns":4},{"damage":36,"enemies":"Slime Boss","floor":16,"turns":8}],"seed_played":"5457980893171380823","potions_obtained":[{"floor":4.0,"key":"EssenceOfSteel"},{"floor":8,"key":"AttackPotion"}],"is_trial":false,"path_per_floor":["M","?","M","M","?","R","?","M","T","E","R","M","R","$","R","B"],"character_chosen":"THE_SILENT","items_purchased":["Happy Flower","Energy Potion","Dagger Spray"],"campfire_rested":0,"item_purchase_floors":[14,14,14],"current_hp_per_floor":[59,59,51,47,47,47,47,47,47,32,32,32,32,32,32,0],"gold":26,"neow_bonus":"RANDOM_COMMON_RELIC","is_prod":false,"is_daily":false,"chose_seed":false,"campfire_upgraded":4,"win_rate":0,"timestamp":1561295593,"path_taken":["M","?","M","?","?","R","?","M","T","E","R","M","R","$","R","BOSS"],"build_version":"2019-01-23","purchased_purges":0,"victory":false,"max_hp_per_floor":[66,66,66,66,60,60,60,60,60,60,60,60,60,60,60,60],"card_choices":[{"not_picked":["Slice","Eviscerate"],"picked":"PiercingWail","floor":1.0},{"not_picked":["Slice","Caltrops"],"picked":"Quick Slash","floor":3.0},{"not_picked":["Catalyst","Acrobatics"],"picked":"Backflip","floor":4.0},{"not_picked":["Calculated Gamble","Outmaneuver"],"picked":"Deadly Poison","floor":8},{"not_picked":["Expertise","Tactician"],"picked":"Leg Sweep","floor":10},{"not_picked":["Burst","Accuracy"],"picked":"Deadly Poison","floor":12}],"player_experience":1212157,"relics_obtained":[{"floor":9,"key":"Omamori"},{"floor":10,"key":"Bronze Scales"}],"event_choices":[{"damage_healed":0.0,"max_hp_gain":0.0,"max_hp_loss":0.0,"gold_gain":0.0,"cards_transformed":["Strike_G"],"event_name":"Transmorgrifier","player_choice":"Transformed","floor":2.0,"gold_loss":0.0,"damage_taken":0.0,"cards_obtained":["PiercingWail"]},{"damage_healed":0.0,"max_hp_gain":0.0,"max_hp_loss":6.0,"gold_gain":0.0,"event_name":"Golden Idol","player_choice":"Lose Max HP","floor":5.0,"gold_loss":0.0,"damage_taken":0.0,"relics_obtained":["Golden Idol"]},{"damage_healed":0,"gold_gain":0,"player_choice":"Searched \u00270\u0027 times","damage_taken":0,"max_hp_gain":0,"max_hp_loss":0,"event_name":"Dead Adventurer","floor":7,"gold_loss":0}],"is_beta":false,"boss_relics":[],"items_purged_floors":[],"is_endless":false,"potions_floor_spawned":[4,8],"killed_by":"Slime Boss","ascension_level":20}