{"gold_per_floor":[116,130,148,223,30,30,40,68,115,65,18,38,38,52,52,147,147,161,161,172,28,103,103,167,39,120,139,168,184,216,32,32,127,127,139,89,49,62,62,87,87,121,121,155,210,16,48,61,61,61],"floor_reached":51,"playtime":2424,"items_purged":["Strike_R","Strike_R+1","Strike_R+1","Strike_B","Defend_R"],"score":946,"play_id":"cb5d14f2-d336-4093-a0b6-80d6ad2f50d9","local_time":"20190825135743","is_ascension_mode":false,"campfire_choices":[{"data":"Inflame","floor":6.0,"key":"SMITH"},{"data":"Disarm","floor":13.0,"key":"SMITH"},{"data":"Sword Boomerang","floor":15.0,"key":"SMITH"},{"data":"Flex","floor":23,"key":"SMITH"},{"data":"Apotheosis","floor":32,"key":"SMITH"},{"floor":41,"key":"REST"},{"floor":49,"key":"DIG"}],"neow_cost":"NONE","seed_source_timestamp":414115227176800,"circlet_count":0,"master_deck":["Defend_R","Defend_R","Defend_R","Bash","Carnage","Headbutt","Flex+1","Inflame+1","Disarm+1","Flex","Offering","Sword Boomerang+1","Battle Trance","Shrug It Off","Reaper","Warcry+1","Infernal Blade+1","Dark Shackles","Metallicize","Feel No Pain","Sword Boomerang+1","Warcry+1","Apotheosis+1","Limit Break+1","Feel No Pain","Feel No Pain","Madness","Madness","Double Tap","Shrug It Off","Intimidate+1"],"special_seed":0,"relics":["Burning Blood","Smiling Mask","Question Card","Whetstone","Busted Crown","Tiny Chest","Meat on the Bone","Red Skull","Omamori","Fusion Hammer","Letter Opener","Blood Vial","Kunai","StoneCalendar","Shovel","Bag of Preparation","Orichalcum","Charon\u0027s Ashes"],"potions_floor_usage":[24,50,50,50],"damage_taken":[{"damage":14.0,"enemies":"Jaw Worm","floor":1.0,"turns":4.0},{"damage":0.0,"enemies":"Small Slimes","floor":2.0,"turns":3.0},{"damage":0.0,"enemies":"Cultist","floor":3.0,"turns":2.0},{"damage":12.0,"enemies":"Blue Slaver","floor":7.0,"turns":4.0},{"damage":17.0,"enemies":"Lagavulin","floor":8.0,"turns":7.0},{"damage":14.0,"enemies":"Lots of Slimes","floor":12.0,"turns":3.0},{"damage":2.0,"enemies":"2 Fungi Beasts","floor":14.0,"turns":3.0},{"damage":6.0,"enemies":"Slime Boss","floor":16.0,"turns":7.0},{"damage":6.0,"enemies":"Chosen","floor":18.0,"turns":2.0},{"damage":6.0,"enemies":"3 Byrds","floor":20.0,"turns":4.0},{"damage":28,"enemies":"Slavers","floor":24,"turns":2},{"damage":6,"enemies":"Snake Plant","floor":27,"turns":1},{"damage":38,"enemies":"Gremlin Leader","floor":28,"turns":7},{"damage":15,"enemies":"Cultist and Chosen","floor":29,"turns":5},{"damage":16,"enemies":"Book of Stabbing","floor":30,"turns":4},{"damage":49,"enemies":"Automaton","floor":33,"turns":9},{"damage":1,"enemies":"Orb Walker","floor":35,"turns":3},{"damage":6,"enemies":"3 Darklings","floor":38,"turns":3},{"damage":6,"enemies":"Reptomancer","floor":40,"turns":5},{"damage":6,"enemies":"Nemesis","floor":42,"turns":5},{"damage":15,"enemies":"Reptomancer","floor":44,"turns":5},{"damage":52,"enemies":"2 Orb Walkers","floor":45,"turns":4},{"damage":6,"enemies":"Nemesis","floor":47,"turns":5},{"damage":6,"enemies":"Spire Growth","floor":48,"turns":4},{"damage":12,"enemies":"Time Eater","floor":50,"turns":7}],"seed_played":"1978619934523096491","potions_obtained":[{"floor":1.0,"key":"Weak Potion"},{"floor":2.0,"key":"Poison Potion"},{"floor":7.0,"key":"SpeedPotion"},{"floor":12.0,"key":"Ancient Potion"},{"floor":18.0,"key":"PowerPotion"},{"floor":27,"key":"SpeedPotion"}],"is_trial":false,"path_per_floor":["M","M","M","?","$","R","M","E","T","?","$","M","R","M","R","B",null,"M","?","M","$","?","R","E","$","T","M","E","M","E","$","R","B",null,"M","$","?","M","?","E","R","E","T","E","?","$","E","M","R","B",null],"character_chosen":"IRONCLAD","items_purchased":["Inflame","Disarm","Sword Boomerang","Dark Shackles","Feel No Pain","Apotheosis","Bag of Preparation"],"campfire_rested":1,"item_purchase_floors":[5,5,11,21,25,31,46],"current_hp_per_floor":[72,78,80,69,69,69,63,52,52,52,52,44,44,48,48,48,80,80,80,80,80,72,72,80,80,80,80,54,65,55,55,55,39,80,80,80,80,80,70,80,80,80,80,80,46,46,48,60,60,72],"gold":61,"neow_bonus":"RANDOM_COMMON_RELIC","is_prod":false,"is_daily":false,"chose_seed":false,"campfire_upgraded":5,"win_rate":0,"timestamp":1566709063,"path_taken":["M","M","M","?","$","R","M","E","T","?","$","M","R","M","R","BOSS","M","?","M","?","?","R","E","$","T","M","E","M","E","$","R","BOSS","M","?","?","?","?","E","R","E","T","E","?","$","E","M","R","BOSS"],"build_version":"2019-07-17","purchased_purges":5,"victory":true,"max_hp_per_floor":[80,80,80,80,80,80,80,80,80,80,80,80,80,80,80,80,80,80,80,80,80,80,80,80,80,80,80,80,80,80,80,80,80,80,80,80,80,80,80,80,80,80,80,80,80,80,80,80,80,80],"card_choices":[{"not_picked":["Cleave","Iron Wave"],"picked":"Carnage","floor":1.0},{"not_picked":["Armaments","Warcry"],"picked":"Headbutt","floor":2.0},{"not_picked":["Hemokinesis","Havoc"],"picked":"Flex","floor":3.0},{"not_picked":["Perfected Strike","Havoc"],"picked":"Flex","floor":7.0},{"not_picked":["Seeing Red","True Grit"],"picked":"Offering","floor":8.0},{"not_picked":["Cleave","True Grit","Ghostly Armor"],"picked":"Battle Trance","floor":12.0},{"not_picked":["Rampage","Sentinel","Headbutt"],"picked":"Shrug It Off","floor":14.0},{"not_picked":["Limit Break","Impervious","Fiend Fire"],"picked":"Reaper","floor":16.0},{"not_picked":["Cleave"],"picked":"Warcry+1","floor":18.0},{"not_picked":["Body Slam+1"],"picked":"Infernal Blade+1","floor":20.0},{"not_picked":["Warcry"],"picked":"Metallicize","floor":24},{"not_picked":["Twin Strike"],"picked":"Sword Boomerang+1","floor":27},{"not_picked":["Body Slam"],"picked":"Warcry+1","floor":28},{"not_picked":["Rampage","Armaments"],"picked":"SKIP","floor":29},{"not_picked":["Heavy Blade","Headbutt"],"picked":"SKIP","floor":30},{"not_picked":["Bludgeon"],"picked":"Limit Break","floor":33},{"not_picked":["Twin Strike"],"picked":"Feel No Pain","floor":35},{"not_picked":["Body Slam"],"picked":"Feel No Pain","floor":38},{"not_picked":["Hemokinesis+1","Wild Strike"],"picked":"SKIP","floor":40},{"not_picked":["Cleave"],"picked":"Double Tap","floor":42},{"not_picked":["Warcry+1","Hemokinesis"],"picked":"SKIP","floor":44},{"not_picked":["Havoc"],"picked":"Shrug It Off","floor":45},{"not_picked":["Clash+1"],"picked":"Intimidate+1","floor":47},{"not_picked":["Wild Strike+1","Headbutt"],"picked":"SKIP","floor":48}],"player_experience":210721,"relics_obtained":[{"floor":8.0,"key":"Question Card"},{"floor":9.0,"key":"Whetstone"},{"floor":24,"key":"Tiny Chest"},{"floor":26,"key":"Meat on the Bone"},{"floor":28,"key":"Red Skull"},{"floor":30,"key":"Omamori"},{"floor":40,"key":"Letter Opener"},{"floor":42,"key":"Blood Vial"},{"floor":43,"key":"Kunai"},{"floor":44,"key":"StoneCalendar"},{"floor":45,"key":"Shovel"},{"floor":47,"key":"Orichalcum"},{"floor":49,"key":"Charon\u0027s Ashes"}],"event_choices":[{"damage_healed":0.0,"max_hp_gain":0.0,"max_hp_loss":0.0,"gold_gain":75.0,"event_name":"World of Goop","player_choice":"Gather Gold","floor":4.0,"gold_loss":0.0,"damage_taken":11.0},{"cards_removed":["Strike_R"],"damage_healed":0.0,"max_hp_gain":0.0,"max_hp_loss":0.0,"gold_gain":0.0,"event_name":"The Cleric","player_choice":"Card Removal","floor":10.0,"gold_loss":50.0,"damage_taken":0.0},{"cards_removed":["Strike_R"],"damage_healed":0.0,"max_hp_gain":0.0,"max_hp_loss":0.0,"gold_gain":0.0,"event_name":"NoteForYourself","player_choice":"Took Card","floor":19.0,"gold_loss":0.0,"damage_taken":0.0,"cards_obtained":["Strike_B"]},{"damage_healed":0,"gold_gain":75,"player_choice":"Touch","damage_taken":8,"max_hp_gain":0,"max_hp_loss":0,"event_name":"FaceTrader","floor":22,"gold_loss":0},{"damage_healed":0,"gold_gain":0,"player_choice":"Upgrade","damage_taken":0,"max_hp_gain":0,"max_hp_loss":0,"event_name":"Designer","floor":37,"gold_loss":40,"cards_upgraded":["Limit Break"]},{"damage_healed":0,"gold_gain":0,"player_choice":"Embrace Madness","damage_taken":10,"max_hp_gain":0,"max_hp_loss":0,"event_name":"Winding Halls","floor":39,"gold_loss":0,"cards_obtained":["Madness","Madness"]},{"damage_healed":0,"gold_gain":0,"player_choice":"Fight","damage_taken":0,"max_hp_gain":0,"max_hp_loss":0,"event_name":"Mysterious Sphere","floor":45,"gold_loss":0}],"is_beta":false,"boss_relics":[{"not_picked":["Black Blood","Runic Dome"],"picked":"Busted Crown"},{"not_picked":["Mark of Pain","Runic Cube"],"picked":"Fusion Hammer"}],"items_purged_floors":[5,21,25,36,46],"is_endless":false,"potions_floor_spawned":[1,2,7,12,18,27,29,33,38,40,45,48],"ascension_level":0}