{"gold_per_floor":[119,119,130,130,141,141,167,167,167,167,39,39,10,10,10,10],"floor_reached":16,"playtime":568,"items_purged":["Strike_G"],"score":192,"play_id":"4b8572e6-181e-49d2-b26d-e8c59504bf6f","local_time":"20190704081914","is_ascension_mode":true,"campfire_choices":[{"data":"Backstab","floor":6.0,"key":"SMITH"},{"data":"After Image","floor":8.0,"key":"SMITH"},{"data":"Footwork","floor":10.0,"key":"SMITH"},{"data":"Dodge and Roll","floor":12.0,"key":"SMITH"},{"data":"Survivor","floor":15.0,"key":"SMITH"}],"neow_cost":"NONE","seed_source_timestamp":1166484606271900,"circlet_count":0,"master_deck":["AscendersBane","Strike_G","Strike_G","Strike_G","Strike_G","Defend_G","Defend_G","Defend_G","Defend_G","Defend_G","Survivor+1","Neutralize+1","Backstab+1","Poisoned Stab+1","Footwork+1","After Image+1","Dodge and Roll+1","Dagger Throw"],"special_seed":0,"relics":["Ring of the Snake","Calipers","Letter Opener"],"potions_floor_usage":[16],"damage_taken":[{"damage":3.0,"enemies":"Jaw Worm","floor":1.0,"turns":5.0},{"damage":1.0,"enemies":"2 Louse","floor":3.0,"turns":3.0},{"damage":0.0,"enemies":"Small Slimes","floor":5.0,"turns":2.0},{"damage":29.0,"enemies":"3 Sentries","floor":7.0,"turns":16.0},{"damage":33,"enemies":"Slime Boss","floor":16,"turns":15}],"seed_played":"-4295409682554183325","potions_obtained":[{"floor":1.0,"key":"Strength Potion"},{"floor":7.0,"key":"EssenceOfSteel"}],"is_trial":false,"path_per_floor":["M","?","M","?","M","R","E","R","T","R","$","R","$","?","R","B"],"character_chosen":"THE_SILENT","items_purchased":["Dodge and Roll","Dagger Throw"],"campfire_rested":0,"item_purchase_floors":[11,13],"current_hp_per_floor":[56,61,60,60,60,60,31,31,31,31,31,31,31,31,31,0],"gold":10,"neow_bonus":"UPGRADE_CARD","is_prod":false,"is_daily":false,"chose_seed":false,"campfire_upgraded":5,"win_rate":0,"timestamp":1562242754,"path_taken":["M","?","M","?","M","R","E","R","T","R","?","R","?","?","R","BOSS"],"build_version":"2019-07-01","purchased_purges":1,"victory":false,"max_hp_per_floor":[66,71,71,71,71,71,71,71,71,71,71,71,71,71,71,71],"card_choices":[{"not_picked":["Leg Sweep","Heel Hook"],"picked":"Backstab","floor":1.0},{"not_picked":["Footwork","Sucker Punch"],"picked":"Poisoned Stab","floor":3.0},{"not_picked":["Sucker Punch","Masterful Stab"],"picked":"Footwork","floor":5.0},{"not_picked":["Slice","Catalyst"],"picked":"After Image","floor":7.0}],"player_experience":1272974,"relics_obtained":[{"floor":7.0,"key":"Calipers"},{"floor":9.0,"key":"Letter Opener"}],"event_choices":[{"damage_healed":0.0,"max_hp_gain":5.0,"max_hp_loss":0.0,"gold_gain":0.0,"event_name":"Big Fish","player_choice":"Donut","floor":2.0,"gold_loss":0.0,"damage_taken":0.0},{"damage_healed":0.0,"max_hp_gain":0.0,"max_hp_loss":0.0,"gold_gain":0.0,"event_name":"Living Wall","player_choice":"Grow","floor":4.0,"gold_loss":0.0,"damage_taken":0.0,"cards_upgraded":["Poisoned Stab"]},{"damage_healed":0.0,"max_hp_gain":0.0,"max_hp_loss":0.0,"gold_gain":0.0,"event_name":"Liars Game","player_choice":"Ignored","floor":14.0,"gold_loss":0.0,"damage_taken":0.0}],"is_beta":false,"boss_relics":[],"items_purged_floors":[11],"is_endless":false,"potions_floor_spawned":[1,7],"killed_by":"Slime Boss","ascension_level":20}