{"gold_per_floor":[118,83,83,95,95,122,142,168,168,168,194,206,218,243,243,243],"floor_reached":16,"playtime":537,"items_purged":[],"score":260,"play_id":"71003234-b60f-46c5-88e9-228d9445f3de","local_time":"20190607190530","is_ascension_mode":true,"campfire_choices":[{"floor":10.0,"key":"REST"},{"data":"Beam Cell","floor":15,"key":"SMITH"}],"neow_cost":"NONE","seed_source_timestamp":954568200294100,"circlet_count":0,"master_deck":["AscendersBane","Strike_B","Strike_B","Strike_B","Strike_B","Defend_B","Defend_B","Defend_B+1","Zap","Dualcast+1","Beam Cell+1","Core Surge","Recycle+1","Ball Lightning","Self Repair","Conserve Battery+1","Go for the Eyes","Conserve Battery+1","Hologram+1"],"special_seed":0,"relics":["Cracked Core","Singing Bowl","Toxic Egg 2","Pen Nib","War Paint","Strawberry","Meat on the Bone"],"potions_floor_usage":[14],"damage_taken":[{"damage":0.0,"enemies":"2 Louse","floor":1.0,"turns":3.0},{"damage":2.0,"enemies":"Jaw Worm","floor":4.0,"turns":3.0},{"damage":35.0,"enemies":"3 Sentries","floor":6.0,"turns":7.0},{"damage":6.0,"enemies":"Cultist","floor":7.0,"turns":3.0},{"damage":24.0,"enemies":"Gremlin Nob","floor":8.0,"turns":4.0},{"damage":22.0,"enemies":"Lagavulin","floor":11.0,"turns":6.0},{"damage":0.0,"enemies":"Exordium Thugs","floor":12.0,"turns":3.0},{"damage":9.0,"enemies":"2 Fungi Beasts","floor":13.0,"turns":2.0},{"damage":8,"enemies":"Gremlin Nob","floor":14,"turns":3},{"damage":33,"enemies":"Hexaghost","floor":16,"turns":7}],"seed_played":"9111988358837384576","potions_obtained":[{"floor":0.0,"key":"Fire Potion"},{"floor":0.0,"key":"Regen Potion"},{"floor":8.0,"key":"Ancient Potion"},{"floor":11.0,"key":"PowerPotion"}],"is_trial":false,"path_per_floor":["M","?","?","M","T","E","M","E","T","R","E","M","M","E","R","B"],"character_chosen":"DEFECT","items_purchased":[],"campfire_rested":1,"item_purchase_floors":[],"current_hp_per_floor":[64,71,71,69,69,48,42,18,18,39,31,38,29,28,28,0],"gold":243,"neow_bonus":"THREE_SMALL_POTIONS","is_prod":false,"is_daily":false,"chose_seed":false,"campfire_upgraded":1,"win_rate":0,"timestamp":1559948730,"path_taken":["M","?","?","?","?","E","M","E","T","R","E","M","M","E","R","BOSS"],"build_version":"2019-01-23","purchased_purges":0,"victory":false,"max_hp_per_floor":[71,71,71,71,71,71,71,71,71,71,78,78,78,78,78,78],"card_choices":[{"not_picked":["Redo","Aggregate"],"picked":"Beam Cell","floor":1.0},{"not_picked":["Coolheaded","Sweeping Beam"],"picked":"Core Surge","floor":4.0},{"not_picked":["Rebound","Darkness"],"picked":"Recycle","floor":6.0},{"not_picked":["Rebound","Sweeping Beam"],"picked":"Ball Lightning","floor":7.0},{"not_picked":["Doom and Gloom","Chaos+1"],"picked":"Self Repair","floor":8.0},{"not_picked":["Thunder Strike","Barrage"],"picked":"Conserve Battery+1","floor":11.0},{"not_picked":["Compile Driver","Gash"],"picked":"Go for the Eyes","floor":12.0},{"not_picked":["Loop","Barrage"],"picked":"Conserve Battery+1","floor":13.0},{"not_picked":["Barrage","Turbo+1"],"picked":"Hologram+1","floor":14}],"player_experience":1147205,"relics_obtained":[{"floor":5.0,"key":"Singing Bowl"},{"floor":6.0,"key":"Toxic Egg 2"},{"floor":8.0,"key":"Pen Nib"},{"floor":9.0,"key":"War Paint"},{"floor":11.0,"key":"Strawberry"},{"floor":14,"key":"Meat on the Bone"}],"event_choices":[{"damage_healed":17.0,"max_hp_gain":0.0,"max_hp_loss":0.0,"gold_gain":0.0,"event_name":"The Cleric","player_choice":"Healed","floor":2.0,"gold_loss":35.0,"damage_taken":0.0},{"cards_removed":["Defend_B"],"damage_healed":0.0,"max_hp_gain":0.0,"max_hp_loss":0.0,"gold_gain":0.0,"event_name":"Purifier","player_choice":"Purged","floor":3.0,"gold_loss":0.0,"damage_taken":0.0}],"is_beta":false,"boss_relics":[],"items_purged_floors":[],"is_endless":false,"potions_floor_spawned":[4,8,11,12,13],"killed_by":"Hexaghost","ascension_level":20}