{"gold_per_floor":[111,67,67,15,30,30,65,85,85,85,85,96,96,125,125,202,202,213,213,213,225,150,150,161,161,185,216,231,251,9,44,44,44],"floor_reached":33,"playtime":1126,"items_purged":[],"score":686,"play_id":"070ebd64-df85-46b5-a84e-bab80ff8612f","local_time":"20190717145135","is_ascension_mode":true,"campfire_choices":[{"data":"Genetic Algorithm","floor":6.0,"key":"SMITH"},{"data":"Zap","floor":11.0,"key":"SMITH"},{"data":"Rip and Tear","floor":13.0,"key":"SMITH"},{"data":"Streamline","floor":15.0,"key":"SMITH"},{"data":"Barrage","floor":23.0,"key":"SMITH"},{"floor":25.0,"key":"REST"},{"floor":32.0,"key":"REST"}],"neow_cost":"NONE","seed_source_timestamp":251965980193800,"circlet_count":0,"master_deck":["AscendersBane","Strike_B+1","Strike_B+1","Defend_B+1","Defend_B+1","Defend_B+1","Defend_B+1","Zap+1","Dualcast","Loop","Genetic Algorithm+1","Cold Snap","Barrage+1","Core Surge","Rip and Tear+1","Coolheaded","Streamline+1","Echo Form","Conserve Battery","Skim+1","Compile Driver+1","Capacitor","FTL","Sweeping Beam"],"special_seed":0,"relics":["Cracked Core","NeowsBlessing","Darkstone Periapt","Pear","Ornamental Fan","Busted Crown","Blood Vial","Unceasing Top","Smiling Mask"],"potions_floor_usage":[],"damage_taken":[{"damage":0.0,"enemies":"Cultist","floor":1.0,"turns":1.0},{"damage":0.0,"enemies":"Jaw Worm","floor":5.0,"turns":1.0},{"damage":0.0,"enemies":"Lagavulin","floor":7.0,"turns":1.0},{"damage":5.0,"enemies":"Small Slimes","floor":8.0,"turns":3.0},{"damage":8.0,"enemies":"Exordium Wildlife","floor":12.0,"turns":4.0},{"damage":17.0,"enemies":"3 Sentries","floor":14.0,"turns":5.0},{"damage":30.0,"enemies":"Slime Boss","floor":16.0,"turns":10.0},{"damage":2.0,"enemies":"3 Byrds","floor":18.0,"turns":6.0},{"damage":16.0,"enemies":"2 Thieves","floor":21.0,"turns":4.0},{"damage":5.0,"enemies":"Snecko","floor":24.0,"turns":5.0},{"damage":41.0,"enemies":"Slavers","floor":27.0,"turns":5.0},{"damage":14.0,"enemies":"Snake Plant","floor":28.0,"turns":6.0},{"damage":8.0,"enemies":"Cultist and Chosen","floor":29.0,"turns":7.0},{"damage":0.0,"enemies":"Gremlin Leader","floor":31.0,"turns":6.0},{"damage":40,"enemies":"Collector","floor":33,"turns":6}],"seed_played":"5127498736755943942","potions_obtained":[{"floor":1.0,"key":"Dexterity Potion"},{"floor":7.0,"key":"PowerPotion"},{"floor":16.0,"key":"Energy Potion"},{"floor":24.0,"key":"Strength Potion"},{"floor":28.0,"key":"Weak Potion"},{"floor":29.0,"key":"Energy Potion"}],"is_trial":false,"path_per_floor":["M","$","?","$","M","R","E","M","T","?","R","M","R","E","R","B",null,"M","?","?","M","?","R","M","R","T","E","M","M","$","E","R","B"],"character_chosen":"DEFECT","items_purchased":["Genetic Algorithm","Cold Snap","Fruit Juice","Capacitor","FTL"],"campfire_rested":2,"item_purchase_floors":[2,4,30,30,30],"current_hp_per_floor":[64,64,29,29,29,29,29,24,34,61,61,53,53,36,36,6,62,60,60,60,44,44,44,39,63,63,24,12,6,11,13,38,0],"gold":44,"neow_bonus":"THREE_ENEMY_KILL","is_prod":false,"is_daily":false,"chose_seed":false,"campfire_upgraded":5,"win_rate":0,"timestamp":1563389495,"path_taken":["M","$","?","?","M","R","E","M","T","?","R","M","R","E","R","BOSS","M","?","?","?","?","R","M","R","T","E","M","M","$","E","R","BOSS"],"build_version":"2019-07-05","purchased_purges":0,"victory":false,"max_hp_per_floor":[71,71,71,71,71,71,71,71,81,81,81,81,81,81,81,81,81,81,81,81,81,81,81,81,81,81,81,81,81,86,86,86,86],"card_choices":[{"not_picked":["White Noise","Hologram"],"picked":"Loop","floor":1.0},{"not_picked":["Steam","Force Field"],"picked":"Barrage","floor":5.0},{"not_picked":["Steam","Hologram"],"picked":"Core Surge","floor":7.0},{"not_picked":["Barrage","Steam"],"picked":"Rip and Tear","floor":8.0},{"not_picked":["Sweeping Beam","Go for the Eyes"],"picked":"Coolheaded","floor":12.0},{"not_picked":["Leap","Hologram"],"picked":"Streamline","floor":14.0},{"not_picked":["Amplify","Hyperbeam"],"picked":"Echo Form","floor":16.0},{"not_picked":["Redo"],"picked":"SKIP","floor":18.0},{"not_picked":[],"picked":"Conserve Battery","floor":21.0},{"not_picked":[],"picked":"Skim+1","floor":24.0},{"not_picked":["Streamline"],"picked":"SKIP","floor":27.0},{"not_picked":["Redo"],"picked":"SKIP","floor":28.0},{"not_picked":[],"picked":"Compile Driver+1","floor":29.0},{"not_picked":[],"picked":"Sweeping Beam","floor":31.0}],"player_experience":1362352,"relics_obtained":[{"floor":9.0,"key":"Pear"},{"floor":14.0,"key":"Ornamental Fan"},{"floor":26.0,"key":"Blood Vial"},{"floor":27.0,"key":"Unceasing Top"},{"floor":31.0,"key":"Smiling Mask"}],"event_choices":[{"damage_healed":0.0,"max_hp_gain":0.0,"max_hp_loss":0.0,"gold_gain":0.0,"event_name":"Scrap Ooze","player_choice":"Success","floor":3.0,"gold_loss":0.0,"damage_taken":35.0,"relics_obtained":["Darkstone Periapt"]},{"damage_healed":27.0,"max_hp_gain":0.0,"max_hp_loss":0.0,"gold_gain":0.0,"event_name":"Big Fish","player_choice":"Banana","floor":10.0,"gold_loss":0.0,"damage_taken":0.0},{"damage_healed":0.0,"max_hp_gain":0.0,"max_hp_loss":0.0,"gold_gain":0.0,"event_name":"Back to Basics","player_choice":"Simplicity","floor":19.0,"gold_loss":0.0,"damage_taken":0.0,"cards_upgraded":["Strike_B","Strike_B","Strike_B","Strike_B","Defend_B","Defend_B","Defend_B","Defend_B"]},{"cards_removed":["Strike_B"],"damage_healed":0.0,"max_hp_gain":0.0,"max_hp_loss":0.0,"gold_gain":0.0,"event_name":"Purifier","player_choice":"Purged","floor":20.0,"gold_loss":0.0,"damage_taken":0.0},{"cards_removed":["Strike_B"],"damage_healed":0.0,"max_hp_gain":0.0,"max_hp_loss":0.0,"gold_gain":0.0,"event_name":"Beggar","player_choice":"Gave Gold","floor":22.0,"gold_loss":75.0,"damage_taken":0.0}],"is_beta":false,"boss_relics":[{"not_picked":["Lizard Tail","FrozenCore"],"picked":"Busted Crown"}],"items_purged_floors":[],"is_endless":false,"potions_floor_spawned":[1,7,12,16,24,28,29],"killed_by":"Collector","ascension_level":20}