{"gold_per_floor":[111,130,145,158,171,171,206,206,206,206,281,316,491,118,118,221,221,233,25,36,36,47,47,47,77,130,142,153,153,184,199,199,300,300,313,12,32,32,44,78,78,92,167,177,177,211,103,115,115,115],"floor_reached":51,"playtime":2394,"items_purged":["Doubt","Strike_R"],"score":884,"play_id":"8497f2ff-dcaa-4c99-ac95-8222513ae919","local_time":"20190824211032","is_ascension_mode":false,"campfire_choices":[{"data":"Whirlwind","floor":6,"key":"SMITH"},{"data":"Armaments","floor":8,"key":"SMITH"},{"data":"Bash","floor":10,"key":"SMITH"},{"data":"Double Tap","floor":15,"key":"SMITH"},{"data":"Feel No Pain","floor":24,"key":"SMITH"},{"data":"Shockwave","floor":29,"key":"SMITH"},{"data":"Battle Trance","floor":32,"key":"SMITH"},{"floor":41,"key":"REST"},{"data":"Rupture","floor":45,"key":"SMITH"},{"floor":49,"key":"REST"}],"neow_cost":"NONE","seed_source_timestamp":353731227496100,"circlet_count":0,"master_deck":["Strike_R","Strike_R","Defend_R","Defend_R+1","Defend_R","Defend_R+1","Bash+1","Rupture+1","Headbutt","Whirlwind+1","Armaments+1","Shockwave+1","Double Tap+1","Battle Trance+1","Feel No Pain+1","True Grit+1","Immolate+1","Disarm+1","Metallicize+1","Thunderclap+1","Impervious+1","Combust+1","Flex+1","Feel No Pain+1","Battle Trance+1","Limit Break+1","Flex+1","True Grit+1","Flex+1","Warcry+1","Feel No Pain+1","Shrug It Off+1","Normality","Armaments+1","Havoc+1","Warcry+1"],"relics":["Burning Blood","PreservedInsect","Toxic Egg 2","Magic Flower","Question Card","Cursed Key","OrangePellets","Frozen Egg 2","Centennial Puzzle","Mercury Hourglass","Empty Cage","Happy Flower","Bronze Scales","Dodecahedron","Mummified Hand","War Paint"],"potions_floor_usage":[50,50,50],"damage_taken":[{"damage":6,"enemies":"Jaw Worm","floor":1,"turns":4},{"damage":8,"enemies":"2 Louse","floor":2,"turns":3},{"damage":1,"enemies":"Cultist","floor":3,"turns":3},{"damage":6,"enemies":"Blue Slaver","floor":4,"turns":6},{"damage":11,"enemies":"Large Slime","floor":5,"turns":7},{"damage":21,"enemies":"Lagavulin","floor":7,"turns":7},{"damage":0,"enemies":"3 Sentries","floor":12,"turns":1},{"damage":50,"enemies":"The Guardian","floor":16,"turns":15},{"damage":11,"enemies":"Shell Parasite","floor":18,"turns":6},{"damage":2,"enemies":"Chosen","floor":20,"turns":4},{"damage":0,"enemies":"3 Cultists","floor":22,"turns":2},{"damage":12,"enemies":"Book of Stabbing","floor":25,"turns":5},{"damage":16,"enemies":"Snake Plant","floor":27,"turns":4},{"damage":10,"enemies":"Cultist and Chosen","floor":28,"turns":5},{"damage":0,"enemies":"Slavers","floor":30,"turns":1},{"damage":3,"enemies":"3 Cultists","floor":31,"turns":3},{"damage":30,"enemies":"Champ","floor":33,"turns":9},{"damage":0,"enemies":"3 Darklings","floor":35,"turns":2},{"damage":3,"enemies":"3 Shapes","floor":37,"turns":5},{"damage":5,"enemies":"Transient","floor":39,"turns":5},{"damage":22,"enemies":"Giant Head","floor":40,"turns":7},{"damage":16,"enemies":"Sphere and 2 Shapes","floor":42,"turns":6},{"damage":4,"enemies":"4 Shapes","floor":44,"turns":7},{"damage":28,"enemies":"Nemesis","floor":46,"turns":7},{"damage":15,"enemies":"Maw","floor":48,"turns":5},{"damage":13,"enemies":"Donu and Deca","floor":50,"turns":9}],"seed_played":"9117164093691972837","potions_obtained":[{"floor":1,"key":"LiquidBronze"},{"floor":2,"key":"EssenceOfSteel"},{"floor":12,"key":"BloodPotion"},{"floor":31,"key":"Strength Potion"},{"floor":37,"key":"Dexterity Potion"},{"floor":40,"key":"SpeedPotion"}],"is_trial":false,"path_per_floor":["M","M","M","M","M","R","E","R","T","R","?","E","?","$","R","B",null,"M","$","M","?","M","$","R","E","T","M","M","R","E","M","R","B",null,"M","$","M","?","M","E","R","M","T","M","R","E","?","M","R","B",null],"character_chosen":"IRONCLAD","items_purchased":["True Grit+1","Question Card","OrangePellets","True Grit+1","Happy Flower"],"campfire_rested":2,"item_purchase_floors":[14,14,19,36,36],"current_hp_per_floor":[80,78,80,80,75,75,60,60,60,60,49,55,55,55,55,14,80,78,78,80,80,80,80,80,77,77,70,69,69,78,80,80,59,80,80,80,80,76,76,63,76,69,69,74,74,55,55,49,71,67],"gold":115,"neow_bonus":"TRANSFORM_CARD","is_prod":false,"is_daily":false,"chose_seed":false,"campfire_upgraded":8,"win_rate":0,"timestamp":1566648632,"path_taken":["M","M","M","M","M","R","E","R","T","R","?","E","?","$","R","BOSS","M","$","M","?","M","?","R","E","T","M","M","R","E","M","R","BOSS","M","$","M","?","M","E","R","M","T","M","R","E","?","M","R","BOSS"],"build_version":"2019-07-17","purchased_purges":2,"victory":true,"max_hp_per_floor":[80,80,80,80,80,80,80,80,80,80,80,80,80,80,80,80,80,80,80,80,80,80,80,80,80,80,80,80,80,80,80,80,80,80,80,80,80,76,76,76,76,76,76,76,76,76,76,76,76,76],"card_choices":[{"not_picked":["Feel No Pain","Shrug It Off"],"picked":"Headbutt","floor":1},{"not_picked":["Entrench","Armaments"],"picked":"Whirlwind","floor":2},{"not_picked":["Warcry","Heavy Blade"],"picked":"Armaments","floor":3},{"not_picked":["Sword Boomerang","Cleave"],"picked":"Shockwave","floor":4},{"not_picked":["Ghostly Armor","Body Slam"],"picked":"Double Tap","floor":5},{"not_picked":["Body Slam","Pommel Strike"],"picked":"Battle Trance","floor":7},{"not_picked":["Headbutt","Uppercut"],"picked":"Feel No Pain","floor":12},{"not_picked":["Juggernaut","Barricade","Reaper"],"picked":"Immolate","floor":16},{"not_picked":["Sword Boomerang","Thunderclap+1","Bloodletting+1"],"picked":"Disarm+1","floor":18},{"not_picked":["Combust+1","Evolve","Havoc+1"],"picked":"Metallicize+1","floor":20},{"not_picked":["Evolve+1","Body Slam","Heavy Blade"],"picked":"Thunderclap+1","floor":22},{"not_picked":["Perfected Strike","Anger+1","Blood for Blood"],"picked":"Impervious+1","floor":25},{"not_picked":["Body Slam","Perfected Strike","Fire Breathing+1"],"picked":"Combust+1","floor":27},{"not_picked":["Clash","Headbutt+1","Twin Strike"],"picked":"Flex+1","floor":28},{"not_picked":["Thunderclap","Combust+1","Carnage"],"picked":"Feel No Pain+1","floor":30},{"not_picked":["Cleave","Flame Barrier+1","Pommel Strike"],"picked":"Battle Trance+1","floor":31},{"not_picked":["Feed","Impervious+1","Juggernaut+1"],"picked":"Limit Break+1","floor":33},{"not_picked":["Carnage","Flame Barrier+1","Heavy Blade"],"picked":"Flex+1","floor":35},{"not_picked":["Clash","Warcry+1","Entrench+1"],"picked":"Flex+1","floor":37},{"not_picked":["Iron Wave+1","Body Slam","Searing Blow+1"],"picked":"Warcry+1","floor":39},{"not_picked":["Entrench+1","Second Wind+1","Heavy Blade"],"picked":"Feel No Pain+1","floor":40},{"not_picked":["Pommel Strike+1","Heavy Blade+1","True Grit+1"],"picked":"Shrug It Off+1","floor":42},{"not_picked":["Flex+1","Clash","Warcry+1"],"picked":"Armaments+1","floor":44},{"not_picked":["Infernal Blade+1","Combust+1","Immolate"],"picked":"Havoc+1","floor":46},{"not_picked":["Pommel Strike","Clash","Blood for Blood"],"picked":"Warcry+1","floor":48}],"player_experience":203477,"relics_obtained":[{"floor":7,"key":"PreservedInsect"},{"floor":9,"key":"Toxic Egg 2"},{"floor":12,"key":"Magic Flower"},{"floor":25,"key":"Frozen Egg 2"},{"floor":26,"key":"Centennial Puzzle"},{"floor":30,"key":"Mercury Hourglass"},{"floor":40,"key":"Bronze Scales"},{"floor":43,"key":"Dodecahedron"},{"floor":46,"key":"Mummified Hand"}],"event_choices":[{"damage_healed":0,"gold_gain":75,"player_choice":"Gather Gold","damage_taken":11,"max_hp_gain":0,"max_hp_loss":0,"event_name":"World of Goop","floor":11,"gold_loss":0},{"damage_healed":0,"gold_gain":175,"player_choice":"AGREE","damage_taken":0,"max_hp_gain":0,"max_hp_loss":0,"event_name":"Liars Game","floor":13,"gold_loss":0,"cards_obtained":["Doubt"]},{"damage_healed":0,"gold_gain":0,"player_choice":"Upgraded","damage_taken":0,"max_hp_gain":0,"max_hp_loss":0,"event_name":"Upgrade Shrine","floor":21,"gold_loss":0,"cards_upgraded":["Immolate"]},{"damage_healed":0,"gold_gain":0,"player_choice":"Max HP","damage_taken":0,"max_hp_gain":0,"max_hp_loss":4,"event_name":"Winding Halls","floor":38,"gold_loss":0},{"damage_healed":0,"gold_gain":0,"player_choice":"Paid Gold","damage_taken":0,"relics_obtained":["War Paint"],"max_hp_gain":0,"max_hp_loss":0,"event_name":"WeMeetAgain","floor":47,"gold_loss":108}],"is_beta":false,"boss_relics":[{"not_picked":["Busted Crown","Runic Dome"],"picked":"Cursed Key"},{"not_picked":["Tiny House","Sozu"],"picked":"Empty Cage"}],"items_purged_floors":[14,36],"is_endless":false,"potions_floor_spawned":[1,2,12,18,22,31,33,37,40,48],"ascension_level":0}