{"gold_per_floor":[215,230,230,241,72,72,105,180,226,243,243,271,291,73,73,174,174,193,193,68,87,12,12,41,58,85,85,98,98,98,125,125,224,224,237,337,349,144,156,191,208,240,240,240,260,274,34,61,61,61],"floor_reached":51,"playtime":2064,"items_purged":["Strike_R","Strike_R","Strike_R","Defend_R"],"score":860,"play_id":"c4a202ba-9a95-4859-a595-85f7e04cd3d2","local_time":"20190829215610","is_ascension_mode":false,"campfire_choices":[{"data":"Carnage","floor":6,"key":"SMITH"},{"data":"Bludgeon","floor":11,"key":"SMITH"},{"data":"Demon Form","floor":15,"key":"SMITH"},{"data":"Immolate","floor":23,"key":"SMITH"},{"data":"Demon Form","floor":27,"key":"SMITH"},{"data":"Disarm","floor":29,"key":"SMITH"},{"data":"Flame Barrier","floor":32,"key":"SMITH"},{"data":"Demon Form","floor":44,"key":"SMITH"},{"data":"Feel No Pain","floor":49,"key":"SMITH"}],"neow_cost":"NONE","seed_source_timestamp":788860280781100,"circlet_count":0,"master_deck":["Defend_R+1","Defend_R+1","Defend_R","Bash","Iron Wave","Carnage+1","Flame Barrier+1","Pommel Strike","Bludgeon+1","Disarm","Demon Form+1","Disarm+1","Metallicize","Immolate+1","Twin Strike","Strike_G","Clothesline","Demon Form+1","Headbutt+1","Sword Boomerang+1","Demon Form+1","Corruption","Disarm","Shrug It Off","Offering","True Grit+1","Shrug It Off+1","Shrug It Off","Feel No Pain+1"],"relics":["Burning Blood","Juzu Bracelet","War Paint","Art of War","Snecko Eye","Paper Frog","Dream Catcher","Nilry\u0027s Codex","Smiling Mask","Mark of Pain","Prayer Wheel","Lantern","Boot","Kunai","Shuriken","Mummified Hand","Regal Pillow"],"potions_floor_usage":[50,50],"damage_taken":[{"damage":6,"enemies":"Cultist","floor":1,"turns":4},{"damage":6,"enemies":"Jaw Worm","floor":2,"turns":2},{"damage":0,"enemies":"2 Louse","floor":4,"turns":2},{"damage":17,"enemies":"Gremlin Nob","floor":7,"turns":4},{"damage":0,"enemies":"2 Fungi Beasts","floor":10,"turns":2},{"damage":17,"enemies":"Lagavulin","floor":12,"turns":8},{"damage":2,"enemies":"Looter","floor":13,"turns":3},{"damage":17,"enemies":"Slime Boss","floor":16,"turns":8},{"damage":0,"enemies":"Chosen","floor":18,"turns":3},{"damage":0,"enemies":"Shell Parasite","floor":21,"turns":6},{"damage":6,"enemies":"Book of Stabbing","floor":24,"turns":3},{"damage":6,"enemies":"Cultist and Chosen","floor":25,"turns":4},{"damage":9,"enemies":"Centurion and Healer","floor":28,"turns":5},{"damage":21,"enemies":"Slavers","floor":31,"turns":3},{"damage":40,"enemies":"Collector","floor":33,"turns":6},{"damage":14,"enemies":"3 Darklings","floor":35,"turns":3},{"damage":3,"enemies":"Mind Bloom Boss Battle","floor":36,"turns":5},{"damage":6,"enemies":"3 Shapes","floor":37,"turns":4},{"damage":1,"enemies":"Maw","floor":39,"turns":5},{"damage":6,"enemies":"Reptomancer","floor":40,"turns":3},{"damage":0,"enemies":"Spire Growth","floor":41,"turns":4},{"damage":31,"enemies":"Nemesis","floor":42,"turns":5},{"damage":1,"enemies":"Sphere and 2 Shapes","floor":45,"turns":3},{"damage":7,"enemies":"Writhing Mass","floor":46,"turns":5},{"damage":6,"enemies":"Giant Head","floor":48,"turns":5},{"damage":31,"enemies":"Donu and Deca","floor":50,"turns":7}],"seed_played":"4805620966753001279","potions_obtained":[{"floor":2,"key":"Energy Potion"},{"floor":7,"key":"Strength Potion"},{"floor":33,"key":"PowerPotion"},{"floor":41,"key":"SteroidPotion"}],"is_trial":false,"path_per_floor":["M","M","?","M","$","R","E","?","T","M","R","E","M","$","R","B",null,"M","?","$","M","?","R","E","M","T","R","M","R","?","E","R","B",null,"M","?","M","$","M","E","M","E","T","R","M","M","$","E","R","B",null],"character_chosen":"IRONCLAD","items_purchased":["Pommel Strike","Fire Potion","Disarm","Metallicize","Lantern","Mummified Hand"],"campfire_rested":0,"item_purchase_floors":[5,5,14,14,38,47],"current_hp_per_floor":[80,80,85,85,85,85,74,63,63,69,69,58,62,62,62,51,85,85,85,85,85,85,85,85,85,85,85,82,82,66,51,51,17,85,77,80,80,80,85,85,85,60,60,60,65,64,64,64,64,39],"gold":61,"neow_bonus":"HUNDRED_GOLD","is_prod":false,"is_daily":false,"chose_seed":false,"campfire_upgraded":9,"win_rate":0,"timestamp":1567083370,"path_taken":["M","?","?","M","?","R","E","?","T","M","R","E","M","$","R","BOSS","M","?","?","M","?","R","E","M","T","R","M","R","?","E","R","BOSS","M","?","M","$","M","E","M","E","T","R","M","M","$","E","R","BOSS"],"build_version":"2019-07-17","purchased_purges":4,"victory":true,"max_hp_per_floor":[80,80,85,85,85,85,85,85,85,85,85,85,85,85,85,85,85,85,85,85,85,85,85,85,85,85,85,85,85,85,85,85,85,85,85,85,85,85,85,85,85,85,85,85,85,85,85,85,85,85],"card_choices":[{"not_picked":["Havoc","Heavy Blade"],"picked":"Iron Wave","floor":1},{"not_picked":["Dropkick","Anger"],"picked":"Carnage","floor":2},{"not_picked":["Headbutt","Flex"],"picked":"Flame Barrier","floor":4},{"not_picked":["Headbutt","Shrug It Off"],"picked":"Bludgeon","floor":7},{"not_picked":["Blood for Blood","Sword Boomerang"],"picked":"Disarm","floor":10},{"not_picked":["Dual Wield","True Grit"],"picked":"Demon Form","floor":12},{"not_picked":["Rampage","Cleave","Inflame"],"picked":"SKIP","floor":13},{"not_picked":["Brutality","Demon Form"],"picked":"Immolate","floor":16},{"not_picked":["Infernal Blade","Warcry+1"],"picked":"Twin Strike","floor":18},{"not_picked":["Cleave","Evolve"],"picked":"Clothesline","floor":21},{"not_picked":["Rampage","Shrug It Off+1"],"picked":"Demon Form","floor":24},{"not_picked":["Rampage","Flex+1"],"picked":"Headbutt+1","floor":25},{"not_picked":["True Grit+1","Perfected Strike"],"picked":"Sword Boomerang+1","floor":28},{"not_picked":["Twin Strike","Clothesline","Rampage"],"picked":"SKIP","floor":31},{"not_picked":["Brutality","Immolate"],"picked":"Demon Form","floor":33},{"not_picked":["True Grit","Warcry"],"picked":"Corruption","floor":35},{"not_picked":["Headbutt+1","Flex"],"picked":"Disarm","floor":36},{"not_picked":["Clash+1","Bloodletting","True Grit"],"picked":"SKIP","floor":37},{"not_picked":["Iron Wave","Rupture","Sentinel+1"],"picked":"SKIP","floor":37},{"not_picked":["True Grit","Thunderclap"],"picked":"Shrug It Off","floor":39},{"not_picked":["Twin Strike","Second Wind+1"],"picked":"Offering","floor":39},{"not_picked":["Rage","Sever Soul+1","Twin Strike+1"],"picked":"SKIP","floor":40},{"not_picked":["Seeing Red+1","Body Slam+1","Fire Breathing"],"picked":"SKIP","floor":41},{"not_picked":["Pommel Strike","Sentinel+1","Uppercut"],"picked":"SKIP","floor":41},{"not_picked":["Thunderclap","Rupture"],"picked":"True Grit+1","floor":42},{"not_picked":["Body Slam+1","Heavy Blade+1"],"picked":"Shrug It Off+1","floor":45},{"not_picked":["Sword Boomerang","Perfected Strike","Power Through+1"],"picked":"SKIP","floor":45},{"not_picked":["Flex+1","Thunderclap+1"],"picked":"Shrug It Off","floor":46},{"not_picked":["Dropkick","Headbutt+1","Perfected Strike"],"picked":"SKIP","floor":46},{"not_picked":["Armaments","Twin Strike+1"],"picked":"Feel No Pain","floor":48}],"player_experience":281428,"relics_obtained":[{"floor":7,"key":"Juzu Bracelet"},{"floor":9,"key":"War Paint"},{"floor":12,"key":"Art of War"},{"floor":24,"key":"Paper Frog"},{"floor":26,"key":"Dream Catcher"},{"floor":30,"key":"Nilry\u0027s Codex"},{"floor":31,"key":"Smiling Mask"},{"floor":36,"key":"Prayer Wheel"},{"floor":40,"key":"Boot"},{"floor":42,"key":"Kunai"},{"floor":43,"key":"Shuriken"},{"floor":48,"key":"Regal Pillow"}],"event_choices":[{"damage_healed":0,"gold_gain":0,"player_choice":"Donut","damage_taken":0,"max_hp_gain":5,"max_hp_loss":0,"event_name":"Big Fish","floor":3,"gold_loss":0},{"damage_healed":0,"gold_gain":75,"player_choice":"Gather Gold","damage_taken":11,"max_hp_gain":0,"max_hp_loss":0,"event_name":"World of Goop","floor":8,"gold_loss":0},{"cards_removed":["Strike_R"],"damage_healed":0,"gold_gain":0,"player_choice":"Took Card","damage_taken":0,"max_hp_gain":0,"max_hp_loss":0,"event_name":"NoteForYourself","floor":19,"gold_loss":0,"cards_obtained":["Strike_G"]},{"cards_removed":["Strike_R"],"damage_healed":0,"gold_gain":0,"player_choice":"Gave Gold","damage_taken":0,"max_hp_gain":0,"max_hp_loss":0,"event_name":"Beggar","floor":22,"gold_loss":75},{"damage_healed":0,"gold_gain":0,"player_choice":"Obtained Book","damage_taken":16,"max_hp_gain":0,"max_hp_loss":0,"event_name":"Cursed Tome","floor":30,"gold_loss":0},{"damage_healed":0,"gold_gain":0,"player_choice":"Fight","damage_taken":0,"max_hp_gain":0,"max_hp_loss":0,"event_name":"MindBloom","floor":36,"gold_loss":0}],"is_beta":false,"boss_relics":[{"not_picked":["Runic Pyramid","Empty Cage"],"picked":"Snecko Eye"},{"not_picked":["Lizard Tail","Runic Cube"],"picked":"Mark of Pain"}],"items_purged_floors":[5,14,20,38],"is_endless":false,"potions_floor_spawned":[2,7,10,24,25,33,35,41,42,46,48],"ascension_level":0}