{"gold_per_floor":[366,366,386,42,42,42,61,91,165,165,185,195,195,207,207,302,302,313,294,304,204,216,216,234,234,234,234,109,127,147,24,24,120,120,135,235,248,266,281,300,300,314,314,55,55,102,114,124,124,124],"floor_reached":51,"playtime":4054,"items_purged":["Shame","Decay","Writhe"],"score":935,"play_id":"dc82a4c3-fa58-4eea-bffa-a7997b001ba6","local_time":"20190828182808","is_ascension_mode":true,"campfire_choices":[{"data":"Zap","floor":6,"key":"SMITH"},{"data":"Self Repair","floor":10,"key":"SMITH"},{"data":"Dualcast","floor":13,"key":"SMITH"},{"data":"Compile Driver","floor":15,"key":"SMITH"},{"data":"Chaos","floor":23,"key":"SMITH"},{"data":"Conserve Battery","floor":25,"key":"SMITH"},{"data":"Go for the Eyes","floor":32,"key":"SMITH"},{"data":"Meteor Strike","floor":41,"key":"SMITH"},{"data":"Rainbow","floor":45,"key":"SMITH"},{"data":"Undo","floor":49,"key":"SMITH"}],"neow_cost":"CURSE","seed_source_timestamp":36492106942800,"circlet_count":0,"master_deck":["Strike_B","Strike_B+1","Strike_B","Strike_B","Defend_B","Defend_B","Defend_B+1","Defend_B","Zap+1","Dualcast+1","Self Repair+1","Genetic Algorithm","Steam","Cold Snap","Conserve Battery+1","Auto Shields","Compile Driver+1","Loop+1","Biased Cognition+1","Conserve Battery","Double Energy+1","Chaos+1","Undo+1","Ball Lightning","Sweeping Beam+1","Go for the Eyes+1","Heatsinks+1","Meteor Strike+1","Storm+1","Chill+1","Ball Lightning+1","Steam Power+1","Rainbow+1","Parasite","Capacitor+1","Barrage+1","White Noise+1"],"relics":["Cracked Core","Frozen Egg 2","Regal Pillow","Mercury Hourglass","Cursed Key","Anchor","Ice Cream","Snecko Eye","Question Card","Kunai","Nunchaku"],"potions_floor_usage":[8,8,20,33,46,46,50,50],"damage_taken":[{"damage":9,"enemies":"Jaw Worm","floor":1,"turns":4},{"damage":5,"enemies":"Cultist","floor":3,"turns":4},{"damage":11,"enemies":"2 Louse","floor":7,"turns":3},{"damage":13,"enemies":"Lagavulin","floor":8,"turns":8},{"damage":0,"enemies":"2 Fungi Beasts","floor":11,"turns":3},{"damage":0,"enemies":"Looter","floor":12,"turns":4},{"damage":1,"enemies":"Large Slime","floor":14,"turns":5},{"damage":12,"enemies":"The Guardian","floor":16,"turns":13},{"damage":10,"enemies":"3 Byrds","floor":18,"turns":3},{"damage":17,"enemies":"2 Thieves","floor":19,"turns":4},{"damage":23,"enemies":"Centurion and Healer","floor":20,"turns":7},{"damage":4,"enemies":"3 Cultists","floor":22,"turns":5},{"damage":0,"enemies":"Shelled Parasite and Fungi","floor":24,"turns":4},{"damage":17,"enemies":"Cultist and Chosen","floor":29,"turns":8},{"damage":0,"enemies":"Snake Plant","floor":30,"turns":5},{"damage":40,"enemies":"Champ","floor":33,"turns":10},{"damage":9,"enemies":"3 Darklings","floor":35,"turns":4},{"damage":2,"enemies":"Orb Walker","floor":37,"turns":3},{"damage":10,"enemies":"4 Shapes","floor":38,"turns":6},{"damage":3,"enemies":"Maw","floor":39,"turns":8},{"damage":7,"enemies":"3 Darklings","floor":40,"turns":5},{"damage":12,"enemies":"Jaw Worm Horde","floor":42,"turns":4},{"damage":25,"enemies":"2 Orb Walkers","floor":46,"turns":4},{"damage":5,"enemies":"Maw","floor":47,"turns":5},{"damage":0,"enemies":"Transient","floor":48,"turns":5},{"damage":48,"enemies":"Time Eater","floor":50,"turns":10}],"seed_played":"-5628073669411022293","potions_obtained":[{"floor":1,"key":"Block Potion"},{"floor":7,"key":"SkillPotion"},{"floor":11,"key":"Strength Potion"},{"floor":12,"key":"Ancient Potion"},{"floor":16,"key":"FocusPotion"},{"floor":18,"key":"Weak Potion"},{"floor":24,"key":"SmokeBomb"},{"floor":29,"key":"AttackPotion"},{"floor":33,"key":"Poison Potion"},{"floor":39,"key":"Swift Potion"},{"floor":46,"key":"Poison Potion"},{"floor":47,"key":"Fire Potion"}],"is_trial":false,"path_per_floor":["M","?","M","$","?","R","M","E","T","R","M","M","R","M","R","B",null,"M","M","M","$","M","R","M","R","T","?","$","M","M","$","R","B",null,"M","?","M","M","M","M","R","M","T","$","R","?","M","M","R","B",null],"character_chosen":"DEFECT","items_purchased":["Frozen Egg 2","Steam","Go for the Eyes","Heatsinks+1","Kunai"],"campfire_rested":0,"item_purchase_floors":[4,4,31,31,44],"current_hp_per_floor":[59,44,46,46,46,46,42,36,36,36,46,56,56,65,65,63,72,62,55,42,42,48,48,58,58,58,58,58,51,61,61,61,31,64,65,65,73,73,75,75,75,73,73,73,73,58,63,63,63,15],"gold":124,"neow_bonus":"TWO_FIFTY_GOLD","is_prod":false,"is_daily":false,"chose_seed":false,"campfire_upgraded":10,"win_rate":0,"timestamp":1566984488,"path_taken":["M","?","M","$","?","R","M","E","T","R","M","M","R","M","R","BOSS","M","M","M","$","M","R","M","R","T","?","$","?","?","?","R","BOSS","M","?","?","M","M","M","R","M","T","$","R","?","M","M","R","BOSS"],"build_version":"2019-07-17","purchased_purges":3,"victory":true,"max_hp_per_floor":[75,75,75,75,75,75,75,75,75,75,75,75,75,75,75,75,75,75,75,75,75,75,75,75,75,75,75,75,75,75,75,75,75,75,75,75,75,75,75,75,75,75,75,75,75,75,75,75,75,75],"card_choices":[{"not_picked":["Gash","Cold Snap"],"picked":"Self Repair","floor":1},{"not_picked":["Scrape","Cold Snap"],"picked":"Genetic Algorithm","floor":3},{"not_picked":["Darkness","Double Energy"],"picked":"Cold Snap","floor":7},{"not_picked":["Redo","Steam Power"],"picked":"Conserve Battery","floor":8},{"not_picked":["Hologram","Turbo"],"picked":"Auto Shields","floor":11},{"not_picked":["Redo","Auto Shields"],"picked":"Compile Driver","floor":12},{"not_picked":["Reinforced Body","Turbo"],"picked":"Loop+1","floor":14},{"not_picked":["Rainbow","Meteor Strike"],"picked":"Biased Cognition+1","floor":16},{"not_picked":["Gash","Leap"],"picked":"Conserve Battery","floor":18},{"not_picked":["Coolheaded","Compile Driver"],"picked":"Double Energy+1","floor":19},{"not_picked":["Reprogram","Redo+1"],"picked":"Chaos","floor":20},{"not_picked":["Coolheaded","Auto Shields+1","Consume+1"],"picked":"SKIP","floor":22},{"not_picked":["Lockon","Gash"],"picked":"Undo","floor":24},{"not_picked":["Sweeping Beam","Aggregate"],"picked":"Ball Lightning","floor":29},{"not_picked":["Genetic Algorithm+1","Turbo"],"picked":"Sweeping Beam+1","floor":30},{"not_picked":["Hyperbeam","Core Surge"],"picked":"Meteor Strike","floor":33},{"not_picked":["Sweeping Beam+1","Rip and Tear+1"],"picked":"Storm+1","floor":35},{"not_picked":["Steam","Ball Lightning"],"picked":"Chill+1","floor":37},{"not_picked":["Steam","Turbo","Conserve Battery+1"],"picked":"SKIP","floor":38},{"not_picked":["Sweeping Beam+1","Gash+1"],"picked":"Ball Lightning+1","floor":39},{"not_picked":["Melter+1","Heatsinks+1"],"picked":"Steam Power+1","floor":40},{"not_picked":["BootSequence+1","Sweeping Beam"],"picked":"Rainbow","floor":42},{"not_picked":["Leap","Skim+1","Storm+1"],"picked":"Capacitor+1","floor":46},{"not_picked":["Steam+1","Stack","Cold Snap+1"],"picked":"Barrage+1","floor":47},{"not_picked":["Sweeping Beam","Sunder","Ball Lightning+1"],"picked":"White Noise+1","floor":48}],"player_experience":464024,"relics_obtained":[{"floor":8,"key":"Regal Pillow"},{"floor":9,"key":"Mercury Hourglass"},{"floor":26,"key":"Anchor"},{"floor":43,"key":"Question Card"},{"floor":46,"key":"Nunchaku"}],"event_choices":[{"damage_healed":0,"gold_gain":0,"player_choice":"Entered Light","damage_taken":15,"max_hp_gain":0,"max_hp_loss":0,"event_name":"Shining Light","floor":2,"gold_loss":0,"cards_upgraded":["Strike_B","Defend_B"]},{"damage_healed":0,"gold_gain":0,"player_choice":"Cursed","damage_taken":0,"max_hp_gain":0,"max_hp_loss":0,"event_name":"Wheel of Change","floor":5,"gold_loss":0,"cards_obtained":["Decay"]},{"damage_healed":0,"gold_gain":0,"player_choice":"Gave Potion","damage_taken":0,"relics_obtained":["Ice Cream"],"max_hp_gain":0,"max_hp_loss":0,"event_name":"WeMeetAgain","floor":27,"gold_loss":0},{"damage_healed":0,"gold_gain":100,"player_choice":"Pray","damage_taken":0,"max_hp_gain":0,"max_hp_loss":0,"event_name":"Golden Shrine","floor":36,"gold_loss":0},{"damage_healed":0,"gold_gain":0,"player_choice":"Fight","damage_taken":0,"max_hp_gain":0,"max_hp_loss":0,"event_name":"Mysterious Sphere","floor":46,"gold_loss":0}],"is_beta":false,"boss_relics":[{"not_picked":["Black Star","Busted Crown"],"picked":"Cursed Key"},{"not_picked":["Eternal Feather","Tiny House"],"picked":"Snecko Eye"}],"items_purged_floors":[4,21,28],"is_endless":false,"potions_floor_spawned":[1,7,11,12,16,18,24,29,33,37,39,40,46,47],"ascension_level":8}