{"gold_per_floor":[111,111,127,142,158,158,189,189,215,230,129,154,154,187,187,315,315,315,315,11,11,11,11,11,11,11,11,11,11,11,11,11,11,11,11,11,11,11,11,11,11,11,11,11,11,11,11,11,11,11],"floor_reached":51,"playtime":2551,"items_purged":["Strike_B","Strike_B"],"score":768,"play_id":"de7813c4-7de2-406f-8295-57150bdfd539","local_time":"20190820223831","is_ascension_mode":false,"campfire_choices":[{"data":"Streamline","floor":6,"key":"SMITH"},{"data":"Sweeping Beam","floor":8,"key":"SMITH"},{"data":"Zap","floor":13,"key":"SMITH"},{"data":"Beam Cell","floor":15,"key":"SMITH"},{"data":"Rainbow","floor":23,"key":"SMITH"},{"data":"Stack","floor":25,"key":"SMITH"},{"data":"Biased Cognition","floor":30,"key":"SMITH"},{"data":"Echo Form","floor":32,"key":"SMITH"},{"floor":41,"key":"REST"},{"floor":49,"key":"REST"}],"neow_cost":"NONE","seed_source_timestamp":13196490667100,"circlet_count":0,"master_deck":["Strike_B","Strike_B","Defend_B","Defend_B+1","Defend_B+1","Defend_B","Zap+1","Dualcast","Streamline+1","Sweeping Beam+1","Beam Cell+1","Rainbow+1","Stack+1","Conserve Battery","Sunder","Echo Form+1","Cold Snap","Ball Lightning","Sunder+1","Consume+1","Biased Cognition+1","Genetic Algorithm+1","Multi-Cast","Coolheaded+1","White Noise+1","Stack+1","White Noise+1","Stack+1","Chill+1","Dark Shackles","Force Field"],"relics":["Cracked Core","Strawberry","Golden Idol","Vajra","Pen Nib","Dream Catcher","Ectoplasm","ClockworkSouvenir","Singing Bowl","Red Mask","Black Star","Ginger","SsserpentHead","War Paint","Boot","Bag of Preparation","Calipers"],"potions_floor_usage":[10,18,28,29,50,50],"damage_taken":[{"damage":0,"enemies":"Small Slimes","floor":1,"turns":2},{"damage":2,"enemies":"2 Louse","floor":3,"turns":2},{"damage":0,"enemies":"Cultist","floor":4,"turns":2},{"damage":5,"enemies":"3 Louse","floor":5,"turns":3},{"damage":22,"enemies":"3 Sentries","floor":7,"turns":5},{"damage":1,"enemies":"Large Slime","floor":10,"turns":3},{"damage":3,"enemies":"Gremlin Gang","floor":12,"turns":4},{"damage":15,"enemies":"Lagavulin","floor":14,"turns":6},{"damage":12,"enemies":"Hexaghost","floor":16,"turns":8},{"damage":2,"enemies":"3 Byrds","floor":18,"turns":5},{"damage":10,"enemies":"Shell Parasite","floor":19,"turns":4},{"damage":0,"enemies":"3 Cultists","floor":21,"turns":4},{"damage":6,"enemies":"Shelled Parasite and Fungi","floor":22,"turns":5},{"damage":1,"enemies":"Cultist and Chosen","floor":24,"turns":3},{"damage":0,"enemies":"Masked Bandits","floor":27,"turns":2},{"damage":0,"enemies":"Centurion and Healer","floor":28,"turns":6},{"damage":0,"enemies":"Sentry and Sphere","floor":29,"turns":3},{"damage":0,"enemies":"3 Cultists","floor":31,"turns":4},{"damage":3,"enemies":"Automaton","floor":33,"turns":11},{"damage":10,"enemies":"3 Darklings","floor":35,"turns":5},{"damage":37,"enemies":"2 Orb Walkers","floor":36,"turns":6},{"damage":11,"enemies":"Orb Walker","floor":38,"turns":3},{"damage":0,"enemies":"Maw","floor":39,"turns":7},{"damage":23,"enemies":"Giant Head","floor":44,"turns":10},{"damage":0,"enemies":"Transient","floor":45,"turns":5},{"damage":0,"enemies":"Writhing Mass","floor":48,"turns":6},{"damage":0,"enemies":"Awakened One","floor":50,"turns":15}],"seed_played":"6894039270975641598","potions_obtained":[{"floor":4,"key":"Energy Potion"},{"floor":5,"key":"Poison Potion"},{"floor":7,"key":"FairyPotion"},{"floor":14,"key":"Explosive Potion"},{"floor":16,"key":"Dexterity Potion"},{"floor":19,"key":"SkillPotion"},{"floor":28,"key":"SteroidPotion"},{"floor":31,"key":"FocusPotion"}],"is_trial":false,"path_per_floor":["M","?","M","M","M","R","E","R","T","M","$","M","R","E","R","B",null,"M","M","$","M","M","R","M","R","T","?","M","M","R","M","R","B",null,"M","?","?","M","M","?","R","$","T","E","M","?","?","M","R","B",null],"character_chosen":"DEFECT","items_purchased":["Conserve Battery","ClockworkSouvenir"],"campfire_rested":2,"item_purchase_floors":[11,20],"current_hp_per_floor":[82,76,74,74,69,69,47,47,47,46,46,43,43,28,28,16,76,74,64,64,64,58,58,57,57,57,59,61,61,61,61,61,58,80,70,35,35,24,24,24,48,48,48,25,25,25,25,25,51,51],"gold":11,"neow_bonus":"RANDOM_COMMON_RELIC","is_prod":false,"is_daily":false,"chose_seed":false,"campfire_upgraded":8,"win_rate":0,"timestamp":1566308311,"path_taken":["M","?","M","M","M","R","E","R","T","M","$","M","R","E","R","BOSS","M","M","$","M","M","R","M","R","T","?","M","M","R","M","R","BOSS","M","?","?","?","M","?","R","$","T","E","M","?","?","M","R","BOSS"],"build_version":"2019-07-17","purchased_purges":2,"victory":true,"max_hp_per_floor":[82,76,76,76,76,76,76,76,76,76,76,76,76,76,76,76,76,76,76,76,76,76,76,76,76,76,78,80,80,80,80,80,80,80,80,82,82,82,82,82,82,82,82,82,82,82,82,82,84,84],"card_choices":[{"not_picked":["Undo","Redo"],"picked":"Rebound","floor":1},{"not_picked":["Go for the Eyes","Scrape"],"picked":"Streamline","floor":3},{"not_picked":["Beam Cell","Scrape"],"picked":"Sweeping Beam","floor":4},{"not_picked":["Aggregate","BootSequence"],"picked":"Beam Cell","floor":5},{"not_picked":["Auto Shields","Blizzard"],"picked":"Rainbow","floor":7},{"not_picked":["Compile Driver","Gash"],"picked":"Stack","floor":10},{"not_picked":["Cold Snap","Sweeping Beam"],"picked":"Coolheaded","floor":12},{"not_picked":["Aggregate","Beam Cell"],"picked":"Sunder","floor":14},{"not_picked":["Meteor Strike","Machine Learning"],"picked":"Echo Form","floor":16},{"not_picked":["Reprogram+1","Sweeping Beam"],"picked":"Cold Snap","floor":18},{"not_picked":["Streamline","Rebound"],"picked":"Ball Lightning","floor":19},{"not_picked":["Compile Driver","Coolheaded+1"],"picked":"Sunder+1","floor":21},{"not_picked":["Steam Power+1","Rainbow","Compile Driver"],"picked":"SKIP","floor":22},{"not_picked":["Go for the Eyes+1","Conserve Battery"],"picked":"Consume+1","floor":24},{"not_picked":["Compile Driver","Static Discharge","Gash"],"picked":"Singing Bowl","floor":27},{"not_picked":["Cold Snap+1","Steam Power+1","Conserve Battery"],"picked":"Singing Bowl","floor":28},{"not_picked":["Streamline","Darkness"],"picked":"Biased Cognition","floor":29},{"not_picked":["Steam+1","Aggregate"],"picked":"Genetic Algorithm+1","floor":31},{"not_picked":["Thunder Strike","Meteor Strike"],"picked":"Multi-Cast","floor":33},{"not_picked":["Gash","Go for the Eyes+1"],"picked":"Coolheaded+1","floor":35},{"not_picked":["Consume","Cold Snap","Reinforced Body"],"picked":"Singing Bowl","floor":36},{"not_picked":["Steam","Beam Cell+1"],"picked":"White Noise+1","floor":38},{"not_picked":["Compile Driver","Darkness+1"],"picked":"Stack+1","floor":39},{"not_picked":["Beam Cell+1","Fusion"],"picked":"White Noise+1","floor":41},{"not_picked":["Go for the Eyes","Rebound+1"],"picked":"Stack+1","floor":44},{"not_picked":["Stack","Blizzard"],"picked":"Chill+1","floor":45},{"not_picked":["Madness","Blind"],"picked":"Dark Shackles","floor":46},{"not_picked":["BootSequence","Stack+1"],"picked":"Force Field","floor":48},{"not_picked":["Thunder Strike","Redo+1","Reinforced Body"],"picked":"Singing Bowl","floor":49}],"player_experience":193141,"relics_obtained":[{"floor":7,"key":"Vajra"},{"floor":9,"key":"Pen Nib"},{"floor":14,"key":"Dream Catcher"},{"floor":26,"key":"Singing Bowl"},{"floor":27,"key":"Red Mask"},{"floor":36,"key":"Ginger"},{"floor":43,"key":"War Paint"},{"floor":44,"key":"Boot"},{"floor":44,"key":"Bag of Preparation"}],"event_choices":[{"damage_healed":0,"gold_gain":0,"player_choice":"Lose Max HP","damage_taken":0,"relics_obtained":["Golden Idol"],"max_hp_gain":0,"max_hp_loss":6,"event_name":"Golden Idol","floor":2,"gold_loss":0},{"damage_healed":0,"gold_gain":0,"player_choice":"Fought Bandits","damage_taken":0,"max_hp_gain":0,"max_hp_loss":0,"event_name":"Masked Bandits","floor":27,"gold_loss":0},{"damage_healed":0,"gold_gain":0,"player_choice":"Fight","damage_taken":0,"max_hp_gain":0,"max_hp_loss":0,"event_name":"Mysterious Sphere","floor":36,"gold_loss":0},{"damage_healed":0,"gold_gain":0,"player_choice":"Trade","damage_taken":0,"relics_obtained":["SsserpentHead"],"max_hp_gain":0,"max_hp_loss":0,"event_name":"FaceTrader","floor":37,"gold_loss":0},{"cards_removed":["Rebound"],"damage_healed":0,"gold_gain":0,"player_choice":"Removed Attack","damage_taken":0,"max_hp_gain":0,"max_hp_loss":0,"event_name":"Falling","floor":40,"gold_loss":0},{"damage_healed":0,"gold_gain":0,"player_choice":"Memory 1","damage_taken":0,"max_hp_gain":0,"max_hp_loss":0,"event_name":"SensoryStone","floor":46,"gold_loss":0},{"cards_removed":["Coolheaded"],"damage_healed":0,"gold_gain":0,"player_choice":"Gave Card","damage_taken":0,"relics_obtained":["Calipers"],"max_hp_gain":0,"max_hp_loss":0,"event_name":"WeMeetAgain","floor":47,"gold_loss":0}],"is_beta":false,"boss_relics":[{"not_picked":["Fusion Hammer","FrozenCore"],"picked":"Ectoplasm"},{"not_picked":["Runic Dome","Calling Bell"],"picked":"Black Star"}],"items_purged_floors":[11,20],"is_endless":false,"potions_floor_spawned":[4,5,7,14,16,19,22,28,31,38,44],"ascension_level":0}