{"gold_per_floor":[117,117,82,101,118,118,143,143,168,8,8,20,20,47,47,121,121,134,184,203,253,323,323,341,2,2,13,13,43,93,93],"floor_reached":31,"playtime":1043,"items_purged":["Decay"],"score":576,"play_id":"99b518d7-dedd-4f26-906b-55e168b58bf3","local_time":"20190727002831","is_ascension_mode":true,"campfire_choices":[{"data":"Neutralize","floor":6.0,"key":"SMITH"},{"data":"Crippling Poison","floor":8.0,"key":"SMITH"},{"data":"Poisoned Stab","floor":13.0,"key":"SMITH"},{"data":"Bane","floor":15.0,"key":"SMITH"},{"floor":23.0,"key":"REST"}],"neow_cost":"NONE","seed_source_timestamp":1064333407230099,"circlet_count":0,"master_deck":["AscendersBane","Strike_G","Strike_G","Strike_G+1","Strike_G+1","Defend_G","Defend_G","Defend_G","Defend_G","Defend_G","Survivor","Neutralize+1","Dash","Poisoned Stab+1","Crippling Poison+1","Dodge and Roll","Bane+1","Adrenaline","PiercingWail","Predator+1","Footwork+1","Prepared+1"],"special_seed":0,"relics":["Ring of the Snake","Omamori","Blood Vial","Calipers","PreservedInsect","SsserpentHead","Tough Bandages","Black Star","Happy Flower","Toxic Egg 2","Pocketwatch","Smiling Mask","Whetstone"],"potions_floor_usage":[],"damage_taken":[{"damage":7.0,"enemies":"Jaw Worm","floor":1.0,"turns":7.0},{"damage":0.0,"enemies":"2 Louse","floor":4.0,"turns":4.0},{"damage":1.0,"enemies":"Small Slimes","floor":5.0,"turns":5.0},{"damage":17.0,"enemies":"3 Sentries","floor":7.0,"turns":9.0},{"damage":7.0,"enemies":"Red Slaver","floor":12.0,"turns":4.0},{"damage":0.0,"enemies":"Gremlin Nob","floor":14.0,"turns":3.0},{"damage":22.0,"enemies":"The Guardian","floor":16.0,"turns":15.0},{"damage":3.0,"enemies":"Shell Parasite","floor":18.0,"turns":5.0},{"damage":16.0,"enemies":"Chosen","floor":20.0,"turns":5.0},{"damage":26.0,"enemies":"Shelled Parasite and Fungi","floor":22.0,"turns":8.0},{"damage":19.0,"enemies":"Centurion and Healer","floor":24.0,"turns":9.0},{"damage":17.0,"enemies":"Snake Plant","floor":27.0,"turns":4.0},{"damage":1.0,"enemies":"Slavers","floor":29.0,"turns":4.0},{"damage":8,"enemies":"3 Cultists","floor":31,"turns":2}],"seed_played":"3831081398424392546","potions_obtained":[{"floor":4.0,"key":"FearPotion"},{"floor":5.0,"key":"PowerPotion"},{"floor":14.0,"key":"Fire Potion"},{"floor":22.0,"key":"Energy Potion"}],"is_trial":false,"path_per_floor":["M","?","?","M","M","R","E","R","T","$","?","M","R","E","R","B",null,"M","?","M","?","M","R","M","$","T","M","$","E","?","M"],"character_chosen":"THE_SILENT","items_purchased":["PreservedInsect","Toxic Egg 2"],"campfire_rested":1,"item_purchase_floors":[10,25],"current_hp_per_floor":[52,52,66,66,65,65,49,49,49,49,49,44,44,46,46,26,56,55,55,41,41,17,36,19,19,19,4,4,5,5,0],"gold":93,"neow_bonus":"RANDOM_COMMON_RELIC","is_prod":false,"is_daily":false,"chose_seed":false,"campfire_upgraded":4,"win_rate":0,"timestamp":1564201711,"path_taken":["M","?","?","M","M","R","E","R","T","$","?","M","R","E","R","BOSS","M","?","M","?","?","R","M","$","T","M","$","E","?","M"],"build_version":"2019-07-17","purchased_purges":1,"victory":false,"max_hp_per_floor":[66,66,66,66,66,66,66,66,66,66,66,66,66,66,66,66,66,66,66,66,66,66,66,66,66,66,66,66,66,66,66],"card_choices":[{"not_picked":["Deadly Poison","Noxious Fumes"],"picked":"Dash","floor":1.0},{"not_picked":["Reflex","Infinite Blades","Outmaneuver"],"picked":"SKIP","floor":4.0},{"not_picked":["Riddle With Holes","Acrobatics"],"picked":"Poisoned Stab","floor":5.0},{"not_picked":["Backflip","Cloak And Dagger"],"picked":"Crippling Poison","floor":7.0},{"not_picked":["Infinite Blades","Terror"],"picked":"Dodge and Roll","floor":12.0},{"not_picked":["Grand Finale","Cloak And Dagger"],"picked":"Bane","floor":14.0},{"not_picked":["Phantasmal Killer","Tools of the Trade"],"picked":"Adrenaline","floor":16.0},{"not_picked":["Acrobatics","Cloak And Dagger"],"picked":"PiercingWail","floor":18.0},{"not_picked":["Eviscerate","Poisoned Stab"],"picked":"Predator+1","floor":20.0},{"not_picked":["Choke","Leg Sweep"],"picked":"Footwork+1","floor":22.0},{"not_picked":["Riddle With Holes+1","Prepared","Sucker Punch"],"picked":"SKIP","floor":24.0},{"not_picked":["Skewer","Underhanded Strike"],"picked":"Prepared+1","floor":27.0},{"not_picked":["Slice","Finisher","Poisoned Stab"],"picked":"SKIP","floor":29.0}],"player_experience":1399235,"relics_obtained":[{"floor":7.0,"key":"Calipers"},{"floor":14.0,"key":"Tough Bandages"},{"floor":26.0,"key":"Pocketwatch"},{"floor":29.0,"key":"Smiling Mask"},{"floor":29.0,"key":"Whetstone"}],"event_choices":[{"damage_healed":0.0,"max_hp_gain":0.0,"max_hp_loss":0.0,"gold_gain":0.0,"event_name":"Big Fish","player_choice":"Box","floor":2.0,"gold_loss":0.0,"damage_taken":0.0,"relics_obtained":["Blood Vial"],"cards_obtained":["Regret"]},{"damage_healed":16.0,"max_hp_gain":0.0,"max_hp_loss":0.0,"gold_gain":0.0,"event_name":"The Cleric","player_choice":"Healed","floor":3.0,"gold_loss":35.0,"damage_taken":0.0},{"damage_healed":0.0,"max_hp_gain":0.0,"max_hp_loss":0.0,"gold_gain":0.0,"event_name":"FaceTrader","player_choice":"Trade","floor":11.0,"gold_loss":0.0,"damage_taken":0.0,"relics_obtained":["SsserpentHead"]},{"damage_healed":0.0,"max_hp_gain":0.0,"max_hp_loss":0.0,"gold_gain":0.0,"event_name":"Addict","player_choice":"Stole Relic","floor":19.0,"gold_loss":0.0,"damage_taken":0.0,"relics_obtained":["Happy Flower"],"cards_obtained":["Shame"]},{"damage_healed":0.0,"max_hp_gain":0.0,"max_hp_loss":0.0,"gold_gain":0.0,"event_name":"Wheel of Change","player_choice":"Cursed","floor":21.0,"gold_loss":0.0,"damage_taken":0.0,"cards_obtained":["Decay"]},{"cards_removed":["Strike_G"],"damage_healed":0.0,"max_hp_gain":0.0,"max_hp_loss":0.0,"gold_gain":0.0,"event_name":"Purifier","player_choice":"Purged","floor":30.0,"gold_loss":0.0,"damage_taken":0.0}],"is_beta":false,"boss_relics":[{"not_picked":["Empty Cage","White Beast Statue"],"picked":"Black Star"}],"items_purged_floors":[25],"is_endless":false,"potions_floor_spawned":[4,5,14,22],"killed_by":"3 Cultists","ascension_level":20}