{"gold_per_floor":[113,4,16,31,0,58,81,81,81,81,108,108,118,147,147,223,223,223,223,223,223,60,60,60,60,60,60,60,60,60,60,60,60,60,60,60,60,60,60,60,60,4,4,4,4,4,4,4,4,4,4,4,4,4,4,4],"floor_reached":56,"playtime":3245,"items_purged":[],"score":2220,"play_id":"a0bc2fec-8d82-487c-a3ec-be5272929ca2","local_time":"20190806190653","is_ascension_mode":true,"campfire_choices":[{"data":"Defragment","floor":8.0,"key":"SMITH"},{"floor":12.0,"key":"REST"},{"data":"Double Energy","floor":15.0,"key":"SMITH"},{"floor":23.0,"key":"REST"},{"data":"Genetic Algorithm","floor":25.0,"key":"SMITH"},{"data":"Capacitor","floor":28.0,"key":"SMITH"},{"data":"Go for the Eyes","floor":32.0,"key":"SMITH"},{"floor":47.0,"key":"REST"},{"floor":49.0,"key":"RECALL"},{"data":"Loop","floor":53.0,"key":"SMITH"}],"neow_cost":"NONE","seed_source_timestamp":864471063043500,"circlet_count":0,"master_deck":["AscendersBane","Zap","Dualcast+1","Rip and Tear","Capacitor+1","Electrodynamics","Self Repair","Ball Lightning","Compile Driver","Skim","Go for the Eyes","Defragment+1","Double Energy+1","Ball Lightning","Go for the Eyes+1","Genetic Algorithm+1","Barrage","Echo Form","Cold Snap","Leap","Glacier","Steam+1","Auto Shields+1","Doom and Gloom+1","Leap","Seek","Loop+1","Zap","Loop+1","Glacier+1","Undo+1","Seek"],"special_seed":0,"relics":["Pandora\u0027s Box","Tiny Chest","Ancient Tea Set","Oddly Smooth Stone","Pen Nib","PreservedInsect","Blue Candle","Ectoplasm","DataDisk","Mercury Hourglass","Bottled Lightning","Regal Pillow","Bottled Flame","Philosopher\u0027s Stone","Torii","War Paint","Boot","Orichalcum","Centennial Puzzle"],"potions_floor_usage":[55],"damage_taken":[{"damage":12.0,"enemies":"Jaw Worm","floor":1.0,"turns":2.0},{"damage":0.0,"enemies":"Small Slimes","floor":3.0,"turns":3.0},{"damage":0.0,"enemies":"Cultist","floor":4.0,"turns":2.0},{"damage":20.0,"enemies":"Lagavulin","floor":6.0,"turns":4.0},{"damage":10.0,"enemies":"3 Sentries","floor":11.0,"turns":2.0},{"damage":0.0,"enemies":"3 Louse","floor":13.0,"turns":1.0},{"damage":15.0,"enemies":"Lagavulin","floor":14.0,"turns":5.0},{"damage":0.0,"enemies":"Slime Boss","floor":16.0,"turns":4.0},{"damage":30.0,"enemies":"Shell Parasite","floor":18.0,"turns":4.0},{"damage":19.0,"enemies":"Chosen","floor":19.0,"turns":4.0},{"damage":15.0,"enemies":"Snake Plant","floor":21.0,"turns":4.0},{"damage":0.0,"enemies":"Gremlin Leader","floor":24.0,"turns":4.0},{"damage":9.0,"enemies":"Book of Stabbing","floor":27.0,"turns":4.0},{"damage":0.0,"enemies":"Gremlin Leader","floor":29.0,"turns":4.0},{"damage":15.0,"enemies":"Centurion and Healer","floor":30.0,"turns":4.0},{"damage":7.0,"enemies":"3 Cultists","floor":31.0,"turns":4.0},{"damage":8.0,"enemies":"Collector","floor":33.0,"turns":8.0},{"damage":0.0,"enemies":"3 Shapes","floor":35.0,"turns":3.0},{"damage":21.0,"enemies":"3 Darklings","floor":37.0,"turns":5.0},{"damage":0.0,"enemies":"4 Shapes","floor":39.0,"turns":4.0},{"damage":17.0,"enemies":"Reptomancer","floor":40.0,"turns":5.0},{"damage":1.0,"enemies":"Transient","floor":41.0,"turns":6.0},{"damage":26.0,"enemies":"Jaw Worm Horde","floor":44.0,"turns":4.0},{"damage":0.0,"enemies":"Maw","floor":46.0,"turns":7.0},{"damage":0.0,"enemies":"Giant Head","floor":48.0,"turns":7.0},{"damage":26.0,"enemies":"Donu and Deca","floor":50.0,"turns":7.0},{"damage":22.0,"enemies":"Time Eater","floor":51.0,"turns":14.0},{"damage":43,"enemies":"Shield and Spear","floor":55,"turns":6},{"damage":57,"enemies":"The Heart","floor":56,"turns":2}],"seed_played":"-756996975051076277","potions_obtained":[{"floor":3.0,"key":"Poison Potion"},{"floor":14.0,"key":"SteroidPotion"},{"floor":19.0,"key":"SteroidPotion"},{"floor":27.0,"key":"SpeedPotion"},{"floor":30.0,"key":"Weak Potion"},{"floor":37.0,"key":"Poison Potion"},{"floor":48.0,"key":"SteroidPotion"}],"is_trial":false,"path_per_floor":["M","$","M","M","?","E","T","R","T","?","E","R","M","E","R","B",null,"M","M","?","M","$","R","E","R","T","E","R","E","M","M","R","B",null,"M","T","M","?","M","E","M","$","T","M","T","M","R","E","R","B","B",null,"R","$","E","B"],"character_chosen":"DEFECT","items_purchased":["Block Potion","SteroidPotion","DataDisk","Dexterity Potion"],"campfire_rested":3,"item_purchase_floors":[2,2,22,42],"current_hp_per_floor":[59,59,59,59,59,46,46,46,46,28,18,39,39,31,31,38,63,40,28,21,13,13,34,41,41,41,46,46,53,45,45,45,44,64,64,64,50,50,57,47,53,53,53,27,27,41,71,71,71,59,44,64,64,64,28,0],"gold":4,"neow_bonus":"BOSS_RELIC","is_prod":false,"is_daily":false,"chose_seed":false,"campfire_upgraded":6,"win_rate":0,"timestamp":1565132813,"path_taken":["M","$","M","M","?","E","?","R","T","?","E","R","M","E","R","BOSS","M","M","?","M","$","R","E","R","T","E","R","E","M","M","R","BOSS","M","?","M","?","M","E","M","$","T","?","?","M","R","E","R","BOSS","BOSS","R","$","E","BOSS"],"build_version":"2019-07-17","purchased_purges":0,"victory":false,"max_hp_per_floor":[71,71,71,71,71,71,71,71,71,71,71,71,71,71,71,71,71,71,71,71,71,71,71,71,71,71,71,71,71,71,71,71,71,71,71,71,71,71,71,71,71,71,71,71,71,71,71,71,71,71,71,71,71,71,71,71],"card_choices":[{"not_picked":["Leap","Streamline"],"picked":"Defragment","floor":1.0},{"not_picked":["Rebound","Storm"],"picked":"Double Energy","floor":3.0},{"not_picked":["Stack","Aggregate"],"picked":"Ball Lightning","floor":4.0},{"not_picked":["Aggregate","Redo","Heatsinks"],"picked":"SKIP","floor":6.0},{"not_picked":["Storm","Fusion"],"picked":"Go for the Eyes","floor":11.0},{"not_picked":["Turbo","Melter"],"picked":"Genetic Algorithm","floor":13.0},{"not_picked":["Blizzard","Turbo"],"picked":"Barrage","floor":14.0},{"not_picked":["Fission","Meteor Strike"],"picked":"Echo Form","floor":16.0},{"not_picked":["Barrage+1","Aggregate"],"picked":"Cold Snap","floor":18.0},{"not_picked":["Chaos","Reinforced Body"],"picked":"Leap","floor":19.0},{"not_picked":["Hologram","Double Energy"],"picked":"Glacier","floor":21.0},{"not_picked":["Turbo","Meteor Strike"],"picked":"Steam","floor":24.0},{"not_picked":["Barrage","Double Energy"],"picked":"Auto Shields+1","floor":27.0},{"not_picked":["Scrape","Sweeping Beam","Self Repair"],"picked":"SKIP","floor":29.0},{"not_picked":["Barrage","Stack"],"picked":"Doom and Gloom+1","floor":30.0},{"not_picked":["Steam","Genetic Algorithm+1"],"picked":"Leap","floor":31.0},{"not_picked":["Multi-Cast","Amplify"],"picked":"Seek","floor":33.0},{"not_picked":["Hello World","Recycle","Tempest+1"],"picked":"SKIP","floor":35.0},{"not_picked":["Ball Lightning+1","Stack"],"picked":"Loop+1","floor":37.0},{"not_picked":["Cold Snap","Beam Cell","Electrodynamics"],"picked":"SKIP","floor":39.0},{"not_picked":["Chaos","Leap","Steam"],"picked":"SKIP","floor":40.0},{"not_picked":["Sweeping Beam+1","Leap"],"picked":"Glacier+1","floor":41.0},{"not_picked":["Go for the Eyes","Streamline","Doom and Gloom"],"picked":"SKIP","floor":44.0},{"not_picked":["Coolheaded","Recycle+1"],"picked":"Undo+1","floor":46.0},{"not_picked":["Scrape+1","Hello World"],"picked":"Seek","floor":48.0},{"not_picked":["Go for the Eyes","Conserve Battery+1","Cold Snap+1"],"picked":"SKIP","floor":55}],"player_experience":1441963,"relics_obtained":[{"floor":6.0,"key":"Tiny Chest"},{"floor":7.0,"key":"Ancient Tea Set"},{"floor":9.0,"key":"Oddly Smooth Stone"},{"floor":11.0,"key":"PreservedInsect"},{"floor":14.0,"key":"Blue Candle"},{"floor":24.0,"key":"Mercury Hourglass"},{"floor":26.0,"key":"Bottled Lightning"},{"floor":27.0,"key":"Regal Pillow"},{"floor":29.0,"key":"Bottled Flame"},{"floor":36.0,"key":"Torii"},{"floor":40.0,"key":"War Paint"},{"floor":45.0,"key":"Boot"},{"floor":48.0,"key":"Orichalcum"},{"floor":55,"key":"Centennial Puzzle"}],"event_choices":[{"damage_healed":0.0,"max_hp_gain":0.0,"max_hp_loss":0.0,"gold_gain":0.0,"event_name":"World of Goop","player_choice":"Left Gold","floor":5.0,"gold_loss":31.0,"damage_taken":0.0},{"damage_healed":0.0,"max_hp_gain":0.0,"max_hp_loss":0.0,"gold_gain":0.0,"event_name":"Scrap Ooze","player_choice":"Success","floor":10.0,"gold_loss":0.0,"damage_taken":18.0,"relics_obtained":["Pen Nib"]},{"damage_healed":0.0,"max_hp_gain":0.0,"max_hp_loss":0.0,"gold_gain":50.0,"event_name":"FaceTrader","player_choice":"Touch","floor":20.0,"gold_loss":0.0,"damage_taken":7.0},{"damage_healed":0.0,"max_hp_gain":0.0,"max_hp_loss":0.0,"gold_gain":0.0,"event_name":"Match and Keep!","player_choice":"2 cards matched","floor":38.0,"gold_loss":0.0,"damage_taken":0.0,"cards_obtained":["Zap","Loop"]}],"is_beta":false,"boss_relics":[{"not_picked":["Tiny House","Runic Pyramid"],"picked":"Ectoplasm"},{"not_picked":["Velvet Choker","Empty Cage"],"picked":"Philosopher\u0027s Stone"}],"items_purged_floors":[],"is_endless":false,"potions_floor_spawned":[3,4,14,19,27,29,30,33,37,39,48],"killed_by":"The Heart","ascension_level":20}