{"gold_per_floor":[212,362,362,24,44,44,73,73],"floor_reached":8,"playtime":303,"items_purged":[],"score":108,"play_id":"98840454-90e8-4d64-9edf-0b013fc26811","local_time":"20190614210000","is_ascension_mode":true,"campfire_choices":[{"data":"Beam Cell","floor":6,"key":"SMITH"}],"neow_cost":"NONE","seed_source_timestamp":38638005727600,"circlet_count":0,"master_deck":["AscendersBane","Strike_B","Strike_B","Strike_B","Strike_B","Defend_B","Defend_B","Defend_B","Defend_B","Zap","Dualcast","Undo","Beam Cell+1","Barrage"],"relics":["Cracked Core","Incense Burner","Bag of Marbles"],"potions_floor_usage":[7,7],"damage_taken":[{"damage":4,"enemies":"Jaw Worm","floor":1,"turns":4},{"damage":3,"enemies":"Small Slimes","floor":5,"turns":4},{"damage":15,"enemies":"3 Sentries","floor":7,"turns":10},{"damage":37,"enemies":"The Mushroom Lair","floor":8,"turns":3}],"seed_played":"6939724002997282059","potions_obtained":[{"floor":1,"key":"Energy Potion"},{"floor":5,"key":"Swift Potion"}],"is_trial":false,"path_per_floor":["M","?","?","$","M","R","E","?"],"character_chosen":"DEFECT","items_purchased":["Incense Burner"],"campfire_rested":0,"item_purchase_floors":[4],"current_hp_per_floor":[60,60,53,53,50,50,35,0],"gold":73,"neow_bonus":"HUNDRED_GOLD","is_prod":false,"is_daily":false,"chose_seed":false,"campfire_upgraded":1,"win_rate":0,"timestamp":1560560400,"path_taken":["M","?","?","$","M","R","E","?"],"build_version":"2019-01-23","purchased_purges":0,"victory":false,"max_hp_per_floor":[71,71,71,71,71,71,71,71],"card_choices":[{"not_picked":["Doom and Gloom","Redo"],"picked":"Undo","floor":1},{"not_picked":["Tempest","Barrage"],"picked":"Beam Cell","floor":5},{"not_picked":["Undo","Aggregate"],"picked":"Barrage","floor":7}],"player_experience":1180007,"relics_obtained":[{"floor":7,"key":"Bag of Marbles"}],"event_choices":[{"damage_healed":0,"gold_gain":150,"player_choice":"AGREE","damage_taken":0,"max_hp_gain":0,"max_hp_loss":0,"event_name":"Liars Game","floor":2,"gold_loss":0,"cards_obtained":["Doubt"]},{"cards_removed":["Doubt"],"damage_healed":0,"gold_gain":0,"player_choice":"Card Removal","damage_taken":7,"max_hp_gain":0,"max_hp_loss":0,"event_name":"Golden Wing","floor":3,"gold_loss":0},{"damage_healed":0,"gold_gain":0,"player_choice":"Fought Mushrooms","damage_taken":0,"max_hp_gain":0,"max_hp_loss":0,"event_name":"Mushrooms","floor":8,"gold_loss":0}],"is_beta":false,"boss_relics":[],"items_purged_floors":[],"is_endless":false,"potions_floor_spawned":[1,5],"killed_by":"The Mushroom Lair","ascension_level":20}