{"gold_per_floor":[110,110,285,57,75,75,75,107,154,154,165,165,191,191,191,295,295,306,318,34,50,50,50,79,30,30,62,143,162,172,0,0,104,104,118,138,138,238,238,238,238,36,59,87,87,24,51,61,61,61],"floor_reached":51,"playtime":3193,"items_purged":["Doubt"],"score":872,"play_id":"cc27a645-36b9-44c1-9cbb-28fafccd6b60","local_time":"20190721103344","is_ascension_mode":false,"campfire_choices":[{"data":"Noxious Fumes","floor":6.0,"key":"SMITH"},{"data":"Neutralize","floor":10.0,"key":"SMITH"},{"data":"Doppelganger","floor":12.0,"key":"SMITH"},{"data":"Sucker Punch","floor":15.0,"key":"SMITH"},{"data":"After Image","floor":23.0,"key":"SMITH"},{"data":"Well Laid Plans","floor":32,"key":"SMITH"},{"data":"Burst","floor":41,"key":"SMITH"},{"data":"Noxious Fumes","floor":45,"key":"SMITH"},{"data":"Caltrops","floor":49,"key":"SMITH"}],"neow_cost":"NONE","seed_source_timestamp":103634615564400,"circlet_count":0,"master_deck":["Strike_G+1","Strike_G","Strike_G+1","Strike_G+1","Defend_G","Defend_G","Defend_G","Defend_G","Survivor","Neutralize+1","Doppelganger+1","Quick Slash","Infinite Blades+1","Backflip","PiercingWail","Noxious Fumes+1","Sucker Punch+1","PiercingWail","Dash","After Image+1","Caltrops","Infinite Blades","Deadly Poison","Poisoned Stab","Dodge and Roll+1","Escape Plan","Caltrops+1","Well Laid Plans+1","Cloak And Dagger","Deflect+1","Burst+1","Concentrate+1","Acrobatics+1","Deadly Poison+1","Deep Breath","Panacea","After Image","Noxious Fumes+1","Leg Sweep","Crippling Poison+1","Dodge and Roll+1"],"special_seed":0,"relics":["Ring of the Snake","Bag of Marbles","Bronze Scales","Unceasing Top","Busted Crown","OrangePellets","Lantern","The Courier","Ancient Tea Set","Gremlin Horn","Orrery","Gambling Chip","Whetstone","Frozen Egg 2","Orichalcum","War Paint"],"potions_floor_usage":[44,47,50,50],"damage_taken":[{"damage":0.0,"enemies":"Small Slimes","floor":1.0,"turns":3.0},{"damage":0.0,"enemies":"2 Louse","floor":5.0,"turns":3.0},{"damage":3.0,"enemies":"Lagavulin","floor":8.0,"turns":7.0},{"damage":2.0,"enemies":"Jaw Worm","floor":11.0,"turns":4.0},{"damage":14.0,"enemies":"Gremlin Nob","floor":13.0,"turns":5.0},{"damage":0.0,"enemies":"Hexaghost","floor":16.0,"turns":9.0},{"damage":0.0,"enemies":"Shell Parasite","floor":18.0,"turns":5.0},{"damage":0.0,"enemies":"2 Thieves","floor":19.0,"turns":4.0},{"damage":0.0,"enemies":"Snecko","floor":21.0,"turns":5.0},{"damage":16.0,"enemies":"Slavers","floor":24.0,"turns":5.0},{"damage":0.0,"enemies":"Gremlin Leader","floor":27.0,"turns":6.0},{"damage":3.0,"enemies":"Sentry and Sphere","floor":29.0,"turns":6.0},{"damage":0.0,"enemies":"Snake Plant","floor":30.0,"turns":4.0},{"damage":17,"enemies":"Champ","floor":33,"turns":14},{"damage":0,"enemies":"3 Shapes","floor":35,"turns":5},{"damage":0,"enemies":"Orb Walker","floor":36,"turns":4},{"damage":7,"enemies":"Mind Bloom Boss Battle","floor":38,"turns":7},{"damage":0,"enemies":"Reptomancer","floor":44,"turns":5},{"damage":10,"enemies":"Nemesis","floor":47,"turns":7},{"damage":0,"enemies":"4 Shapes","floor":48,"turns":5},{"damage":4,"enemies":"Awakened One","floor":50,"turns":24}],"seed_played":"373150903940399473","potions_obtained":[{"floor":5.0,"key":"SpeedPotion"},{"floor":11.0,"key":"GhostInAJar"},{"floor":18.0,"key":"Fire Potion"},{"floor":27.0,"key":"Explosive Potion"},{"floor":38,"key":"Regen Potion"},{"floor":48,"key":"LiquidBronze"}],"is_trial":false,"path_per_floor":["M","?","?","$","M","R","?","E","T","R","M","R","E","?","R","B",null,"M","M","$","M","?","R","E","$","T","E","T","M","M","$","R","B",null,"M","M","?","?","?","?","R","$","T","E","R","?","E","M","R","B",null],"character_chosen":"THE_SILENT","items_purchased":["Infinite Blades","Backflip","PiercingWail","OrangePellets","Caltrops","Deadly Poison","Caltrops","Well Laid Plans","Cloak And Dagger","Deflect","After Image","Noxious Fumes","Leg Sweep"],"campfire_rested":0,"item_purchase_floors":[4,4,4,20,20,25,31,31,31,31,42,42,42],"current_hp_per_floor":[70,75,75,75,75,75,60,57,57,57,55,55,41,34,34,34,75,75,75,75,75,75,75,59,59,59,59,59,56,56,56,56,39,75,75,75,75,68,58,58,58,58,58,58,58,58,63,63,63,59],"gold":61,"neow_bonus":"ONE_RANDOM_RARE_CARD","is_prod":false,"is_daily":false,"chose_seed":false,"campfire_upgraded":9,"win_rate":1,"timestamp":1563672824,"path_taken":["M","?","?","$","M","R","?","E","T","R","M","R","E","?","R","BOSS","M","M","$","M","?","R","E","?","T","E","?","?","?","$","R","BOSS","M","M","?","?","?","?","R","$","T","E","R","?","E","M","R","BOSS"],"build_version":"2019-07-17","purchased_purges":1,"victory":true,"max_hp_per_floor":[70,75,75,75,75,75,75,75,75,75,75,75,75,75,75,75,75,75,75,75,75,75,75,75,75,75,75,75,75,75,75,75,75,75,75,75,75,75,75,75,75,75,75,75,75,75,75,75,75,75],"card_choices":[{"not_picked":["Outmaneuver","Distraction"],"picked":"Quick Slash","floor":1.0},{"not_picked":["Finisher","Cloak And Dagger"],"picked":"Noxious Fumes","floor":5.0},{"not_picked":["All Out Attack","Accuracy"],"picked":"Sucker Punch","floor":8.0},{"not_picked":["Prepared","Reflex"],"picked":"PiercingWail","floor":11.0},{"not_picked":["Predator","All Out Attack"],"picked":"Dash","floor":13.0},{"not_picked":["Tools of the Trade","Glass Knife"],"picked":"After Image","floor":16.0},{"not_picked":["Endless Agony"],"picked":"SKIP","floor":18.0},{"not_picked":["Dash"],"picked":"SKIP","floor":19.0},{"not_picked":["Outmaneuver+1"],"picked":"SKIP","floor":21.0},{"not_picked":[],"picked":"Infinite Blades","floor":24.0},{"not_picked":[],"picked":"Poisoned Stab","floor":27.0},{"not_picked":[],"picked":"Dodge and Roll+1","floor":29.0},{"not_picked":[],"picked":"Escape Plan","floor":30.0},{"not_picked":[],"picked":"Burst","floor":33},{"not_picked":[],"picked":"Concentrate","floor":34},{"not_picked":[],"picked":"Acrobatics+1","floor":34},{"not_picked":["Poisoned Stab"],"picked":"SKIP","floor":35},{"not_picked":["Sucker Punch+1"],"picked":"SKIP","floor":36},{"not_picked":[],"picked":"Deadly Poison+1","floor":38},{"not_picked":[],"picked":"Deep Breath","floor":39},{"not_picked":[],"picked":"Panacea","floor":39},{"not_picked":[],"picked":"Crippling Poison+1","floor":44},{"not_picked":["All Out Attack+1"],"picked":"SKIP","floor":47},{"not_picked":[],"picked":"Dodge and Roll+1","floor":48}],"player_experience":97157,"relics_obtained":[{"floor":8.0,"key":"Bag of Marbles"},{"floor":9.0,"key":"Bronze Scales"},{"floor":13.0,"key":"Unceasing Top"},{"floor":24.0,"key":"Lantern"},{"floor":26.0,"key":"The Courier"},{"floor":27.0,"key":"Ancient Tea Set"},{"floor":28.0,"key":"Gremlin Horn"},{"floor":38,"key":"Gambling Chip"},{"floor":43,"key":"Whetstone"},{"floor":44,"key":"Frozen Egg 2"},{"floor":47,"key":"War Paint"}],"event_choices":[{"damage_healed":0.0,"max_hp_gain":5.0,"max_hp_loss":0.0,"gold_gain":0.0,"event_name":"Big Fish","player_choice":"Donut","floor":2.0,"gold_loss":0.0,"damage_taken":0.0},{"damage_healed":0.0,"max_hp_gain":0.0,"max_hp_loss":0.0,"gold_gain":175.0,"event_name":"Liars Game","player_choice":"AGREE","floor":3.0,"gold_loss":0.0,"damage_taken":0.0,"cards_obtained":["Doubt"]},{"damage_healed":0.0,"max_hp_gain":0.0,"max_hp_loss":0.0,"gold_gain":0.0,"event_name":"Shining Light","player_choice":"Entered Light","floor":7.0,"gold_loss":0.0,"damage_taken":15.0,"cards_upgraded":["Strike_G","Infinite Blades"]},{"cards_removed":["Strike_G"],"damage_healed":0.0,"max_hp_gain":0.0,"max_hp_loss":0.0,"gold_gain":0.0,"event_name":"Golden Wing","player_choice":"Card Removal","floor":14.0,"gold_loss":0.0,"damage_taken":7.0},{"cards_removed":["Strike_G"],"damage_healed":0.0,"max_hp_gain":0.0,"max_hp_loss":0.0,"gold_gain":0.0,"event_name":"NoteForYourself","player_choice":"Took Card","floor":22.0,"gold_loss":0.0,"damage_taken":0.0,"cards_obtained":["Strike_G"]},{"cards_removed":["Defend_G"],"damage_healed":0,"gold_gain":0,"player_choice":"Removed Skill","damage_taken":0,"max_hp_gain":0,"max_hp_loss":0,"event_name":"Falling","floor":37,"gold_loss":0},{"damage_healed":0,"gold_gain":0,"player_choice":"Fight","damage_taken":0,"max_hp_gain":0,"max_hp_loss":0,"event_name":"MindBloom","floor":38,"gold_loss":0},{"damage_healed":0,"gold_gain":0,"player_choice":"Memory 3","damage_taken":10,"max_hp_gain":0,"max_hp_loss":0,"event_name":"SensoryStone","floor":39,"gold_loss":0},{"damage_healed":0,"gold_gain":0,"player_choice":"Ignored","damage_taken":0,"max_hp_gain":0,"max_hp_loss":0,"event_name":"Tomb of Lord Red Mask","floor":40,"gold_loss":0},{"damage_healed":0,"gold_gain":0,"player_choice":"Paid Gold","damage_taken":0,"relics_obtained":["Orichalcum"],"max_hp_gain":0,"max_hp_loss":0,"event_name":"WeMeetAgain","floor":46,"gold_loss":63}],"is_beta":false,"boss_relics":[{"not_picked":["Ring of the Serpent","White Beast Statue"],"picked":"Busted Crown"},{"not_picked":["Cursed Key","HoveringKite"],"picked":"Orrery"}],"items_purged_floors":[4],"is_endless":false,"potions_floor_spawned":[5,11,18,27,38,48],"ascension_level":0}