{"gold_per_floor":[117,131,19,39,39,39,70,220,220,220,220,240,271,291,291,368,368,379,222,238,254,284,284,284,317,317,333,352,16,16,45,45,45],"floor_reached":33,"playtime":2093,"items_purged":["Defend_B","Defend_B","Strike_B"],"score":690,"play_id":"69714634-bdc5-4f61-a388-de8068661359","local_time":"20190803172722","is_ascension_mode":true,"campfire_choices":[{"data":"Zap","floor":6.0,"key":"SMITH"},{"data":"Dualcast","floor":10.0,"key":"SMITH"},{"data":"Barrage","floor":15.0,"key":"SMITH"},{"floor":23.0,"key":"REST"},{"floor":30.0,"key":"REST"},{"floor":32.0,"key":"REST"}],"neow_cost":"NONE","seed_source_timestamp":600170000176000,"circlet_count":0,"master_deck":["AscendersBane","Strike_B","Strike_B","Strike_B","Defend_B","Defend_B+1","Zap+1","Dualcast+1","Beam Cell+1","Ball Lightning","Undo+1","Undo","Barrage+1","Echo Form","Streamline+1","Hyperbeam","Melter+1","Compile Driver","Go for the Eyes","Go for the Eyes","Coolheaded","Ball Lightning","Scrape+1","White Noise"],"special_seed":0,"relics":["Cracked Core","Du-Vu Doll","Darkstone Periapt","Cables","Philosopher\u0027s Stone","Red Mask","Ancient Tea Set","War Paint","Whetstone","Art of War"],"potions_floor_usage":[],"damage_taken":[{"damage":2.0,"enemies":"Jaw Worm","floor":1.0,"turns":3.0},{"damage":1.0,"enemies":"Small Slimes","floor":2.0,"turns":3.0},{"damage":0.0,"enemies":"Cultist","floor":4.0,"turns":2.0},{"damage":10.0,"enemies":"3 Sentries","floor":7.0,"turns":6.0},{"damage":0.0,"enemies":"2 Fungi Beasts","floor":12.0,"turns":3.0},{"damage":16.0,"enemies":"Gremlin Nob","floor":13.0,"turns":4.0},{"damage":0.0,"enemies":"Large Slime","floor":14.0,"turns":4.0},{"damage":0.0,"enemies":"Slime Boss","floor":16.0,"turns":6.0},{"damage":0.0,"enemies":"Chosen","floor":18.0,"turns":3.0},{"damage":12.0,"enemies":"3 Byrds","floor":20.0,"turns":3.0},{"damage":22.0,"enemies":"Centurion and Healer","floor":21.0,"turns":4.0},{"damage":10.0,"enemies":"Masked Bandits","floor":22.0,"turns":2.0},{"damage":34.0,"enemies":"Slavers","floor":25.0,"turns":4.0},{"damage":2.0,"enemies":"Snake Plant","floor":27.0,"turns":3.0},{"damage":0.0,"enemies":"Chosen and Byrds","floor":28.0,"turns":5.0},{"damage":9.0,"enemies":"Book of Stabbing","floor":31.0,"turns":3.0},{"damage":46,"enemies":"Collector","floor":33,"turns":10}],"seed_played":"8371848231996246547","potions_obtained":[{"floor":0.0,"key":"Fire Potion"},{"floor":0.0,"key":"EssenceOfSteel"},{"floor":12.0,"key":"Strength Potion"},{"floor":18.0,"key":"Strength Potion"},{"floor":20.0,"key":"SkillPotion"},{"floor":25.0,"key":"SpeedPotion"},{"floor":27.0,"key":"LiquidBronze"}],"is_trial":false,"path_per_floor":["M","M","$","M","?","R","E","?","T","R","?","M","E","M","R","B",null,"M","$","M","M","?","R","?","E","T","M","M","$","R","E","R","B"],"character_chosen":"DEFECT","items_purchased":["Undo","Compile Driver","Whetstone","SkillPotion"],"campfire_rested":3,"item_purchase_floors":[3,19,29,29],"current_hp_per_floor":[62,61,61,61,61,61,51,51,51,51,51,51,35,35,35,35,62,62,62,50,28,18,39,39,5,5,3,3,3,24,15,36,0],"gold":45,"neow_bonus":"THREE_SMALL_POTIONS","is_prod":false,"is_daily":false,"chose_seed":false,"campfire_upgraded":3,"win_rate":0,"timestamp":1564867642,"path_taken":["M","M","$","M","?","R","E","?","T","R","?","M","E","M","R","BOSS","M","$","M","?","?","R","?","E","T","M","M","$","R","E","R","BOSS"],"build_version":"2019-07-17","purchased_purges":3,"victory":false,"max_hp_per_floor":[71,71,71,71,71,71,71,71,71,71,71,71,71,71,71,71,71,71,71,71,71,71,71,71,71,71,71,71,71,71,71,71,71],"card_choices":[{"not_picked":["Darkness","Compile Driver"],"picked":"Beam Cell","floor":1.0},{"not_picked":["Barrage","Skim"],"picked":"Ball Lightning","floor":2.0},{"not_picked":["Stack","BootSequence"],"picked":"Undo","floor":4.0},{"not_picked":["Meteor Strike","Stack","Reinforced Body"],"picked":"SKIP","floor":7.0},{"not_picked":["Turbo","Rebound"],"picked":"Barrage","floor":12.0},{"not_picked":["Compile Driver","Glacier"],"picked":"Echo Form","floor":13.0},{"not_picked":["Reinforced Body","Turbo"],"picked":"Streamline","floor":14.0},{"not_picked":["Multi-Cast","Reboot"],"picked":"Hyperbeam","floor":16.0},{"not_picked":["Force Field","Hello World"],"picked":"Melter","floor":18.0},{"not_picked":["Glacier","Rebound"],"picked":"Go for the Eyes","floor":20.0},{"not_picked":["Capacitor","Reinforced Body"],"picked":"Go for the Eyes","floor":21.0},{"not_picked":["Conserve Battery","Chaos"],"picked":"Coolheaded","floor":22.0},{"not_picked":["Electrodynamics","Redo","Fusion"],"picked":"SKIP","floor":25.0},{"not_picked":["Skim+1","Gash"],"picked":"Ball Lightning","floor":27.0},{"not_picked":["Rebound","Scrape+1","Rainbow"],"picked":"SKIP","floor":28.0},{"not_picked":["Rebound","Rainbow"],"picked":"Scrape+1","floor":28.0},{"not_picked":["Ball Lightning","Stack"],"picked":"White Noise","floor":31.0}],"player_experience":1422456,"relics_obtained":[{"floor":7.0,"key":"Du-Vu Doll"},{"floor":9.0,"key":"Darkstone Periapt"},{"floor":13.0,"key":"Cables"},{"floor":22.0,"key":"Red Mask"},{"floor":25.0,"key":"Ancient Tea Set"},{"floor":26.0,"key":"War Paint"},{"floor":31.0,"key":"Art of War"}],"event_choices":[{"damage_healed":0.0,"max_hp_gain":0.0,"max_hp_loss":0.0,"gold_gain":0.0,"event_name":"Living Wall","player_choice":"Grow","floor":5.0,"gold_loss":0.0,"damage_taken":0.0,"cards_upgraded":["Beam Cell"]},{"damage_healed":0.0,"max_hp_gain":0.0,"max_hp_loss":0.0,"gold_gain":150.0,"event_name":"Liars Game","player_choice":"AGREE","floor":8.0,"gold_loss":0.0,"damage_taken":0.0,"cards_obtained":["Doubt"]},{"cards_removed":["Doubt"],"damage_healed":0.0,"max_hp_gain":0.0,"max_hp_loss":0.0,"gold_gain":0.0,"event_name":"Fountain of Cleansing","player_choice":"Removed Curses","floor":11.0,"gold_loss":0.0,"damage_taken":0.0},{"damage_healed":0.0,"max_hp_gain":0.0,"max_hp_loss":0.0,"gold_gain":0.0,"event_name":"Masked Bandits","player_choice":"Fought Bandits","floor":22.0,"gold_loss":0.0,"damage_taken":0.0},{"damage_healed":0.0,"max_hp_gain":0.0,"max_hp_loss":0.0,"gold_gain":0.0,"event_name":"Ghosts","player_choice":"Ignored","floor":24.0,"gold_loss":0.0,"damage_taken":0.0}],"is_beta":false,"boss_relics":[{"not_picked":["Orrery","Empty Cage"],"picked":"Philosopher\u0027s Stone"}],"items_purged_floors":[3,19,29],"is_endless":false,"potions_floor_spawned":[2,4,12,18,20,25,27],"killed_by":"Collector","ascension_level":20}