{"gold_per_floor":[111,123,137,149,159,159,185,185,208,208,6,6,31,46,46,150,150,166,176,34,51,51,51,51,51,51,61,61,80,108,127,127,231,231,243,243,93,93,53,53,88,106,106,106,44,54,54,68,68,68],"floor_reached":51,"playtime":3587,"items_purged":["Strike_B"],"score":757,"play_id":"525f4e34-aba9-4139-ad29-cc062dc1e2d7","local_time":"20190707135912","is_ascension_mode":false,"campfire_choices":[{"data":"Creative AI","floor":6.0,"key":"SMITH"},{"data":"Chaos","floor":10.0,"key":"SMITH"},{"data":"Zap","floor":12.0,"key":"SMITH"},{"data":"Go for the Eyes","floor":15.0,"key":"SMITH"},{"data":"Consume","floor":23.0,"key":"SMITH"},{"data":"Loop","floor":25.0,"key":"SMITH"},{"floor":28.0,"key":"REST"},{"floor":32.0,"key":"REST"},{"data":"Capacitor","floor":40.0,"key":"SMITH"},{"data":"Seek","floor":44,"key":"SMITH"},{"data":"Multi-Cast","floor":49,"key":"SMITH"}],"neow_cost":"TEN_PERCENT_HP_LOSS","seed_source_timestamp":1359063635582922,"circlet_count":0,"master_deck":["Strike_B+1","Strike_B+1","Defend_B+1","Defend_B+1","Defend_B+1","Defend_B+1","Zap+1","Dualcast","Reinforced Body","Rebound+1","Creative AI+1","Conserve Battery","Chaos+1","Consume+1","BootSequence","Go for the Eyes+1","Seek+1","Cold Snap+1","Hologram+1","Loop+1","Coolheaded+1","Fusion","Coolheaded+1","Multi-Cast","Turbo+1","Capacitor+1","Coolheaded","Loop","Multi-Cast+1"],"special_seed":0,"relics":["Cracked Core","Turnip","Pen Nib","Juzu Bracelet","Omamori","Chemical X","War Paint","Snecko Eye","Necronomicon","Question Card","Whetstone","Busted Crown","Bronze Scales","The Courier"],"potions_floor_usage":[50,50,50],"damage_taken":[{"damage":0.0,"enemies":"Cultist","floor":1.0,"turns":4.0},{"damage":0.0,"enemies":"Jaw Worm","floor":2.0,"turns":4.0},{"damage":0.0,"enemies":"Small Slimes","floor":3.0,"turns":3.0},{"damage":0.0,"enemies":"Red Slaver","floor":4.0,"turns":5.0},{"damage":3.0,"enemies":"Exordium Thugs","floor":5.0,"turns":5.0},{"damage":29.0,"enemies":"Gremlin Nob","floor":7.0,"turns":5.0},{"damage":13.0,"enemies":"3 Sentries","floor":13.0,"turns":7.0},{"damage":4.0,"enemies":"Large Slime","floor":14.0,"turns":4.0},{"damage":1.0,"enemies":"The Guardian","floor":16.0,"turns":8.0},{"damage":9.0,"enemies":"Shell Parasite","floor":18.0,"turns":8.0},{"damage":10.0,"enemies":"Chosen","floor":19.0,"turns":5.0},{"damage":1.0,"enemies":"Centurion and Healer","floor":21.0,"turns":8.0},{"damage":15.0,"enemies":"3 Cultists","floor":27.0,"turns":7.0},{"damage":4.0,"enemies":"Snake Plant","floor":29.0,"turns":5.0},{"damage":17.0,"enemies":"Book of Stabbing","floor":30.0,"turns":6.0},{"damage":0.0,"enemies":"Snecko","floor":31.0,"turns":8.0},{"damage":2.0,"enemies":"Champ","floor":33.0,"turns":13.0},{"damage":0.0,"enemies":"3 Darklings","floor":35.0,"turns":5.0},{"damage":0.0,"enemies":"Giant Head","floor":41.0,"turns":13.0},{"damage":0,"enemies":"3 Shapes","floor":42,"turns":8},{"damage":7,"enemies":"Sphere and 2 Shapes","floor":46,"turns":10},{"damage":5,"enemies":"Jaw Worm Horde","floor":48,"turns":5},{"damage":0,"enemies":"Time Eater","floor":50,"turns":20}],"seed_played":"-1502588712301474448","potions_obtained":[{"floor":3.0,"key":"Dexterity Potion"},{"floor":4.0,"key":"FearPotion"},{"floor":13.0,"key":"SpeedPotion"},{"floor":19.0,"key":"Dexterity Potion"},{"floor":27.0,"key":"FearPotion"},{"floor":30.0,"key":"Energy Potion"},{"floor":39.0,"key":"PowerPotion"},{"floor":39.0,"key":"Fruit Juice"},{"floor":39.0,"key":"EssenceOfSteel"}],"is_trial":false,"path_per_floor":["M","M","M","M","M","R","E","?","T","R","$","R","E","M","R","B",null,"M","M","$","M","?","R","?","R","T","M","R","M","E","M","R","B",null,"M","?","$","?","?","R","E","M","T","R","$","M","$","M","R","B",null],"character_chosen":"DEFECT","items_purchased":["Chemical X","Loop","Capacitor","FocusPotion","FocusPotion"],"campfire_rested":2,"item_purchase_floors":[11,20,37,37,45],"current_hp_per_floor":[68,68,68,68,65,65,36,36,36,36,36,36,23,19,19,18,68,59,49,49,48,48,48,32,32,32,17,37,33,16,16,36,34,68,68,68,68,68,73,73,73,73,73,73,73,66,66,61,61,61],"gold":68,"neow_bonus":"ONE_RARE_RELIC","is_prod":false,"is_daily":false,"chose_seed":false,"campfire_upgraded":9,"win_rate":0,"timestamp":1562475552,"path_taken":["M","?","M","M","M","R","E","?","T","R","?","R","E","M","R","BOSS","M","M","$","M","?","R","?","R","T","M","R","M","E","M","R","BOSS","M","?","$","?","?","R","E","M","T","R","$","M","?","M","R","BOSS"],"build_version":"2019-07-05","purchased_purges":1,"victory":true,"max_hp_per_floor":[68,68,68,68,68,68,68,68,68,68,68,68,68,68,68,68,68,68,68,68,68,68,68,68,68,68,68,68,68,68,68,68,68,68,68,68,68,68,73,73,73,73,73,73,73,73,73,73,73,73],"card_choices":[{"not_picked":["Redo","Stack"],"picked":"Reinforced Body","floor":1.0},{"not_picked":["Go for the Eyes","Leap"],"picked":"Rebound","floor":2.0},{"not_picked":["Streamline","Reprogram"],"picked":"Creative AI","floor":3.0},{"not_picked":["Beam Cell","Steam"],"picked":"Conserve Battery","floor":4.0},{"not_picked":["Hello World","Conserve Battery"],"picked":"Chaos","floor":5.0},{"not_picked":["Gash","Blizzard"],"picked":"Consume","floor":7.0},{"not_picked":["Ball Lightning","Redo"],"picked":"BootSequence","floor":13.0},{"not_picked":["Scrape","Redo"],"picked":"Go for the Eyes","floor":14.0},{"not_picked":["Reboot","All For One"],"picked":"Seek","floor":16.0},{"not_picked":["Sweeping Beam","Leap"],"picked":"Cold Snap","floor":18.0},{"not_picked":["Recycle","Ball Lightning"],"picked":"Hologram+1","floor":19.0},{"not_picked":["FTL","Stack","Barrage"],"picked":"SKIP","floor":21.0},{"not_picked":["Tempest","Genetic Algorithm","Sweeping Beam+1"],"picked":"Coolheaded+1","floor":27.0},{"not_picked":["Self Repair","Go for the Eyes","Seek"],"picked":"Fusion","floor":29.0},{"not_picked":["Skim","Heatsinks+1","Melter"],"picked":"Coolheaded+1","floor":30.0},{"not_picked":["Beam Cell","Cold Snap+1","Stack","Leap"],"picked":"SKIP","floor":31.0},{"not_picked":["Reboot","Biased Cognition","Seek"],"picked":"Multi-Cast","floor":33.0},{"not_picked":["Beam Cell"],"picked":"Turbo+1","floor":35.0},{"not_picked":["Scrape+1"],"picked":"Coolheaded","floor":41.0},{"not_picked":["Steam+1","Streamline+1"],"picked":"SKIP","floor":42},{"not_picked":["Auto Shields+1"],"picked":"Loop","floor":46},{"not_picked":["Force Field"],"picked":"Multi-Cast","floor":48}],"player_experience":44004,"relics_obtained":[{"floor":7.0,"key":"Pen Nib"},{"floor":9.0,"key":"Omamori"},{"floor":13.0,"key":"War Paint"},{"floor":24.0,"key":"Necronomicon"},{"floor":26.0,"key":"Question Card"},{"floor":30.0,"key":"Whetstone"},{"floor":41.0,"key":"Bronze Scales"},{"floor":43,"key":"The Courier"}],"event_choices":[{"damage_healed":0.0,"max_hp_gain":0.0,"max_hp_loss":0.0,"gold_gain":0.0,"event_name":"Dead Adventurer","player_choice":"Searched \u00272\u0027 times","floor":8.0,"gold_loss":0.0,"damage_taken":0.0,"relics_obtained":["Juzu Bracelet"]},{"damage_healed":0.0,"max_hp_gain":0.0,"max_hp_loss":0.0,"gold_gain":0.0,"event_name":"Back to Basics","player_choice":"Simplicity","floor":22.0,"gold_loss":0.0,"damage_taken":0.0,"cards_upgraded":["Strike_B","Strike_B","Strike_B","Defend_B","Defend_B"]},{"damage_healed":0.0,"max_hp_gain":0.0,"max_hp_loss":0.0,"gold_gain":0.0,"event_name":"Cursed Tome","player_choice":"Obtained Book","floor":24.0,"gold_loss":0.0,"damage_taken":16.0},{"damage_healed":17.0,"max_hp_gain":0.0,"max_hp_loss":0.0,"gold_gain":0.0,"event_name":"Winding Halls","player_choice":"Writhe","floor":36.0,"gold_loss":0.0,"damage_taken":0.0,"cards_obtained":["Writhe"]},{"cards_removed":["Strike_B"],"damage_healed":0.0,"max_hp_gain":0.0,"max_hp_loss":0.0,"gold_gain":0.0,"event_name":"Purifier","player_choice":"Purged","floor":38.0,"gold_loss":0.0,"damage_taken":0.0},{"damage_healed":0.0,"max_hp_gain":0.0,"max_hp_loss":0.0,"gold_gain":0.0,"event_name":"The Woman in Blue","player_choice":"Bought 3 Potions","floor":39.0,"gold_loss":0.0,"damage_taken":0.0}],"is_beta":false,"boss_relics":[{"not_picked":["Calling Bell","Pandora\u0027s Box"],"picked":"Snecko Eye"},{"not_picked":["Nuclear Battery","Lizard Tail"],"picked":"Busted Crown"}],"items_purged_floors":[20],"is_endless":false,"potions_floor_spawned":[3,4,13,14,19,27,29,30,42,46,48],"ascension_level":0}