{"gold_per_floor":[214,227,227,227,227,227,255,255,278,58,80,80,5,31,31,105,105,120,139,151,165,165,165,65,65,65,81,81,31,51,83,83,83],"floor_reached":33,"playtime":2330,"items_purged":["Strike_R","Strike_R"],"score":542,"play_id":"7d0ce6ba-01c9-4fb8-a3bf-1a8040a61b88","local_time":"20190531151641","is_ascension_mode":true,"campfire_choices":[{"data":"Twin Strike","floor":6.0,"key":"SMITH"},{"data":"Bash","floor":8.0,"key":"SMITH"},{"data":"Disarm","floor":12.0,"key":"SMITH"},{"floor":15.0,"key":"REST"},{"floor":23.0,"key":"REST"},{"data":"Whirlwind","floor":25.0,"key":"SMITH"},{"floor":28.0,"key":"REST"},{"floor":32,"key":"REST"}],"neow_cost":"NONE","seed_source_timestamp":0,"circlet_count":0,"master_deck":["AscendersBane","Strike_R+1","Strike_R+1","Defend_R","Defend_R","Defend_R","Bash+1","Thunderclap","Twin Strike+1","Offering","Disarm+1","Evolve","Impervious","Reckless Charge","Headbutt","Anger+1","Whirlwind+1","Disarm+1","Brutality","Rage+1"],"special_seed":0,"relics":["Burning Blood","Self Forming Clay","Whetstone","Blood Vial","Odd Mushroom","Ornamental Fan","Empty Cage","Kunai","Pantograph"],"potions_floor_usage":[33,33],"damage_taken":[{"damage":6.0,"enemies":"Cultist","floor":1.0,"turns":3.0},{"damage":7.0,"enemies":"Jaw Worm","floor":2.0,"turns":5.0},{"damage":29.0,"enemies":"Gremlin Nob","floor":7.0,"turns":4.0},{"damage":13.0,"enemies":"The Mushroom Lair","floor":11.0,"turns":3.0},{"damage":16.0,"enemies":"3 Sentries","floor":14.0,"turns":5.0},{"damage":48.0,"enemies":"Slime Boss","floor":16.0,"turns":7.0},{"damage":21.0,"enemies":"Shell Parasite","floor":18.0,"turns":7.0},{"damage":17.0,"enemies":"3 Byrds","floor":19.0,"turns":7.0},{"damage":31.0,"enemies":"Cultist and Chosen","floor":20.0,"turns":7.0},{"damage":10.0,"enemies":"Shelled Parasite and Fungi","floor":21.0,"turns":5.0},{"damage":34.0,"enemies":"Chosen and Byrds","floor":27.0,"turns":7.0},{"damage":21.0,"enemies":"Snake Plant","floor":30.0,"turns":4.0},{"damage":24,"enemies":"Book of Stabbing","floor":31,"turns":6},{"damage":77,"enemies":"Champ","floor":33,"turns":12}],"seed_played":"-3500123645909261921","potions_obtained":[{"floor":1.0,"key":"Explosive Potion"},{"floor":7.0,"key":"FearPotion"},{"floor":14.0,"key":"LiquidBronze"},{"floor":16.0,"key":"Fire Potion"},{"floor":21.0,"key":"Explosive Potion"},{"floor":27.0,"key":"SpeedPotion"}],"is_trial":false,"path_per_floor":["M","M","?","?","?","R","E","R","T","$","?","R","$","E","R","B",null,"M","M","M","M","?","R","$","R","T","M","R","?","M","E","R","B"],"character_chosen":"IRONCLAD","items_purchased":["Offering","Disarm"],"campfire_rested":4,"item_purchase_floors":[10,10],"current_hp_per_floor":[68,67,72,72,61,61,38,38,38,38,33,33,33,25,49,9,62,49,40,17,15,15,39,39,39,39,13,37,37,24,8,32,0],"gold":83,"neow_bonus":"HUNDRED_GOLD","is_prod":false,"is_daily":false,"chose_seed":false,"campfire_upgraded":4,"win_rate":0,"timestamp":1559330201,"path_taken":["M","M","?","?","?","R","E","R","T","$","?","R","?","E","R","BOSS","M","?","M","M","?","R","$","R","T","?","R","?","M","E","R","BOSS"],"build_version":"2019-01-23","purchased_purges":2,"victory":false,"max_hp_per_floor":[75,75,80,80,80,80,80,80,80,80,80,80,80,80,80,80,80,80,80,80,80,80,80,80,80,80,80,80,80,80,80,80,80],"card_choices":[{"not_picked":["Body Slam","Warcry"],"picked":"Thunderclap","floor":1.0},{"not_picked":["Flex","Havoc"],"picked":"Twin Strike","floor":2.0},{"not_picked":["Blood for Blood","Entrench","Flex"],"picked":"SKIP","floor":7.0},{"not_picked":["Headbutt","Perfected Strike"],"picked":"Evolve","floor":14.0},{"not_picked":["Exhume","Bludgeon"],"picked":"Impervious","floor":16.0},{"not_picked":["Shrug It Off+1","Sentinel+1"],"picked":"Reckless Charge","floor":18.0},{"not_picked":["Entrench","Bloodletting"],"picked":"Headbutt","floor":19.0},{"not_picked":["True Grit","Inflame"],"picked":"Anger","floor":20.0},{"not_picked":["Thunderclap","Sentinel"],"picked":"Whirlwind","floor":21.0},{"not_picked":["Wild Strike","Cleave","Headbutt"],"picked":"SKIP","floor":27.0},{"not_picked":["Heavy Blade","Iron Wave"],"picked":"Brutality","floor":30.0},{"not_picked":["Combust","Corruption"],"picked":"Rage+1","floor":31}],"player_experience":1119668,"relics_obtained":[{"floor":7.0,"key":"Whetstone"},{"floor":9.0,"key":"Blood Vial"},{"floor":11.0,"key":"Odd Mushroom"},{"floor":14.0,"key":"Ornamental Fan"},{"floor":26.0,"key":"Kunai"},{"floor":31,"key":"Pantograph"}],"event_choices":[{"damage_healed":0.0,"max_hp_gain":5.0,"max_hp_loss":0.0,"gold_gain":0.0,"event_name":"Big Fish","player_choice":"Donut","floor":3.0,"gold_loss":0.0,"damage_taken":0.0},{"damage_healed":0.0,"max_hp_gain":0.0,"max_hp_loss":0.0,"gold_gain":0.0,"event_name":"Golden Idol","player_choice":"Ignored","floor":4.0,"gold_loss":0.0,"damage_taken":0.0},{"damage_healed":0.0,"max_hp_gain":0.0,"max_hp_loss":0.0,"gold_gain":0.0,"event_name":"Scrap Ooze","player_choice":"Success","floor":5.0,"gold_loss":0.0,"damage_taken":11.0,"relics_obtained":["Self Forming Clay"]},{"damage_healed":0.0,"max_hp_gain":0.0,"max_hp_loss":0.0,"gold_gain":0.0,"event_name":"Mushrooms","player_choice":"Fought Mushrooms","floor":11.0,"gold_loss":0.0,"damage_taken":0.0},{"damage_healed":0.0,"max_hp_gain":0.0,"max_hp_loss":0.0,"gold_gain":0.0,"event_name":"Duplicator","player_choice":"Copied","floor":22.0,"gold_loss":0.0,"damage_taken":0.0,"cards_obtained":["Disarm"]},{"damage_healed":0.0,"max_hp_gain":0.0,"max_hp_loss":0.0,"gold_gain":0.0,"event_name":"Designer","player_choice":"Upgrade","floor":29.0,"gold_loss":50.0,"damage_taken":0.0,"cards_upgraded":["Anger"]}],"is_beta":false,"boss_relics":[{"not_picked":["Busted Crown","Runic Dome"],"picked":"Empty Cage"}],"items_purged_floors":[13,24],"is_endless":false,"potions_floor_spawned":[1,7,14,16,20,21,27,31],"killed_by":"Champ","ascension_level":20}