{"gold_per_floor":[119,119,139,159,171,171,197,230,230,230,255,255,255,287,287,392,392,409,409,624,650,41,41,58,58,85,85,104,136,136,136,136,240,240,255,255,275,48,48,59,59,92,92,111,138,13,28,128,128,128],"floor_reached":51,"playtime":2235,"items_purged":["Writhe","Pain","Bite"],"score":964,"play_id":"308b6dcb-f307-4764-8455-4f1a5646f050","local_time":"20190825094209","is_ascension_mode":false,"campfire_choices":[{"data":"Streamline","floor":6.0,"key":"SMITH"},{"floor":10.0,"key":"REST"},{"data":"Electrodynamics","floor":12.0,"key":"SMITH"},{"data":"Biased Cognition","floor":15.0,"key":"SMITH"},{"floor":23.0,"key":"DIG"},{"floor":27.0,"key":"DIG"},{"floor":32.0,"key":"DIG"},{"floor":41,"key":"DIG"},{"floor":49,"key":"DIG"}],"neow_cost":"NONE","seed_source_timestamp":398973335388700,"circlet_count":0,"master_deck":["Defend_B+1","Defend_B+1","Defend_B+1","Defend_B+1","Zap+1","Dualcast+1","Consume","Compile Driver","Streamline+1","Ball Lightning","Biased Cognition+1","Electrodynamics+1","Go for the Eyes","Echo Form","Coolheaded+1","Conserve Battery+1","BootSequence+1","Fission+1","Bite","Bite","Bite","Bite","Compile Driver+1","Stack+1","Seek+1","Chaos+1","Chill+1","Capacitor+1","Panacea+1","Capacitor+1","Hologram+1","Compile Driver+1","Cold Snap+1"],"special_seed":0,"relics":["Cracked Core","Ancient Tea Set","Odd Mushroom","Question Card","Torii","Ice Cream","Shovel","Toxic Egg 2","Fusion Hammer","Emotion Chip","Old Coin","Red Mask","Turnip","Vajra","Anchor","Potion Belt","Letter Opener","Frozen Egg 2","Art of War","Black Star","WarpedTongs","Juzu Bracelet","War Paint","FossilizedHelix","Mango","Cables","Thread and Needle","Pocketwatch","Bag of Preparation"],"potions_floor_usage":[50,50,50,50,50],"damage_taken":[{"damage":0.0,"enemies":"Small Slimes","floor":1.0,"turns":3.0},{"damage":1.0,"enemies":"Cultist","floor":3.0,"turns":3.0},{"damage":1.0,"enemies":"2 Louse","floor":4.0,"turns":3.0},{"damage":9.0,"enemies":"Blue Slaver","floor":5.0,"turns":4.0},{"damage":23.0,"enemies":"The Mushroom Lair","floor":7.0,"turns":3.0},{"damage":16.0,"enemies":"Lagavulin","floor":8.0,"turns":5.0},{"damage":11.0,"enemies":"Gremlin Nob","floor":11.0,"turns":3.0},{"damage":2.0,"enemies":"3 Sentries","floor":14.0,"turns":3.0},{"damage":23.0,"enemies":"The Guardian","floor":16.0,"turns":7.0},{"damage":1.0,"enemies":"Chosen","floor":18.0,"turns":4.0},{"damage":0.0,"enemies":"Masked Bandits","floor":21.0,"turns":1.0},{"damage":0.0,"enemies":"2 Thieves","floor":24.0,"turns":2.0},{"damage":10.0,"enemies":"Centurion and Healer","floor":28.0,"turns":6.0},{"damage":8.0,"enemies":"Slavers","floor":29.0,"turns":4.0},{"damage":6.0,"enemies":"Automaton","floor":33.0,"turns":8.0},{"damage":0.0,"enemies":"3 Shapes","floor":35.0,"turns":1.0},{"damage":0.0,"enemies":"3 Darklings","floor":37.0,"turns":4.0},{"damage":0.0,"enemies":"Writhing Mass","floor":40.0,"turns":6.0},{"damage":0,"enemies":"Giant Head","floor":42,"turns":7},{"damage":0,"enemies":"Jaw Worm Horde","floor":44,"turns":2},{"damage":0,"enemies":"Nemesis","floor":45,"turns":5},{"damage":0,"enemies":"Transient","floor":47,"turns":5},{"damage":0,"enemies":"Mind Bloom Boss Battle","floor":48,"turns":3},{"damage":0,"enemies":"Time Eater","floor":50,"turns":12}],"seed_played":"7310115968316277871","potions_obtained":[{"floor":2.0,"key":"SmokeBomb"},{"floor":2.0,"key":"SneckoOil"},{"floor":2.0,"key":"Strength Potion"},{"floor":4.0,"key":"FocusPotion"},{"floor":8.0,"key":"SpeedPotion"},{"floor":18.0,"key":"Ancient Potion"},{"floor":28.0,"key":"Swift Potion"},{"floor":35.0,"key":"Block Potion"},{"floor":40.0,"key":"LiquidBronze"}],"is_trial":false,"path_per_floor":["M","?","M","M","M","R","?","E","T","R","E","R","T","E","R","B",null,"M","?","?","?","$","R","M","?","T","R","M","E","?","?","R","B",null,"M","?","M","$","?","M","R","E","T","M","E","$","M","?","R","B",null],"character_chosen":"DEFECT","items_purchased":["Turnip","BootSequence+1","Vajra","Capacitor+1","Panacea+1"],"campfire_rested":1,"item_purchase_floors":[22,22,22,38,38],"current_hp_per_floor":[75,75,74,73,64,64,41,25,25,47,36,36,36,34,34,11,75,74,74,74,74,74,74,74,52,52,52,52,50,50,50,50,52,52,52,52,52,52,52,52,52,52,66,66,66,66,66,66,66,66],"gold":128,"neow_bonus":"RANDOM_COMMON_RELIC","is_prod":false,"is_daily":false,"chose_seed":false,"campfire_upgraded":3,"win_rate":0,"timestamp":1566693729,"path_taken":["M","?","?","M","M","R","?","E","T","R","E","R","?","E","R","BOSS","M","?","?","?","$","R","M","?","T","R","M","E","?","?","R","BOSS","M","?","?","$","?","M","R","E","T","M","E","?","M","?","R","BOSS"],"build_version":"2019-07-17","purchased_purges":3,"victory":true,"max_hp_per_floor":[75,75,75,75,75,75,75,75,75,75,75,75,75,75,75,75,75,75,75,75,75,75,75,75,52,52,52,52,52,52,52,52,52,52,52,52,52,52,52,52,52,52,66,66,66,66,66,66,66,66],"card_choices":[{"not_picked":["Stack","Self Repair"],"picked":"Sweeping Beam","floor":1.0},{"not_picked":["Go for the Eyes","Conserve Battery"],"picked":"Consume","floor":3.0},{"not_picked":["Barrage","Stack"],"picked":"Compile Driver","floor":4.0},{"not_picked":["Steam","Sweeping Beam"],"picked":"Streamline","floor":5.0},{"not_picked":["Heatsinks","Aggregate"],"picked":"Ball Lightning","floor":7.0},{"not_picked":["Leap","Go for the Eyes"],"picked":"Biased Cognition","floor":8.0},{"not_picked":["Reprogram","Beam Cell","Lockon"],"picked":"Electrodynamics","floor":11.0},{"not_picked":["Barrage","Gash","Storm"],"picked":"Go for the Eyes","floor":14.0},{"not_picked":["Multi-Cast+1","Reboot+1","Fission+1"],"picked":"Echo Form","floor":16.0},{"not_picked":["Turbo+1","Stack+1","Double Energy+1"],"picked":"Coolheaded+1","floor":18.0},{"not_picked":["Redo+1","Reprogram+1","Defragment"],"picked":"Conserve Battery+1","floor":21.0},{"not_picked":["Steam+1","Hologram+1","Gash+1"],"picked":"Fission+1","floor":24.0},{"not_picked":["Heatsinks","Turbo+1","Steam+1"],"picked":"Compile Driver+1","floor":28.0},{"not_picked":["Sweeping Beam+1","Leap+1","Doom and Gloom"],"picked":"Stack+1","floor":29.0},{"not_picked":["Fission+1","Meteor Strike","Hyperbeam"],"picked":"Seek+1","floor":33.0},{"not_picked":["Go for the Eyes+1","Streamline+1","Melter"],"picked":"Chaos+1","floor":35.0},{"not_picked":["Sweeping Beam+1","Rebound+1","Darkness+1"],"picked":"Chill+1","floor":37.0},{"not_picked":["Genetic Algorithm+1","Skim+1","Lockon+1"],"picked":"Capacitor+1","floor":40.0},{"not_picked":["Double Energy+1","Streamline","Leap+1"],"picked":"Hologram+1","floor":42},{"not_picked":["Lockon","Rebound+1","Beam Cell+1"],"picked":"Compile Driver+1","floor":44},{"not_picked":["Static Discharge+1","Barrage","Gash+1","Leap+1"],"picked":"SKIP","floor":45},{"not_picked":["Rip and Tear","Scrape+1","Genetic Algorithm+1"],"picked":"Cold Snap+1","floor":47}],"player_experience":208486,"relics_obtained":[{"floor":7.0,"key":"Odd Mushroom"},{"floor":8.0,"key":"Question Card"},{"floor":9.0,"key":"Torii"},{"floor":11.0,"key":"Ice Cream"},{"floor":13.0,"key":"Shovel"},{"floor":14.0,"key":"Toxic Egg 2"},{"floor":21.0,"key":"Red Mask"},{"floor":23.0,"key":"Anchor"},{"floor":26.0,"key":"Potion Belt"},{"floor":27.0,"key":"Letter Opener"},{"floor":29.0,"key":"Frozen Egg 2"},{"floor":32.0,"key":"Art of War"},{"floor":41,"key":"Juzu Bracelet"},{"floor":42,"key":"War Paint"},{"floor":42,"key":"FossilizedHelix"},{"floor":43,"key":"Mango"},{"floor":45,"key":"Cables"},{"floor":45,"key":"Thread and Needle"},{"floor":48,"key":"Pocketwatch"},{"floor":49,"key":"Bag of Preparation"}],"event_choices":[{"damage_healed":0.0,"max_hp_gain":0.0,"max_hp_loss":0.0,"gold_gain":0.0,"event_name":"Lab","player_choice":"Got Potions","floor":2.0,"gold_loss":0.0,"damage_taken":0.0},{"damage_healed":0.0,"max_hp_gain":0.0,"max_hp_loss":0.0,"gold_gain":0.0,"event_name":"Mushrooms","player_choice":"Fought Mushrooms","floor":7.0,"gold_loss":0.0,"damage_taken":0.0},{"damage_healed":0.0,"max_hp_gain":0.0,"max_hp_loss":0.0,"gold_gain":0.0,"event_name":"The Mausoleum","player_choice":"Opened","floor":19.0,"gold_loss":0.0,"damage_taken":0.0,"relics_obtained":["Emotion Chip"],"cards_obtained":["Writhe"]},{"damage_healed":0.0,"max_hp_gain":0.0,"max_hp_loss":0.0,"gold_gain":0.0,"event_name":"Addict","player_choice":"Obtained Relic","floor":20.0,"gold_loss":85.0,"damage_taken":0.0,"relics_obtained":["Old Coin"]},{"damage_healed":0.0,"max_hp_gain":0.0,"max_hp_loss":0.0,"gold_gain":0.0,"event_name":"Masked Bandits","player_choice":"Fought Bandits","floor":21.0,"gold_loss":0.0,"damage_taken":0.0},{"damage_healed":0.0,"max_hp_gain":0.0,"max_hp_loss":23.0,"gold_gain":0.0,"event_name":"Vampires","player_choice":"Became a vampire","floor":25.0,"gold_loss":0.0,"damage_taken":0.0,"cards_obtained":["Bite","Bite","Bite","Bite","Bite"]},{"damage_healed":0.0,"max_hp_gain":0.0,"max_hp_loss":0.0,"gold_gain":0.0,"event_name":"Back to Basics","player_choice":"Simplicity","floor":30.0,"gold_loss":0.0,"damage_taken":0.0,"cards_upgraded":["Defend_B","Defend_B","Defend_B","Defend_B"]},{"damage_healed":0.0,"max_hp_gain":0.0,"max_hp_loss":0.0,"gold_gain":0.0,"event_name":"Ghosts","player_choice":"Ignored","floor":31.0,"gold_loss":0.0,"damage_taken":0.0},{"damage_healed":0.0,"max_hp_gain":0.0,"max_hp_loss":0.0,"gold_gain":0.0,"event_name":"Accursed Blacksmith","player_choice":"Rummage","floor":36.0,"gold_loss":0.0,"damage_taken":0.0,"relics_obtained":["WarpedTongs"],"cards_obtained":["Pain"]},{"cards_removed":["Sweeping Beam"],"damage_healed":5.0,"max_hp_gain":0.0,"max_hp_loss":0.0,"gold_gain":0.0,"event_name":"Bonfire Elementals","player_choice":"Offered Common","floor":39.0,"gold_loss":0.0,"damage_taken":0.0},{"cards_removed":["Sweeping Beam"],"damage_healed":5.0,"max_hp_gain":0.0,"max_hp_loss":0.0,"gold_gain":0.0,"event_name":"Bonfire Elementals","player_choice":"Offered Special","floor":39.0,"gold_loss":0.0,"damage_taken":0.0},{"damage_healed":0,"gold_gain":0,"player_choice":"Fight","damage_taken":0,"max_hp_gain":0,"max_hp_loss":0,"event_name":"MindBloom","floor":48,"gold_loss":0}],"is_beta":false,"boss_relics":[{"not_picked":["Coffee Dripper","Eternal Feather"],"picked":"Fusion Hammer"},{"not_picked":["Calling Bell","Lizard Tail"],"picked":"Black Star"}],"items_purged_floors":[22,38,46],"is_endless":false,"potions_floor_spawned":[4,8,18,24,28,35,40,44,45],"ascension_level":0}