{"gold_per_floor":[110,185,202,219,237,237,271,271,271,303,366,23,23,43,43,139,139,153,153,167,167,167,167,14,14,14,45,63,73,87,119,119,214,214,224,224,270,288,288,288,318,318,345,358,376,386,62,62,62,62],"floor_reached":51,"playtime":3556,"items_purged":["Cleave","Bludgeon"],"score":725,"play_id":"0fe795ad-3555-492f-a57d-85d41e76a1fb","local_time":"20190812215756","is_ascension_mode":false,"campfire_choices":[{"data":"Uppercut","floor":6.0,"key":"SMITH"},{"data":"Bash","floor":8.0,"key":"SMITH"},{"data":"Strike_R","floor":15.0,"key":"PURGE"},{"data":"Spot Weakness","floor":23.0,"key":"SMITH"},{"data":"Inflame","floor":25.0,"key":"SMITH"},{"data":"Metallicize","floor":32.0,"key":"SMITH"},{"data":"Double Tap","floor":40.0,"key":"SMITH"},{"data":"Sword Boomerang","floor":42,"key":"SMITH"},{"data":"Pommel Strike","floor":49,"key":"PURGE"}],"neow_cost":"PERCENT_DAMAGE","seed_source_timestamp":1870554099575100,"circlet_count":0,"master_deck":["Defend_R+1","Defend_R+1","Defend_R+1","Defend_R+1","Bash+1","Thunderclap","Dropkick","Dropkick","Flame Barrier","Metallicize+1","Reaper","Disarm+1","Warcry","Spot Weakness+1","Inflame+1","Reaper","Armaments+1","Disarm+1","Disarm","Battle Trance","Double Tap+1","Sword Boomerang+1","Dark Shackles","Madness","Rage+1","Thunderclap","Headbutt","Shrug It Off+1","Dual Wield","Shrug It Off"],"special_seed":0,"relics":["Burning Blood","Boot","PreservedInsect","Blue Candle","Prayer Wheel","Peace Pipe","Empty Cage","Potion Belt","Bottled Tornado","Regal Pillow","Orichalcum","Busted Crown","Bird Faced Urn","Thread and Needle","Happy Flower","Oddly Smooth Stone"],"potions_floor_usage":[50,50,50,50,50,50,50,50,50],"damage_taken":[{"damage":9.0,"enemies":"Small Slimes","floor":1.0,"turns":7.0},{"damage":6.0,"enemies":"Jaw Worm","floor":3.0,"turns":4.0},{"damage":0.0,"enemies":"Cultist","floor":4.0,"turns":4.0},{"damage":4.0,"enemies":"Looter","floor":5.0,"turns":4.0},{"damage":18.0,"enemies":"3 Sentries","floor":7.0,"turns":7.0},{"damage":0.0,"enemies":"Gremlin Nob","floor":10.0,"turns":3.0},{"damage":4.0,"enemies":"3 Sentries","floor":11.0,"turns":5.0},{"damage":1.0,"enemies":"Large Slime","floor":14.0,"turns":4.0},{"damage":36.0,"enemies":"Hexaghost","floor":16.0,"turns":9.0},{"damage":0.0,"enemies":"Shell Parasite","floor":18.0,"turns":7.0},{"damage":0.0,"enemies":"3 Byrds","floor":20.0,"turns":5.0},{"damage":23.0,"enemies":"Gremlin Leader","floor":27.0,"turns":9.0},{"damage":6.0,"enemies":"Snake Plant","floor":28.0,"turns":8.0},{"damage":16.0,"enemies":"Centurion and Healer","floor":29.0,"turns":7.0},{"damage":58.0,"enemies":"3 Cultists","floor":30.0,"turns":9.0},{"damage":50.0,"enemies":"Slavers","floor":31.0,"turns":8.0},{"damage":73.0,"enemies":"Collector","floor":33.0,"turns":13.0},{"damage":1.0,"enemies":"3 Shapes","floor":35.0,"turns":15.0},{"damage":64.0,"enemies":"2 Orb Walkers","floor":37.0,"turns":6.0},{"damage":3.0,"enemies":"Orb Walker","floor":38.0,"turns":4.0},{"damage":18,"enemies":"Giant Head","floor":41,"turns":7},{"damage":18,"enemies":"3 Darklings","floor":44,"turns":12},{"damage":3,"enemies":"Spire Growth","floor":45,"turns":5},{"damage":14,"enemies":"Transient","floor":46,"turns":5},{"damage":4,"enemies":"Awakened One","floor":50,"turns":11}],"seed_played":"6873542179503962140","potions_obtained":[{"floor":4.0,"key":"Strength Potion"},{"floor":5.0,"key":"EssenceOfSteel"},{"floor":10.0,"key":"Explosive Potion"},{"floor":14.0,"key":"Energy Potion"},{"floor":16.0,"key":"Fire Potion"},{"floor":27.0,"key":"Swift Potion"},{"floor":28.0,"key":"Fruit Juice"},{"floor":33.0,"key":"EssenceOfSteel"},{"floor":35.0,"key":"SteroidPotion"},{"floor":41,"key":"Poison Potion"},{"floor":46,"key":"SteroidPotion"}],"is_trial":false,"path_per_floor":["M","?","M","M","M","R","E","R","T","E","?","$","?","M","R","B",null,"M","?","M","T","?","R","$","R","T","E","M","M","M","E","R","B",null,"M","?","?","M","?","R","E","R","T","M","M","M","$","T","R","B",null],"character_chosen":"IRONCLAD","items_purchased":["Peace Pipe","Flame Barrier","Inflame","Dual Wield","EntropicBrew","Shrug It Off"],"campfire_rested":0,"item_purchase_floors":[12,12,24,47,47,47],"current_hp_per_floor":[53,42,42,48,50,50,38,38,38,44,46,46,51,56,56,26,85,85,85,85,85,85,85,85,85,85,68,89,90,75,75,75,58,90,90,90,32,59,49,49,73,73,73,90,90,90,90,90,90,90],"gold":62,"neow_bonus":"REMOVE_TWO","is_prod":false,"is_daily":false,"chose_seed":false,"campfire_upgraded":7,"win_rate":0,"timestamp":1565614676,"path_taken":["M","?","M","M","M","R","E","R","T","E","?","$","?","M","R","BOSS","M","?","M","?","?","R","$","R","T","E","?","M","M","E","R","BOSS","M","?","?","M","?","R","E","R","T","M","M","M","$","?","R","BOSS"],"build_version":"2019-07-17","purchased_purges":2,"victory":true,"max_hp_per_floor":[80,80,80,80,80,80,80,80,80,80,80,80,85,85,85,85,85,85,85,85,85,85,85,85,85,85,85,90,90,90,90,90,90,90,90,90,90,90,90,90,90,90,90,90,90,90,90,90,90,90],"card_choices":[{"not_picked":["Body Slam","Shockwave"],"picked":"Uppercut","floor":1.0},{"not_picked":["True Grit","Cleave"],"picked":"Thunderclap","floor":3.0},{"not_picked":["Perfected Strike","Bloodletting"],"picked":"Pommel Strike","floor":4.0},{"not_picked":["Armaments","True Grit"],"picked":"Dropkick","floor":5.0},{"not_picked":["Clothesline","Second Wind"],"picked":"Cleave","floor":7.0},{"not_picked":["Havoc","Sentinel"],"picked":"Dropkick","floor":10.0},{"not_picked":["Warcry","Sword Boomerang"],"picked":"Metallicize","floor":14.0},{"not_picked":["Shrug It Off","Pommel Strike"],"picked":"Bludgeon","floor":14.0},{"not_picked":["Limit Break","Brutality"],"picked":"Reaper","floor":16.0},{"not_picked":["Flex+1","Pommel Strike"],"picked":"Disarm+1","floor":18.0},{"not_picked":["Sword Boomerang+1","Cleave"],"picked":"Warcry","floor":18.0},{"not_picked":["Flex","Wild Strike+1"],"picked":"Spot Weakness","floor":20.0},{"not_picked":["Infernal Blade+1","Anger","Barricade"],"picked":"SKIP","floor":20.0},{"not_picked":["Seeing Red","Body Slam"],"picked":"Reaper","floor":27.0},{"not_picked":["Pummel","Cleave"],"picked":"Armaments+1","floor":28.0},{"not_picked":["Thunderclap","Cleave","Shockwave"],"picked":"SKIP","floor":28.0},{"not_picked":["Metallicize","Pommel Strike"],"picked":"Disarm+1","floor":29.0},{"not_picked":["Wild Strike","Thunderclap","Sword Boomerang"],"picked":"SKIP","floor":29.0},{"not_picked":["Rampage+1","Armaments"],"picked":"Disarm","floor":30.0},{"not_picked":["Sever Soul","Dark Embrace"],"picked":"Battle Trance","floor":30.0},{"not_picked":["Cleave","Corruption","Whirlwind+1"],"picked":"SKIP","floor":31.0},{"not_picked":["Impervious","Dark Embrace"],"picked":"Double Tap","floor":33.0},{"not_picked":[],"picked":"Sword Boomerang","floor":35.0},{"not_picked":["Body Slam+1"],"picked":"SKIP","floor":35.0},{"not_picked":["Pommel Strike"],"picked":"SKIP","floor":38.0},{"not_picked":["Iron Wave+1"],"picked":"SKIP","floor":38.0},{"not_picked":[],"picked":"Dark Shackles","floor":39.0},{"not_picked":[],"picked":"Madness","floor":39.0},{"not_picked":["Sword Boomerang"],"picked":"SKIP","floor":41},{"not_picked":["Clash+1"],"picked":"SKIP","floor":44},{"not_picked":["Clash"],"picked":"SKIP","floor":44},{"not_picked":[],"picked":"Rage+1","floor":45},{"not_picked":[],"picked":"Thunderclap","floor":45},{"not_picked":[],"picked":"Headbutt","floor":46},{"not_picked":[],"picked":"Shrug It Off+1","floor":46}],"player_experience":152851,"relics_obtained":[{"floor":7.0,"key":"Boot"},{"floor":9.0,"key":"PreservedInsect"},{"floor":10.0,"key":"Blue Candle"},{"floor":21.0,"key":"Potion Belt"},{"floor":26.0,"key":"Bottled Tornado"},{"floor":27.0,"key":"Regal Pillow"},{"floor":31.0,"key":"Orichalcum"},{"floor":37.0,"key":"Bird Faced Urn"},{"floor":41,"key":"Thread and Needle"},{"floor":43,"key":"Happy Flower"},{"floor":48,"key":"Oddly Smooth Stone"}],"event_choices":[{"damage_healed":0.0,"max_hp_gain":0.0,"max_hp_loss":0.0,"gold_gain":75.0,"event_name":"World of Goop","player_choice":"Gather Gold","floor":2.0,"gold_loss":0.0,"damage_taken":11.0},{"damage_healed":0.0,"max_hp_gain":0.0,"max_hp_loss":0.0,"gold_gain":0.0,"event_name":"Dead Adventurer","player_choice":"Searched \u00272\u0027 times","floor":11.0,"gold_loss":0.0,"damage_taken":0.0,"relics_obtained":["Prayer Wheel"]},{"damage_healed":0.0,"max_hp_gain":5.0,"max_hp_loss":0.0,"gold_gain":0.0,"event_name":"Big Fish","player_choice":"Donut","floor":13.0,"gold_loss":0.0,"damage_taken":0.0},{"damage_healed":0.0,"max_hp_gain":0.0,"max_hp_loss":0.0,"gold_gain":0.0,"event_name":"Back to Basics","player_choice":"Simplicity","floor":19.0,"gold_loss":0.0,"damage_taken":0.0,"cards_upgraded":["Defend_R","Defend_R","Defend_R","Defend_R"]},{"damage_healed":0.0,"max_hp_gain":0.0,"max_hp_loss":0.0,"gold_gain":0.0,"event_name":"The Woman in Blue","player_choice":"Bought 0 Potions","floor":22.0,"gold_loss":0.0,"damage_taken":0.0},{"cards_removed":["Uppercut"],"damage_healed":0.0,"max_hp_gain":0.0,"max_hp_loss":0.0,"gold_gain":0.0,"event_name":"Falling","player_choice":"Removed Attack","floor":36.0,"gold_loss":0.0,"damage_taken":0.0},{"damage_healed":0.0,"max_hp_gain":0.0,"max_hp_loss":0.0,"gold_gain":0.0,"event_name":"Mysterious Sphere","player_choice":"Fight","floor":37.0,"gold_loss":0.0,"damage_taken":0.0},{"damage_healed":0.0,"max_hp_gain":0.0,"max_hp_loss":0.0,"gold_gain":0.0,"event_name":"SensoryStone","player_choice":"Memory 3","floor":39.0,"gold_loss":0.0,"damage_taken":10.0}],"is_beta":false,"boss_relics":[{"not_picked":["Black Star","Philosopher\u0027s Stone"],"picked":"Empty Cage"},{"not_picked":["Black Blood","Runic Pyramid"],"picked":"Busted Crown"}],"items_purged_floors":[24,47],"is_endless":false,"potions_floor_spawned":[4,5,10,14,16,27,28,33,35,41,46],"ascension_level":0}