{"gold_per_floor":[110,110,121,121,137,137,168,232,232,265,285,285,295,307,307,407,407,418,150,150,150,169,169,186,197,244,244,290,316,344,371,371,468,468,478,753,769,783,91,104,132,142,142,152,180,191,191,191,191,191],"floor_reached":51,"playtime":3169,"items_purged":["Regret"],"score":854,"play_id":"2cd4622a-21c5-485a-b06d-2a1297cfe1d5","local_time":"20190828202823","is_ascension_mode":false,"campfire_choices":[{"data":"Bludgeon","floor":6,"key":"SMITH"},{"data":"Whirlwind","floor":12,"key":"SMITH"},{"data":"Combust","floor":15,"key":"SMITH"},{"data":"Battle Trance","floor":23,"key":"SMITH"},{"data":"Flame Barrier","floor":27,"key":"SMITH"},{"data":"Shrug It Off","floor":32,"key":"SMITH"},{"data":"1","floor":47,"key":"LIFT"},{"data":"2","floor":49,"key":"LIFT"}],"neow_cost":"NONE","seed_source_timestamp":694984248853500,"circlet_count":0,"master_deck":["Strike_R","Strike_R","Strike_R","Defend_R","Defend_R+1","Defend_R+1","Defend_R+1","Bash+1","Whirlwind+1","Clothesline","Combust+1","Bludgeon+1","Twin Strike","Warcry","Shrug It Off+1","Offering","Shrug It Off","Fiend Fire+1","Thunderclap+1","Flame Barrier+1","Clash+1","Battle Trance+1","Warcry","Flex","Flex+1","Demon Form","Feel No Pain+1","Feel No Pain+1","Corruption+1","Apotheosis","Shrug It Off","Sentinel","Flame Barrier+1","Barricade","True Grit+1","Pommel Strike+1","Rage","Reaper+1"],"relics":["Burning Blood","Letter Opener","Kunai","Ornamental Fan","Molten Egg 2","Coffee Dripper","Blood Vial","Bag of Preparation","War Paint","WingedGreaves","Centennial Puzzle","Vajra","Snecko Eye","OrangePellets","Shovel","Shuriken","Girya","Gambling Chip"],"potions_floor_usage":[30,33,38,38,40,50,50,50],"damage_taken":[{"damage":2,"enemies":"2 Louse","floor":1,"turns":2},{"damage":4,"enemies":"Jaw Worm","floor":3,"turns":4},{"damage":0,"enemies":"Cultist","floor":5,"turns":2},{"damage":0,"enemies":"Gremlin Nob","floor":7,"turns":2},{"damage":6,"enemies":"Gremlin Nob","floor":8,"turns":3},{"damage":16,"enemies":"3 Sentries","floor":10,"turns":6},{"damage":0,"enemies":"3 Louse","floor":11,"turns":1},{"damage":6,"enemies":"Looter","floor":13,"turns":2},{"damage":13,"enemies":"Blue Slaver","floor":14,"turns":2},{"damage":28,"enemies":"The Guardian","floor":16,"turns":10},{"damage":10,"enemies":"Chosen","floor":18,"turns":3},{"damage":0,"enemies":"Spheric Guardian","floor":22,"turns":1},{"damage":7,"enemies":"Snake Plant","floor":24,"turns":3},{"damage":3,"enemies":"Cultist and Chosen","floor":25,"turns":4},{"damage":23,"enemies":"Book of Stabbing","floor":29,"turns":4},{"damage":27,"enemies":"Slavers","floor":30,"turns":2},{"damage":18,"enemies":"Book of Stabbing","floor":31,"turns":3},{"damage":16,"enemies":"Automaton","floor":33,"turns":6},{"damage":6,"enemies":"Orb Walker","floor":35,"turns":2},{"damage":0,"enemies":"3 Darklings","floor":37,"turns":3},{"damage":3,"enemies":"Transient","floor":38,"turns":5},{"damage":6,"enemies":"Jaw Worm Horde","floor":40,"turns":3},{"damage":6,"enemies":"Nemesis","floor":41,"turns":3},{"damage":0,"enemies":"Sphere and 2 Shapes","floor":42,"turns":4},{"damage":0,"enemies":"Spire Growth","floor":44,"turns":3},{"damage":30,"enemies":"Reptomancer","floor":45,"turns":5},{"damage":7,"enemies":"Transient","floor":46,"turns":5},{"damage":11,"enemies":"Time Eater","floor":50,"turns":7}],"seed_played":"-1075237352267043092","potions_obtained":[{"floor":3,"key":"Dexterity Potion"},{"floor":10,"key":"LiquidBronze"},{"floor":13,"key":"Swift Potion"},{"floor":16,"key":"Energy Potion"},{"floor":30,"key":"Swift Potion"},{"floor":37,"key":"SkillPotion"},{"floor":45,"key":"SteroidPotion"},{"floor":46,"key":"Block Potion"}],"is_trial":false,"path_per_floor":["M","?","M","?","M","R","E","?","T","E","M","R","M","M","R","B",null,"M","$","?","?","M","R","M","M","T","R","T","E","E","E","R","B",null,"M","?","M","M","$","M","E","M","T","M","E","M","R","T","R","B",null],"character_chosen":"IRONCLAD","items_purchased":["Flame Barrier","Blood Vial","Clash+1","OrangePellets","Apotheosis","Shrug It Off","Sentinel","Fruit Juice"],"campfire_rested":0,"item_purchase_floors":[19,19,19,39,39,39,39,39],"current_hp_per_floor":[80,64,66,66,72,72,78,78,78,68,74,74,74,67,67,45,80,76,76,76,76,80,80,79,80,80,80,80,63,44,34,34,26,80,80,80,80,80,80,85,85,85,85,85,61,62,62,62,62,59],"gold":191,"neow_bonus":"THREE_CARDS","is_prod":false,"is_daily":false,"chose_seed":false,"campfire_upgraded":6,"win_rate":0,"timestamp":1566991703,"path_taken":["M","?","M","?","?","R","E","?","T","E","M","R","M","M","R","BOSS","M","$","?","?","?","R","M","M","T","R","?","E","E","E","R","BOSS","M","?","M","?","$","?","E","M","T","M","E","M","R","?","R","BOSS"],"build_version":"2019-07-17","purchased_purges":1,"victory":true,"max_hp_per_floor":[80,80,80,80,80,80,80,80,80,80,80,80,80,80,80,80,80,80,80,80,80,80,80,80,80,80,80,80,80,80,80,80,80,80,80,80,80,80,80,85,85,85,85,85,85,85,85,85,85,85],"card_choices":[{"not_picked":["Thunderclap","Combust"],"picked":"Whirlwind","floor":0},{"not_picked":["Anger","Carnage"],"picked":"Clothesline","floor":1},{"not_picked":["Clothesline","Perfected Strike"],"picked":"Combust","floor":3},{"not_picked":["Reckless Charge","Searing Blow"],"picked":"Twin Strike","floor":5},{"not_picked":["Headbutt","Second Wind"],"picked":"Warcry","floor":7},{"not_picked":["Anger","Flex"],"picked":"Shrug It Off","floor":10},{"not_picked":["Perfected Strike+1","Cleave+1"],"picked":"Offering","floor":11},{"not_picked":["Armaments","Anger+1"],"picked":"Shrug It Off","floor":13},{"not_picked":["Reckless Charge+1","Wild Strike+1","Rampage+1"],"picked":"SKIP","floor":14},{"not_picked":["Juggernaut","Brutality"],"picked":"Fiend Fire+1","floor":16},{"not_picked":["Evolve","Heavy Blade+1"],"picked":"Thunderclap+1","floor":18},{"not_picked":["Burning Pact","Shockwave"],"picked":"Warcry","floor":22},{"not_picked":["Warcry","Bloodletting","Power Through"],"picked":"SKIP","floor":24},{"not_picked":["Rage","Anger+1","Second Wind"],"picked":"SKIP","floor":25},{"not_picked":["True Grit+1","Uppercut+1"],"picked":"Flex","floor":29},{"not_picked":["Dropkick+1","Headbutt+1"],"picked":"Flex+1","floor":30},{"not_picked":["Clothesline+1","Iron Wave+1","Warcry"],"picked":"SKIP","floor":31},{"not_picked":["Juggernaut","Impervious"],"picked":"Demon Form","floor":33},{"not_picked":["Cleave+1","Clash+1"],"picked":"Feel No Pain+1","floor":35},{"not_picked":["Searing Blow+1","Iron Wave+1"],"picked":"Feel No Pain+1","floor":37},{"not_picked":["Body Slam+1","Shockwave+1"],"picked":"Corruption+1","floor":38},{"not_picked":["Bloodletting+1","True Grit"],"picked":"Flame Barrier+1","floor":40},{"not_picked":["Rampage+1","Headbutt+1"],"picked":"Barricade","floor":41},{"not_picked":["Perfected Strike+1","Pommel Strike+1"],"picked":"True Grit+1","floor":42},{"not_picked":["Wild Strike+1","Whirlwind+1"],"picked":"Pommel Strike+1","floor":44},{"not_picked":["Rampage+1","Cleave+1"],"picked":"Rage","floor":45},{"not_picked":["Clash+1","Shrug It Off"],"picked":"Reaper+1","floor":46}],"player_experience":251510,"relics_obtained":[{"floor":7,"key":"Letter Opener"},{"floor":9,"key":"Ornamental Fan"},{"floor":10,"key":"Molten Egg 2"},{"floor":26,"key":"Bag of Preparation"},{"floor":28,"key":"War Paint"},{"floor":29,"key":"WingedGreaves"},{"floor":30,"key":"Centennial Puzzle"},{"floor":31,"key":"Vajra"},{"floor":41,"key":"Shovel"},{"floor":43,"key":"Shuriken"},{"floor":45,"key":"Girya"},{"floor":48,"key":"Gambling Chip"}],"event_choices":[{"damage_healed":0,"gold_gain":0,"player_choice":"Entered Light","damage_taken":16,"max_hp_gain":0,"max_hp_loss":0,"event_name":"Shining Light","floor":2,"gold_loss":0,"cards_upgraded":["Defend_R","Bash"]},{"damage_healed":0,"gold_gain":0,"cards_transformed":["Strike_R"],"player_choice":"Transformed","damage_taken":0,"max_hp_gain":0,"max_hp_loss":0,"event_name":"Transmorgrifier","floor":4,"gold_loss":0,"cards_obtained":["Bludgeon"]},{"damage_healed":0,"gold_gain":0,"player_choice":"Searched \u00272\u0027 times","damage_taken":0,"relics_obtained":["Kunai"],"max_hp_gain":0,"max_hp_loss":0,"event_name":"Dead Adventurer","floor":8,"gold_loss":0},{"damage_healed":0,"gold_gain":0,"player_choice":"Read","damage_taken":0,"max_hp_gain":0,"max_hp_loss":0,"event_name":"The Library","floor":20,"gold_loss":0,"cards_obtained":["Battle Trance"]},{"cards_removed":["Strike_R"],"damage_healed":0,"gold_gain":0,"player_choice":"Offered Basic","damage_taken":0,"max_hp_gain":0,"max_hp_loss":0,"event_name":"Bonfire Elementals","floor":21,"gold_loss":0},{"damage_healed":0,"gold_gain":275,"player_choice":"Desecrate","damage_taken":0,"max_hp_gain":0,"max_hp_loss":0,"event_name":"Golden Shrine","floor":36,"gold_loss":0,"cards_obtained":["Regret"]}],"is_beta":false,"boss_relics":[{"not_picked":["Philosopher\u0027s Stone","Runic Dome"],"picked":"Coffee Dripper"},{"not_picked":["Velvet Choker","Sozu"],"picked":"Snecko Eye"}],"items_purged_floors":[39],"is_endless":false,"potions_floor_spawned":[3,10,13,14,16,22,24,30,31,37,45,46],"ascension_level":0}