{"gold_per_floor":[117,132,132,149,166,166,226,260,287,303,303,303,328,38,38,136,136,159,0,14,14],"floor_reached":21,"playtime":1009,"items_purged":["Strike_R"],"score":462,"play_id":"b7eea28c-996b-44b3-a383-2b251433131b","local_time":"20190724184806","is_ascension_mode":true,"campfire_choices":[{"data":"Armaments","floor":6.0,"key":"SMITH"},{"data":"Combust","floor":12.0,"key":"SMITH"},{"data":"Inflame","floor":15.0,"key":"SMITH"}],"neow_cost":"PERCENT_DAMAGE","seed_source_timestamp":871069309739300,"circlet_count":0,"master_deck":["AscendersBane","Strike_R","Strike_R","Strike_R","Strike_R","Defend_R","Defend_R","Defend_R","Defend_R","Bash+1","Dropkick+1","Burning Pact","Feed","Havoc","Armaments+1","Combust+1","Inflame+1","Exhume","Finesse","PanicButton"],"special_seed":0,"relics":["Burning Blood","Dead Branch","Whetstone","Bronze Scales","Golden Idol","PrismaticShard","Philosopher\u0027s Stone"],"potions_floor_usage":[],"damage_taken":[{"damage":6.0,"enemies":"Cultist","floor":1.0,"turns":4.0},{"damage":9.0,"enemies":"Jaw Worm","floor":2.0,"turns":4.0},{"damage":13.0,"enemies":"Small Slimes","floor":4.0,"turns":6.0},{"damage":17.0,"enemies":"Blue Slaver","floor":5.0,"turns":6.0},{"damage":26.0,"enemies":"3 Sentries","floor":7.0,"turns":14.0},{"damage":13.0,"enemies":"3 Sentries","floor":8.0,"turns":3.0},{"damage":16.0,"enemies":"3 Louse","floor":10.0,"turns":3.0},{"damage":15.0,"enemies":"2 Fungi Beasts","floor":13.0,"turns":4.0},{"damage":9.0,"enemies":"Slime Boss","floor":16.0,"turns":4.0},{"damage":35.0,"enemies":"3 Byrds","floor":18.0,"turns":3.0},{"damage":3,"enemies":"Chosen","floor":20,"turns":4},{"damage":40,"enemies":"Shelled Parasite and Fungi","floor":21,"turns":2}],"seed_played":"-8618390184081615641","potions_obtained":[{"floor":1.0,"key":"Regen Potion"},{"floor":4.0,"key":"Swift Potion"},{"floor":7.0,"key":"Explosive Potion"},{"floor":8.0,"key":"Fire Potion"},{"floor":13.0,"key":"SteroidPotion"}],"is_trial":false,"path_per_floor":["M","M","?","M","M","R","?","E","T","M","?","R","M","$","R","B",null,"M","?","M","M"],"character_chosen":"IRONCLAD","items_purchased":["PrismaticShard"],"campfire_rested":0,"item_purchase_floors":[14],"current_hp_per_floor":[50,47,47,43,50,50,34,27,27,20,20,20,11,11,11,8,62,36,36,39,0],"gold":14,"neow_bonus":"ONE_RARE_RELIC","is_prod":false,"is_daily":false,"chose_seed":false,"campfire_upgraded":3,"win_rate":0,"timestamp":1564008486,"path_taken":["M","?","?","?","M","R","?","E","T","M","?","R","M","$","R","BOSS","M","?","M","M"],"build_version":"2019-07-17","purchased_purges":1,"victory":false,"max_hp_per_floor":[75,75,75,78,81,81,85,85,85,88,80,80,80,80,80,80,80,83,83,83,83],"card_choices":[{"not_picked":["Bloodletting","Clash"],"picked":"Dropkick","floor":1.0},{"not_picked":["Fire Breathing","Body Slam"],"picked":"Burning Pact","floor":2.0},{"not_picked":["Heavy Blade","Blood for Blood"],"picked":"Havoc","floor":4.0},{"not_picked":["Searing Blow","True Grit"],"picked":"Armaments","floor":5.0},{"not_picked":["Carnage","Warcry"],"picked":"Combust","floor":7.0},{"not_picked":["Sword Boomerang","Whirlwind","Clothesline"],"picked":"SKIP","floor":8.0},{"not_picked":["Body Slam","Flex","Iron Wave"],"picked":"SKIP","floor":10.0},{"not_picked":["True Grit","Feed"],"picked":"Inflame","floor":13.0},{"not_picked":["Wraith Form v2","Tools of the Trade"],"picked":"Exhume","floor":16.0},{"not_picked":["Impatience","Perfected Strike"],"picked":"Finesse","floor":18.0},{"not_picked":["Underhanded Strike+1","Blade Dance"],"picked":"PanicButton","floor":20}],"player_experience":1389334,"relics_obtained":[{"floor":7.0,"key":"Whetstone"},{"floor":8.0,"key":"Bronze Scales"}],"event_choices":[{"damage_healed":0.0,"max_hp_gain":0.0,"max_hp_loss":0.0,"gold_gain":0.0,"event_name":"Match and Keep!","player_choice":"1 cards matched","floor":3.0,"gold_loss":0.0,"damage_taken":0.0,"cards_obtained":["Feed"]},{"damage_healed":0.0,"max_hp_gain":0.0,"max_hp_loss":0.0,"gold_gain":0.0,"event_name":"Dead Adventurer","player_choice":"Searched \u00271\u0027 times","floor":7.0,"gold_loss":0.0,"damage_taken":0.0},{"damage_healed":0.0,"max_hp_gain":0.0,"max_hp_loss":8.0,"gold_gain":0.0,"event_name":"Golden Idol","player_choice":"Lose Max HP","floor":11.0,"gold_loss":0.0,"damage_taken":0.0,"relics_obtained":["Golden Idol"]},{"damage_healed":0,"gold_gain":0,"player_choice":"Paid Fearfully","damage_taken":0,"max_hp_gain":0,"max_hp_loss":0,"event_name":"Masked Bandits","floor":19,"gold_loss":159}],"is_beta":false,"boss_relics":[{"not_picked":["Cursed Key","Runic Cube"],"picked":"Philosopher\u0027s Stone"}],"items_purged_floors":[14],"is_endless":false,"potions_floor_spawned":[1,4,7,8,13],"killed_by":"Shelled Parasite and Fungi","ascension_level":20}