{"gold_per_floor":[114,114,114,138,188,232,232,248,248,271,302,302,315,338,338,338],"floor_reached":16,"playtime":587,"items_purged":[],"score":224,"play_id":"ec8dc1b2-f293-4167-aa97-ec2e1a577bcb","local_time":"20190628153100","is_ascension_mode":true,"campfire_choices":[{"floor":7,"key":"REST"},{"floor":12,"key":"REST"},{"data":"Consume","floor":15,"key":"SMITH"}],"neow_cost":"NONE","seed_source_timestamp":674021047183200,"circlet_count":0,"master_deck":["AscendersBane","Strike_B","Strike_B+1","Strike_B+1","Strike_B","Defend_B","Defend_B+1","Defend_B","Defend_B","Zap","Dualcast+1","Beam Cell","Glacier","Cold Snap","Compile Driver","Electrodynamics","Steam","Consume+1","Double Energy"],"relics":["Cracked Core","Whetstone","Golden Idol","Singing Bowl","Strawberry","Dodecahedron"],"potions_floor_usage":[11,13,14,14],"damage_taken":[{"damage":10,"enemies":"Small Slimes","floor":1,"turns":3},{"damage":6,"enemies":"2 Louse","floor":4,"turns":2},{"damage":25,"enemies":"Gremlin Nob","floor":6,"turns":4},{"damage":1,"enemies":"Cultist","floor":8,"turns":3},{"damage":12,"enemies":"Red Slaver","floor":10,"turns":2},{"damage":7,"enemies":"Lagavulin","floor":11,"turns":7},{"damage":12,"enemies":"Exordium Wildlife","floor":13,"turns":3},{"damage":0,"enemies":"Gremlin Gang","floor":14,"turns":4},{"damage":19,"enemies":"Hexaghost","floor":16,"turns":9}],"seed_played":"-4568866663544356977","potions_obtained":[{"floor":10,"key":"PowerPotion"},{"floor":11,"key":"AttackPotion"},{"floor":13,"key":"EntropicBrew"},{"floor":14,"key":"Explosive Potion"}],"is_trial":false,"path_per_floor":["M","?","?","M","?","E","R","M","T","M","E","R","M","M","R","B"],"character_chosen":"DEFECT","items_purchased":[],"campfire_rested":2,"item_purchase_floors":[],"current_hp_per_floor":[54,33,33,27,27,2,21,20,27,15,8,29,17,17,17,0],"gold":338,"neow_bonus":"RANDOM_COMMON_RELIC","is_prod":false,"is_daily":false,"chose_seed":false,"campfire_upgraded":1,"win_rate":0,"timestamp":1561750260,"path_taken":["M","?","?","M","?","E","R","M","T","?","E","R","M","M","R","BOSS"],"build_version":"2019-01-23","purchased_purges":0,"victory":false,"max_hp_per_floor":[71,71,64,64,64,64,64,64,71,71,71,71,71,71,71,71],"card_choices":[{"not_picked":["Turbo","Self Repair"],"picked":"Beam Cell","floor":1},{"not_picked":["Compile Driver","Hello World"],"picked":"Glacier","floor":4},{"not_picked":["Hologram","Melter"],"picked":"Cold Snap","floor":6},{"not_picked":["Recycle","Stack"],"picked":"Compile Driver","floor":8},{"not_picked":["Ball Lightning","Darkness"],"picked":"Electrodynamics","floor":10},{"not_picked":["Fusion","Chaos"],"picked":"Steam","floor":11},{"not_picked":["Hologram","Undo"],"picked":"Consume","floor":13},{"not_picked":["Fusion","Rebound"],"picked":"Double Energy","floor":14}],"player_experience":1238970,"relics_obtained":[{"floor":6,"key":"Singing Bowl"},{"floor":9,"key":"Strawberry"},{"floor":11,"key":"Dodecahedron"}],"event_choices":[{"damage_healed":0,"gold_gain":0,"player_choice":"Entered Light","damage_taken":21,"max_hp_gain":0,"max_hp_loss":0,"event_name":"Shining Light","floor":2,"gold_loss":0,"cards_upgraded":["Dualcast","Defend_B"]},{"damage_healed":0,"gold_gain":0,"player_choice":"Lose Max HP","damage_taken":0,"relics_obtained":["Golden Idol"],"max_hp_gain":0,"max_hp_loss":7,"event_name":"Golden Idol","floor":3,"gold_loss":0},{"damage_healed":0,"gold_gain":50,"player_choice":"Pray","damage_taken":0,"max_hp_gain":0,"max_hp_loss":0,"event_name":"Golden Shrine","floor":5,"gold_loss":0}],"is_beta":false,"boss_relics":[],"items_purged_floors":[],"is_endless":false,"potions_floor_spawned":[10,11,13,14],"killed_by":"Hexaghost","ascension_level":20}