{"gold_per_floor":[115,133,152,167,167,167,197,197,197,211,228,228,239,254,254,353,353,367,367,378,388,402,412,431,466,466,466,323,323,343,357,357,462,462,477,1476,1486,1404,882,882,917,934,934,947,957,957,135,153,153,153],"floor_reached":51,"playtime":3087,"items_purged":["Strike_G","Strike_G","Strike_G"],"score":784,"play_id":"e36720a6-91a2-46e6-8fe5-e2004ca6dd03","local_time":"20190823204100","is_ascension_mode":false,"campfire_choices":[{"data":"Envenom","floor":6,"key":"SMITH"},{"data":"Discovery","floor":8,"key":"SMITH"},{"data":"Backstab","floor":12,"key":"SMITH"},{"data":"Deadly Poison","floor":15,"key":"SMITH"},{"floor":27,"key":"REST"},{"floor":32,"key":"REST"},{"floor":40,"key":"RECALL"},{"floor":46,"key":"REST"},{"floor":49,"key":"REST"}],"neow_cost":"NONE","seed_source_timestamp":264818571923800,"circlet_count":0,"master_deck":["Strike_G","Defend_G","Defend_G","Defend_G","Defend_G","Defend_G","Survivor","Neutralize+1","Dagger Throw","Poisoned Stab","Dash","Backflip","Discovery+1","Backstab+1","Envenom+1","Masterful Stab","PiercingWail","PiercingWail","Deadly Poison+1","After Image","Masterful Stab+1","Heel Hook","Crippling Poison","PiercingWail","Bouncing Flask+1","Corpse Explosion","Riddle With Holes+1","Footwork","Deadly Poison","Escape Plan","Tools of the Trade","Noxious Fumes+1","Backflip+1","Apotheosis","Caltrops","Parasite","Underhanded Strike","Leg Sweep+1","Finesse"],"special_seed":0,"relics":["Ring of the Snake","Art of War","Omamori","Fusion Hammer","Darkstone Periapt","Bottled Tornado","Eternal Feather","MawBank","Paper Crane","Bottled Flame","Ice Cream","Snake Skull","Potion Belt","Lee\u0027s Waffle"],"potions_floor_usage":[7,20,44,48,50,50,50,50],"damage_taken":[{"damage":0.0,"enemies":"Cultist","floor":1.0,"turns":5.0},{"damage":0.0,"enemies":"Small Slimes","floor":2.0,"turns":2.0},{"damage":0.0,"enemies":"Jaw Worm","floor":3.0,"turns":4.0},{"damage":6.0,"enemies":"Lots of Slimes","floor":4.0,"turns":7.0},{"damage":6,"enemies":"Lagavulin","floor":7,"turns":6},{"damage":0,"enemies":"Exordium Wildlife","floor":10,"turns":2},{"damage":3,"enemies":"Large Slime","floor":11,"turns":4},{"damage":0,"enemies":"Blue Slaver","floor":13,"turns":2},{"damage":0,"enemies":"Red Slaver","floor":14,"turns":2},{"damage":43,"enemies":"Slime Boss","floor":16,"turns":14},{"damage":0,"enemies":"3 Byrds","floor":18,"turns":6},{"damage":0,"enemies":"Chosen","floor":20,"turns":3},{"damage":0,"enemies":"Centurion and Healer","floor":21,"turns":6},{"damage":10,"enemies":"Snake Plant","floor":22,"turns":5},{"damage":0,"enemies":"3 Cultists","floor":23,"turns":5},{"damage":6,"enemies":"Shelled Parasite and Fungi","floor":24,"turns":6},{"damage":0,"enemies":"Slavers","floor":25,"turns":3},{"damage":5,"enemies":"Snecko","floor":30,"turns":5},{"damage":0,"enemies":"Snake Plant","floor":31,"turns":3},{"damage":29,"enemies":"Collector","floor":33,"turns":10},{"damage":0,"enemies":"Orb Walker","floor":35,"turns":3},{"damage":7,"enemies":"3 Darklings","floor":37,"turns":3},{"damage":35,"enemies":"Giant Head","floor":41,"turns":9},{"damage":9,"enemies":"Writhing Mass","floor":42,"turns":7},{"damage":0,"enemies":"Spire Growth","floor":44,"turns":4},{"damage":0,"enemies":"Jaw Worm Horde","floor":45,"turns":2},{"damage":0,"enemies":"Transient","floor":48,"turns":5},{"damage":2,"enemies":"Time Eater","floor":50,"turns":12}],"seed_played":"-2169839732653718542","potions_obtained":[{"floor":2.0,"key":"Dexterity Potion"},{"floor":3.0,"key":"EssenceOfSteel"},{"floor":4.0,"key":"Poison Potion"},{"floor":7,"key":"Energy Potion"},{"floor":20,"key":"LiquidBronze"},{"floor":44,"key":"Swift Potion"}],"is_trial":false,"path_per_floor":["M","M","M","M","?","R","E","R","T","M","M","R","M","M","R","B",null,"M","?","M","M","M","M","M","E","T","R","$","?","M","M","R","B",null,"M","?","M","?","$","R","E","M","T","M","M","R","$","M","R","B",null],"character_chosen":"THE_SILENT","items_purchased":["Footwork","Apotheosis","Paper Crane","Snake Skull","Potion Belt","Finesse","Lee\u0027s Waffle","Weak Potion","FearPotion"],"campfire_rested":4,"item_purchase_floors":[28,39,39,47,47,47,47,47,47],"current_hp_per_floor":[70,70,70,64,64,64,58,58,58,58,55,55,55,55,55,12,70,70,70,70,70,60,60,54,54,54,70,70,70,65,65,70,41,70,70,70,63,63,63,70,35,32,32,32,32,75,83,83,83,81],"gold":153,"neow_bonus":"UPGRADE_CARD","is_prod":false,"is_daily":false,"chose_seed":false,"campfire_upgraded":4,"win_rate":1,"timestamp":1566560460,"path_taken":["M","M","M","?","?","R","E","R","T","M","M","R","M","?","R","BOSS","M","?","?","M","M","M","M","E","T","R","$","?","M","M","R","BOSS","M","?","M","?","$","R","E","?","T","M","M","R","$","M","R","BOSS"],"build_version":"2019-07-17","purchased_purges":3,"victory":true,"max_hp_per_floor":[70,70,70,70,70,70,70,70,70,70,70,70,70,70,70,70,70,70,70,70,70,70,70,70,70,70,70,70,70,70,70,70,70,70,70,70,70,70,70,70,70,76,76,76,76,76,83,83,83,83],"card_choices":[{"not_picked":["Deflect","Slice"],"picked":"Dagger Throw","floor":1.0},{"not_picked":["Underhanded Strike","Flechettes"],"picked":"Poisoned Stab","floor":2.0},{"not_picked":["Dodge and Roll","Outmaneuver"],"picked":"Dash","floor":3.0},{"not_picked":["Poisoned Stab","Outmaneuver"],"picked":"Backflip","floor":4.0},{"not_picked":["Expertise","Eviscerate"],"picked":"Masterful Stab","floor":7},{"not_picked":["Underhanded Strike","Dagger Throw"],"picked":"PiercingWail","floor":10},{"not_picked":["Deflect","Storm of Steel","Masterful Stab"],"picked":"SKIP","floor":11},{"not_picked":["Quick Slash","Infinite Blades"],"picked":"PiercingWail","floor":13},{"not_picked":["Skewer","Flying Knee"],"picked":"Deadly Poison","floor":14},{"not_picked":["Envenom","Wraith Form v2"],"picked":"After Image","floor":16},{"not_picked":["Bane","Deflect"],"picked":"Masterful Stab+1","floor":18},{"not_picked":["Bane","Dagger Spray"],"picked":"Crippling Poison","floor":20},{"not_picked":["Eviscerate","Endless Agony"],"picked":"PiercingWail","floor":21},{"not_picked":["Cloak And Dagger+1","Eviscerate+1"],"picked":"Bouncing Flask+1","floor":22},{"not_picked":["Endless Agony","All Out Attack","Dagger Throw"],"picked":"SKIP","floor":23},{"not_picked":["Backflip","Finisher"],"picked":"Corpse Explosion","floor":24},{"not_picked":["PiercingWail","Reflex"],"picked":"Riddle With Holes+1","floor":25},{"not_picked":["Endless Agony","Bane"],"picked":"Deadly Poison","floor":30},{"not_picked":["Caltrops","Infinite Blades"],"picked":"Escape Plan","floor":31},{"not_picked":["Grand Finale","Die Die Die"],"picked":"Tools of the Trade","floor":33},{"not_picked":["Reflex+1","Tactician+1"],"picked":"Noxious Fumes+1","floor":35},{"not_picked":["Escape Plan+1","Bane"],"picked":"Backflip+1","floor":37},{"not_picked":["Dagger Spray","PiercingWail"],"picked":"Caltrops","floor":41},{"not_picked":["Slice","Outmaneuver","Flying Knee+1"],"picked":"SKIP","floor":42},{"not_picked":["Quick Slash","Distraction"],"picked":"Underhanded Strike","floor":44},{"not_picked":["Dodge and Roll+1","Concentrate+1"],"picked":"Leg Sweep+1","floor":45},{"not_picked":["PiercingWail","Choke","Tactician+1"],"picked":"SKIP","floor":48}],"player_experience":197885,"relics_obtained":[{"floor":7,"key":"Art of War"},{"floor":9,"key":"Omamori"},{"floor":25,"key":"Darkstone Periapt"},{"floor":26,"key":"Bottled Tornado"},{"floor":41,"key":"Bottled Flame"},{"floor":43,"key":"Ice Cream"}],"event_choices":[{"damage_healed":0,"gold_gain":0,"player_choice":"3 cards matched","damage_taken":0,"max_hp_gain":0,"max_hp_loss":0,"event_name":"Match and Keep!","floor":5,"gold_loss":0,"cards_obtained":["Discovery","Backstab","Envenom"]},{"damage_healed":0,"gold_gain":0,"cards_transformed":["Strike_G"],"player_choice":"Transformed","damage_taken":0,"max_hp_gain":0,"max_hp_loss":0,"event_name":"Transmorgrifier","floor":19,"gold_loss":0,"cards_obtained":["Heel Hook"]},{"damage_healed":0,"gold_gain":0,"player_choice":"Ignored","damage_taken":0,"max_hp_gain":0,"max_hp_loss":0,"event_name":"Vampires","floor":29,"gold_loss":0},{"damage_healed":0,"gold_gain":999,"player_choice":"Gold","damage_taken":0,"max_hp_gain":0,"max_hp_loss":0,"event_name":"MindBloom","floor":36,"gold_loss":0,"cards_obtained":["Normality","Normality"]},{"damage_healed":0,"gold_gain":0,"player_choice":"Paid Gold","damage_taken":0,"relics_obtained":["MawBank"],"max_hp_gain":0,"max_hp_loss":0,"event_name":"WeMeetAgain","floor":38,"gold_loss":82}],"is_beta":false,"boss_relics":[{"not_picked":["Ectoplasm","White Beast Statue"],"picked":"Fusion Hammer"},{"not_picked":["Coffee Dripper","Snecko Eye"],"picked":"Eternal Feather"}],"items_purged_floors":[28,39,47],"is_endless":false,"potions_floor_spawned":[2,3,4,7,16,20,24,25,41,44,45],"ascension_level":0}