{"gold_per_floor":[16,16,16,16,37,37,81,95,177,127,140,158,174,99,99,224,224,240,254,128,141,141,141,16,16,16,16,54,73,114,114],"floor_reached":31,"playtime":1149,"items_purged":["Strike_B","Strike_B","Strike_B"],"score":275,"play_id":"373079c8-22b4-4ecb-b27b-1a5fe006c6af","local_time":"20190902063603","is_ascension_mode":false,"campfire_choices":[{"data":"Zap","floor":6.0,"key":"SMITH"},{"floor":15.0,"key":"REST"},{"data":"Defragment","floor":23,"key":"SMITH"},{"floor":25,"key":"REST"}],"neow_cost":"NO_GOLD","seed_source_timestamp":685294757274400,"circlet_count":0,"master_deck":["Defend_B","Defend_B","Zap+1","Dualcast","Ball Lightning","Gash","Coolheaded","Conserve Battery","Defragment+1","Scrape","All For One","Hologram","Go for the Eyes","Gash","Static Discharge","Barrage+1","Streamline","Gash","Capacitor+1","Static Discharge+1","BootSequence","Machine Learning+1"],"special_seed":0,"relics":["Cracked Core","Emotion Chip","Golden Idol","Regal Pillow","Letter Opener","Orrery","Frozen Egg 2","Blue Candle","Torii"],"potions_floor_usage":[31],"damage_taken":[{"damage":2.0,"enemies":"2 Louse","floor":1.0,"turns":2.0},{"damage":1.0,"enemies":"Cultist","floor":5.0,"turns":3.0},{"damage":39.0,"enemies":"3 Sentries","floor":7.0,"turns":7.0},{"damage":0.0,"enemies":"Small Slimes","floor":8.0,"turns":3.0},{"damage":5.0,"enemies":"Exordium Wildlife","floor":11.0,"turns":5.0},{"damage":6.0,"enemies":"2 Fungi Beasts","floor":12.0,"turns":3.0},{"damage":4.0,"enemies":"3 Louse","floor":13.0,"turns":3.0},{"damage":7.0,"enemies":"The Guardian","floor":16.0,"turns":9.0},{"damage":20,"enemies":"2 Thieves","floor":18,"turns":2},{"damage":0,"enemies":"Spheric Guardian","floor":19,"turns":1},{"damage":19,"enemies":"Cultist and Chosen","floor":21,"turns":5},{"damage":23,"enemies":"Gremlin Leader","floor":28,"turns":4},{"damage":26,"enemies":"Centurion and Healer","floor":29,"turns":3},{"damage":20,"enemies":"Book of Stabbing","floor":30,"turns":3},{"damage":7,"enemies":"3 Cultists","floor":31,"turns":2}],"seed_played":"-8055090546735190948","potions_obtained":[{"floor":2.0,"key":"SneckoOil"},{"floor":2.0,"key":"FairyPotion"},{"floor":2.0,"key":"SpeedPotion"},{"floor":8.0,"key":"EssenceOfSteel"},{"floor":13.0,"key":"AttackPotion"},{"floor":18,"key":"Swift Potion"}],"is_trial":false,"path_per_floor":["M","?","$","?","M","R","E","M","T","?","M","M","M","$","R","B",null,"M","M","$","M","?","R","$","R","T","?","E","M","E","M"],"character_chosen":"DEFECT","items_purchased":["Streamline"],"campfire_rested":2,"item_purchase_floors":[20],"current_hp_per_floor":[73,73,73,55,54,54,15,15,15,15,10,4,7,7,44,37,75,55,55,55,36,36,36,36,73,73,73,50,24,4,0],"gold":114,"neow_bonus":"ONE_RARE_RELIC","is_prod":false,"is_daily":false,"chose_seed":false,"campfire_upgraded":2,"win_rate":0,"timestamp":1567398963,"path_taken":["M","?","?","?","M","R","E","M","T","?","M","M","?","$","R","BOSS","M","M","$","M","?","R","$","R","T","?","E","M","E","M"],"build_version":"2019-07-17","purchased_purges":3,"victory":false,"max_hp_per_floor":[75,75,75,75,75,75,75,75,75,75,75,75,75,75,75,75,75,75,75,75,75,75,75,75,75,75,75,75,75,75,75],"card_choices":[{"not_picked":["Go for the Eyes","Sweeping Beam"],"picked":"Ball Lightning","floor":1.0},{"not_picked":["Beam Cell","Streamline"],"picked":"Gash","floor":5.0},{"not_picked":["Amplify","Steam"],"picked":"Coolheaded","floor":7.0},{"not_picked":["Redo","Steam"],"picked":"Conserve Battery","floor":8.0},{"not_picked":["Storm","Sweeping Beam"],"picked":"Defragment","floor":11.0},{"not_picked":["Rebound","Reprogram","Blizzard"],"picked":"SKIP","floor":12.0},{"not_picked":["Sweeping Beam","Redo"],"picked":"Scrape","floor":13.0},{"not_picked":["Core Surge","Seek"],"picked":"All For One","floor":16.0},{"not_picked":["Steam","Coolheaded"],"picked":"Hologram","floor":17.0},{"not_picked":["Self Repair","Reprogram"],"picked":"Go for the Eyes","floor":17.0},{"not_picked":["Capacitor","Leap"],"picked":"Gash","floor":17.0},{"not_picked":["Barrage","Chaos"],"picked":"Static Discharge","floor":18},{"not_picked":["Stack","Leap"],"picked":"Barrage+1","floor":19},{"not_picked":["Ball Lightning+1","Double Energy"],"picked":"Gash","floor":21},{"not_picked":["Rebound+1","Meteor Strike","Streamline"],"picked":"SKIP","floor":28},{"not_picked":["Barrage","Turbo+1"],"picked":"BootSequence","floor":29},{"not_picked":["Capacitor+1","Amplify"],"picked":"Machine Learning+1","floor":30}],"player_experience":380701,"relics_obtained":[{"floor":7.0,"key":"Regal Pillow"},{"floor":9.0,"key":"Letter Opener"},{"floor":26,"key":"Frozen Egg 2"},{"floor":28,"key":"Blue Candle"},{"floor":30,"key":"Torii"}],"event_choices":[{"damage_healed":0.0,"max_hp_gain":0.0,"max_hp_loss":0.0,"gold_gain":0.0,"event_name":"Lab","player_choice":"Got Potions","floor":2.0,"gold_loss":0.0,"damage_taken":0.0},{"damage_healed":0.0,"max_hp_gain":0.0,"max_hp_loss":0.0,"gold_gain":0.0,"event_name":"Golden Idol","player_choice":"Take Damage","floor":4.0,"gold_loss":0.0,"damage_taken":18.0,"relics_obtained":["Golden Idol"]},{"cards_removed":["Strike_B"],"damage_healed":0.0,"max_hp_gain":0.0,"max_hp_loss":0.0,"gold_gain":0.0,"event_name":"The Cleric","player_choice":"Card Removal","floor":10.0,"gold_loss":50.0,"damage_taken":0.0},{"damage_healed":0,"gold_gain":0,"player_choice":"Ignored","damage_taken":0,"max_hp_gain":0,"max_hp_loss":0,"event_name":"Ghosts","floor":22,"gold_loss":0},{"damage_healed":0,"gold_gain":0,"cards_transformed":["Defend_B","Defend_B"],"player_choice":"Became Test Subject","damage_taken":0,"max_hp_gain":0,"max_hp_loss":0,"event_name":"Drug Dealer","floor":27,"gold_loss":0,"cards_obtained":["Capacitor","Static Discharge"]}],"is_beta":false,"boss_relics":[{"not_picked":["FrozenCore","Runic Dome"],"picked":"Orrery"}],"items_purged_floors":[14,20,24],"is_endless":false,"potions_floor_spawned":[8,11,13,16,18],"killed_by":"3 Cultists","ascension_level":0}