{"gold_per_floor":[110,124,49,49,62,62,62,97,97,113,148,148,179,179,179,253,253,263,280,280,298,318,318,6,6,6,6,16,44,58,58,58,130,130,148,148,168,168,182,209,209,237,249,186,69,86,86,104,104,104,104,104,104,4,39,39],"floor_reached":56,"playtime":2497,"items_purged":["Parasite","Backstab+1"],"score":2215,"play_id":"0d198de7-ba72-4724-873b-9948a129f78e","local_time":"20190625223838","is_ascension_mode":true,"campfire_choices":[{"data":"Neutralize","floor":6.0,"key":"SMITH"},{"data":"Footwork","floor":15.0,"key":"SMITH"},{"floor":23.0,"key":"REST"},{"floor":25.0,"key":"REST"},{"data":"Well Laid Plans","floor":27.0,"key":"SMITH"},{"floor":32.0,"key":"RECALL"},{"floor":41.0,"key":"REST"},{"data":"Dash","floor":47.0,"key":"SMITH"},{"data":"Sucker Punch","floor":49.0,"key":"SMITH"},{"data":"Flying Knee","floor":53.0,"key":"SMITH"}],"neow_cost":"NONE","seed_source_timestamp":437626932799200,"circlet_count":0,"master_deck":["AscendersBane","Defend_G","Defend_G","Defend_G","Survivor","Neutralize+1","Noxious Fumes+1","Flying Knee+1","Catalyst+1","Blade Dance+1","Footwork+1","Tactician+1","Corpse Explosion+1","Backflip+1","Dash+1","Catalyst+1","Acrobatics+1","Well Laid Plans+1","PiercingWail+1","Catalyst+1","Ghostly+1","Ghostly+1","Ghostly+1","Night Terror+1","Reflex+1","Quick Slash+1","PiercingWail+1","Dodge and Roll+1","Madness+1","Acrobatics+1","Noxious Fumes+1","Bouncing Flask+1","Sucker Punch+1","Acrobatics+1","Backflip+1"],"special_seed":0,"relics":["Ring of the Snake","NeowsBlessing","Dodecahedron","Toxic Egg 2","Kunai","Snake Skull","Bottled Flame","Snecko Eye","Lantern","Potion Belt","Astrolabe","Frozen Egg 2","MawBank","Mercury Hourglass","Pantograph"],"potions_floor_usage":[55,56],"damage_taken":[{"damage":0.0,"enemies":"Jaw Worm","floor":1.0,"turns":1.0},{"damage":0.0,"enemies":"2 Louse","floor":2.0,"turns":1.0},{"damage":0.0,"enemies":"Cultist","floor":5.0,"turns":1.0},{"damage":24.0,"enemies":"3 Sentries","floor":8.0,"turns":7.0},{"damage":0.0,"enemies":"2 Fungi Beasts","floor":10.0,"turns":4.0},{"damage":9.0,"enemies":"Lagavulin","floor":11.0,"turns":7.0},{"damage":6.0,"enemies":"Gremlin Nob","floor":13.0,"turns":3.0},{"damage":26.0,"enemies":"The Guardian","floor":16.0,"turns":9.0},{"damage":9.0,"enemies":"2 Thieves","floor":18.0,"turns":3.0},{"damage":12.0,"enemies":"Shell Parasite","floor":19.0,"turns":6.0},{"damage":11.0,"enemies":"Snecko","floor":21.0,"turns":4.0},{"damage":2.0,"enemies":"Centurion and Healer","floor":22.0,"turns":4.0},{"damage":0.0,"enemies":"Cultist and Chosen","floor":28.0,"turns":5.0},{"damage":0.0,"enemies":"Slavers","floor":29.0,"turns":1.0},{"damage":0.0,"enemies":"Snecko","floor":30.0,"turns":3.0},{"damage":11.0,"enemies":"Champ","floor":33.0,"turns":8.0},{"damage":16.0,"enemies":"Orb Walker","floor":35.0,"turns":2.0},{"damage":0.0,"enemies":"3 Shapes","floor":37.0,"turns":1.0},{"damage":0.0,"enemies":"Transient","floor":39.0,"turns":6.0},{"damage":6.0,"enemies":"Reptomancer","floor":40.0,"turns":8.0},{"damage":0.0,"enemies":"Giant Head","floor":42.0,"turns":3.0},{"damage":0.0,"enemies":"Jaw Worm Horde","floor":46.0,"turns":2.0},{"damage":0.0,"enemies":"Maw","floor":48.0,"turns":4.0},{"damage":0.0,"enemies":"Donu and Deca","floor":50.0,"turns":4.0},{"damage":0.0,"enemies":"Time Eater","floor":51.0,"turns":4.0},{"damage":7,"enemies":"Shield and Spear","floor":55,"turns":6},{"damage":24,"enemies":"The Heart","floor":56,"turns":5}],"seed_played":"3099242104876617228","potions_obtained":[{"floor":2.0,"key":"Weak Potion"},{"floor":5.0,"key":"Strength Potion"},{"floor":10.0,"key":"SkillPotion"},{"floor":21.0,"key":"Block Potion"},{"floor":28.0,"key":"PowerPotion"},{"floor":29.0,"key":"SpeedPotion"},{"floor":40.0,"key":"FearPotion"},{"floor":48.0,"key":"SkillPotion"}],"is_trial":false,"path_per_floor":["M","M","?","?","M","R","?","E","T","M","E","?","E","?","R","B",null,"M","M","?","M","M","R","$","R","T","R","M","E","M","?","R","B",null,"M","?","M","?","M","E","R","E","T","?","$","M","R","M","R","B","B",null,"R","$","E","B"],"character_chosen":"THE_SILENT","items_purchased":["Well Laid Plans","Lantern","Fire Potion","Swift Potion"],"campfire_rested":3,"item_purchase_floors":[24,24,24,45],"current_hp_per_floor":[59,59,59,59,59,59,52,28,28,28,19,19,13,29,29,3,50,41,29,20,9,7,26,26,45,45,45,45,45,45,33,33,22,30,14,27,27,27,27,21,27,27,27,27,24,24,24,24,24,24,24,24,24,24,17,0],"gold":39,"neow_bonus":"THREE_ENEMY_KILL","is_prod":false,"is_daily":false,"chose_seed":false,"campfire_upgraded":6,"win_rate":0,"timestamp":1561516718,"path_taken":["M","M","?","?","?","R","?","E","T","M","E","?","E","?","R","BOSS","M","M","?","?","M","R","$","R","T","R","M","E","M","?","R","BOSS","M","?","M","?","M","E","R","E","T","?","$","?","R","M","R","BOSS","BOSS","R","$","E","BOSS"],"build_version":"2019-01-23","purchased_purges":2,"victory":false,"max_hp_per_floor":[66,66,66,66,66,66,66,66,66,66,66,66,66,66,66,66,66,66,66,66,66,66,66,66,66,66,66,66,66,66,33,33,33,33,33,27,27,27,27,27,27,27,27,27,24,24,24,24,24,24,24,24,24,24,24,24],"card_choices":[{"not_picked":["Prepared","Bane"],"picked":"Dagger Throw","floor":1.0},{"not_picked":["Eviscerate","Backstab"],"picked":"Noxious Fumes","floor":2.0},{"not_picked":["Dagger Throw","Terror"],"picked":"Flying Knee","floor":5.0},{"not_picked":["Blade Dance","Terror"],"picked":"Catalyst","floor":8.0},{"not_picked":["Riddle With Holes","Quick Slash"],"picked":"Blade Dance+1","floor":10.0},{"not_picked":["Endless Agony","Eviscerate"],"picked":"Footwork","floor":11.0},{"not_picked":["Dagger Throw","All Out Attack"],"picked":"Tactician+1","floor":13.0},{"not_picked":["Bullet Time+1","After Image"],"picked":"Corpse Explosion+1","floor":16.0},{"not_picked":["Skewer","Poisoned Stab"],"picked":"Backflip+1","floor":18.0},{"not_picked":["Flechettes","All Out Attack"],"picked":"Dash","floor":19.0},{"not_picked":["Escape Plan+1","Noxious Fumes+1"],"picked":"Catalyst+1","floor":21.0},{"not_picked":["Expertise+1","Blur+1"],"picked":"Acrobatics+1","floor":22.0},{"not_picked":["All Out Attack","Sucker Punch","Underhanded Strike"],"picked":"SKIP","floor":28.0},{"not_picked":["Cloak And Dagger+1","Slice"],"picked":"PiercingWail+1","floor":29.0},{"not_picked":["Blur+1","Tactician+1"],"picked":"Catalyst+1","floor":30.0},{"not_picked":["A Thousand Cuts","Die Die Die"],"picked":"Night Terror+1","floor":33.0},{"not_picked":["Terror+1","Poisoned Stab+1"],"picked":"PiercingWail+1","floor":35.0},{"not_picked":["Escape Plan+1","Backflip+1"],"picked":"Dodge and Roll+1","floor":37.0},{"not_picked":["Thinking Ahead+1","Swift Strike"],"picked":"Madness+1","floor":38.0},{"not_picked":["Bane","Deadly Poison+1","Footwork"],"picked":"SKIP","floor":39.0},{"not_picked":["Dash","Masterful Stab"],"picked":"Acrobatics+1","floor":40.0},{"not_picked":["Grand Finale","Reflex+1"],"picked":"Noxious Fumes+1","floor":42.0},{"not_picked":["Deadly Poison+1","Riddle With Holes"],"picked":"Acrobatics+1","floor":46.0},{"not_picked":["Caltrops+1","Deadly Poison+1"],"picked":"Backflip+1","floor":48.0},{"not_picked":["Infinite Blades+1","Prepared+1","Masterful Stab"],"picked":"SKIP","floor":55}],"player_experience":1226842,"relics_obtained":[{"floor":8.0,"key":"Toxic Egg 2"},{"floor":9.0,"key":"Kunai"},{"floor":11.0,"key":"Snake Skull"},{"floor":13.0,"key":"Bottled Flame"},{"floor":29.0,"key":"Potion Belt"},{"floor":40.0,"key":"Frozen Egg 2"},{"floor":42.0,"key":"MawBank"},{"floor":43.0,"key":"Mercury Hourglass"},{"floor":55,"key":"Pantograph"}],"event_choices":[{"cards_removed":["Strike_G"],"damage_healed":0.0,"max_hp_gain":0.0,"max_hp_loss":0.0,"gold_gain":0.0,"event_name":"The Cleric","player_choice":"Card Removal","floor":3.0,"gold_loss":75.0,"damage_taken":0.0},{"cards_removed":["Dagger Throw"],"damage_healed":0.0,"max_hp_gain":0.0,"max_hp_loss":0.0,"gold_gain":0.0,"event_name":"WeMeetAgain","player_choice":"Gave Card","floor":4.0,"gold_loss":0.0,"damage_taken":0.0,"relics_obtained":["Dodecahedron"]},{"cards_removed":["Defend_G"],"damage_healed":0.0,"max_hp_gain":0.0,"max_hp_loss":0.0,"gold_gain":0.0,"event_name":"Golden Wing","player_choice":"Card Removal","floor":7.0,"gold_loss":0.0,"damage_taken":7.0},{"damage_healed":0.0,"max_hp_gain":0.0,"max_hp_loss":0.0,"gold_gain":0.0,"event_name":"Living Wall","player_choice":"Grow","floor":12.0,"gold_loss":0.0,"damage_taken":0.0,"cards_upgraded":["Noxious Fumes"]},{"damage_healed":16.0,"max_hp_gain":0.0,"max_hp_loss":0.0,"gold_gain":0.0,"event_name":"Mushrooms","player_choice":"Healed and dodged fight","floor":14.0,"gold_loss":0.0,"damage_taken":0.0,"cards_obtained":["Parasite"]},{"damage_healed":0.0,"max_hp_gain":0.0,"max_hp_loss":0.0,"gold_gain":0.0,"event_name":"Wheel of Change","player_choice":"Damaged","floor":20.0,"gold_loss":0.0,"damage_taken":9.0},{"damage_healed":0.0,"max_hp_gain":0.0,"max_hp_loss":33.0,"gold_gain":0.0,"event_name":"Ghosts","player_choice":"Became a Ghost","floor":31.0,"gold_loss":0.0,"damage_taken":0.0,"cards_obtained":["Ghostly","Ghostly","Ghostly"]},{"damage_healed":27.0,"max_hp_gain":0.0,"max_hp_loss":6.0,"gold_gain":0.0,"event_name":"The Moai Head","player_choice":"Heal","floor":36.0,"gold_loss":0.0,"damage_taken":0.0},{"damage_healed":0.0,"max_hp_gain":0.0,"max_hp_loss":0.0,"gold_gain":0.0,"event_name":"SensoryStone","player_choice":"Memory 1","floor":38.0,"gold_loss":0.0,"damage_taken":0.0},{"damage_healed":0.0,"max_hp_gain":0.0,"max_hp_loss":0.0,"gold_gain":0.0,"cards_transformed":["Strike_G","Defend_G"],"event_name":"Designer","player_choice":"Transformed Cards","floor":44.0,"gold_loss":75.0,"damage_taken":0.0,"cards_obtained":["Bouncing Flask","Sucker Punch"]}],"is_beta":false,"boss_relics":[{"not_picked":["Eternal Feather","Runic Dome"],"picked":"Snecko Eye"},{"not_picked":["Ring of the Serpent","Runic Pyramid"],"picked":"Astrolabe"}],"items_purged_floors":[45,54],"is_endless":false,"potions_floor_spawned":[2,5,10,21,28,29,40,48],"killed_by":"The Heart","ascension_level":20}