{"gold_per_floor":[366,316,330,349,524,524,549,549,575,4,39,39,55,75,75,176,176,176,176,176,176,10,10,10,10,10,10,10,10,10,10,10,10,10,10,10,10,10,10,10,10,10,10,10,10,10,10,10,10,10],"floor_reached":51,"playtime":2641,"items_purged":["Doubt"],"score":823,"play_id":"6e8f516d-c1c3-4e11-9830-fc90e8f8a0a6","local_time":"20190811223818","is_ascension_mode":false,"campfire_choices":[{"data":"True Grit","floor":6.0,"key":"SMITH"},{"data":"Clothesline","floor":8.0,"key":"SMITH"},{"data":"Rampage","floor":12.0,"key":"SMITH"},{"data":"Inflame","floor":15.0,"key":"SMITH"},{"data":"Barricade","floor":23.0,"key":"SMITH"},{"data":"Havoc","floor":28,"key":"SMITH"},{"data":"Impervious","floor":30,"key":"SMITH"},{"data":"Shrug It Off","floor":32,"key":"SMITH"},{"data":"Dark Embrace","floor":44,"key":"SMITH"},{"data":"Body Slam","floor":46,"key":"SMITH"},{"data":"Shrug It Off","floor":49,"key":"SMITH"}],"neow_cost":"TEN_PERCENT_HP_LOSS","seed_source_timestamp":1787893416647800,"circlet_count":0,"master_deck":["Strike_R","Strike_R","Strike_R","Strike_R","Defend_R","Defend_R","Defend_R","Defend_R","Bash","Clothesline+1","True Grit+1","Rampage+1","Impervious+1","Inflame+1","Master of Strategy","Shrug It Off+1","Dual Wield","Battle Trance","Barricade+1","Shrug It Off+1","Headbutt","Fiend Fire","Havoc+1","Shrug It Off","Burning Pact+1","Dark Embrace+1","Madness","Madness","Body Slam+1"],"special_seed":0,"relics":["Burning Blood","Anchor","Red Skull","Centennial Puzzle","Bag of Marbles","Ectoplasm","Art of War","Bronze Scales","Ancient Tea Set","Busted Crown","Potion Belt","Frozen Egg 2","Smiling Mask","Bag of Preparation","Paper Frog"],"potions_floor_usage":[42,42,50,50,50,50],"damage_taken":[{"damage":5.0,"enemies":"Small Slimes","floor":1.0,"turns":3.0},{"damage":3.0,"enemies":"Jaw Worm","floor":3.0,"turns":4.0},{"damage":3.0,"enemies":"2 Louse","floor":4.0,"turns":2.0},{"damage":13.0,"enemies":"Gremlin Nob","floor":11.0,"turns":4.0},{"damage":8.0,"enemies":"Exordium Thugs","floor":13.0,"turns":5.0},{"damage":9.0,"enemies":"Blue Slaver","floor":14.0,"turns":3.0},{"damage":27.0,"enemies":"Hexaghost","floor":16.0,"turns":11.0},{"damage":3.0,"enemies":"Shell Parasite","floor":18.0,"turns":5.0},{"damage":3.0,"enemies":"Chosen","floor":21.0,"turns":5.0},{"damage":0.0,"enemies":"Snecko","floor":24.0,"turns":6.0},{"damage":4,"enemies":"Gremlin Leader","floor":27,"turns":8},{"damage":0,"enemies":"Snake Plant","floor":29,"turns":2},{"damage":0,"enemies":"Centurion and Healer","floor":31,"turns":4},{"damage":6,"enemies":"Champ","floor":33,"turns":9},{"damage":0,"enemies":"Orb Walker","floor":35,"turns":4},{"damage":0,"enemies":"3 Shapes","floor":37,"turns":5},{"damage":0,"enemies":"Giant Head","floor":40,"turns":7},{"damage":0,"enemies":"Writhing Mass","floor":41,"turns":8},{"damage":0,"enemies":"Reptomancer","floor":42,"turns":7},{"damage":0,"enemies":"3 Darklings","floor":45,"turns":5},{"damage":0,"enemies":"Donu and Deca","floor":50,"turns":8}],"seed_played":"5935574313907933504","potions_obtained":[{"floor":3.0,"key":"BloodPotion"},{"floor":4.0,"key":"Poison Potion"},{"floor":11.0,"key":"Fire Potion"},{"floor":14.0,"key":"Ancient Potion"},{"floor":18.0,"key":"Block Potion"},{"floor":35,"key":"Dexterity Potion"},{"floor":37,"key":"EssenceOfSteel"},{"floor":40,"key":"SkillPotion"},{"floor":45,"key":"AttackPotion"}],"is_trial":false,"path_per_floor":["M","?","M","M","?","R","T","R","T","$","E","R","M","M","R","B",null,"M","?","T","M","$","R","M","?","T","E","R","M","R","M","R","B",null,"M","?","M","$","?","E","M","E","T","R","M","R","$","T","R","B",null],"character_chosen":"IRONCLAD","items_purchased":["Impervious","Inflame","Centennial Puzzle","Master of Strategy","Headbutt","Fiend Fire"],"campfire_rested":0,"item_purchase_floors":[10,10,10,10,22,22],"current_hp_per_floor":[72,72,72,72,72,72,72,72,72,72,65,65,63,60,60,39,72,72,72,72,72,72,72,72,72,72,72,72,72,72,72,72,72,72,72,72,72,72,63,69,72,72,72,72,72,72,72,72,72,72],"gold":10,"neow_bonus":"TWO_FIFTY_GOLD","is_prod":false,"is_daily":false,"chose_seed":false,"campfire_upgraded":11,"win_rate":0,"timestamp":1565530698,"path_taken":["M","?","M","M","?","R","?","R","T","$","E","R","M","M","R","BOSS","M","?","?","M","$","R","M","?","T","E","R","M","R","M","R","BOSS","M","?","M","?","?","E","?","E","T","R","M","R","$","?","R","BOSS"],"build_version":"2019-07-17","purchased_purges":1,"victory":true,"max_hp_per_floor":[72,72,72,72,72,72,72,72,72,72,72,72,72,72,72,72,72,72,72,72,72,72,72,72,72,72,72,72,72,72,72,72,72,72,72,72,72,72,72,72,72,72,72,72,72,72,72,72,72,72],"card_choices":[{"not_picked":["Warcry","Corruption"],"picked":"Clothesline","floor":1.0},{"not_picked":["Combust","Warcry"],"picked":"True Grit","floor":3.0},{"not_picked":["Sentinel","Barricade"],"picked":"Rampage","floor":4.0},{"not_picked":["Heavy Blade","Clash"],"picked":"Shrug It Off","floor":11.0},{"not_picked":["Wild Strike","Clothesline"],"picked":"Dual Wield","floor":13.0},{"not_picked":["Havoc","Shockwave"],"picked":"Battle Trance","floor":14.0},{"not_picked":["Juggernaut","Demon Form"],"picked":"Barricade","floor":16.0},{"not_picked":["Rampage+1","Corruption"],"picked":"Warcry","floor":18.0},{"not_picked":["Uppercut","Intimidate","Blood for Blood"],"picked":"SKIP","floor":21.0},{"not_picked":["Twin Strike","Pommel Strike"],"picked":"Havoc","floor":24.0},{"not_picked":["Immolate","Cleave"],"picked":"Shrug It Off","floor":27},{"not_picked":["Thunderclap","Bloodletting"],"picked":"Burning Pact+1","floor":29},{"not_picked":["Shrug It Off","Power Through+1","Shockwave"],"picked":"SKIP","floor":31},{"not_picked":["Fiend Fire","Brutality"],"picked":"Dark Embrace","floor":33},{"not_picked":["Sentinel+1"],"picked":"SKIP","floor":35},{"not_picked":["Anger"],"picked":"SKIP","floor":37},{"not_picked":["Reckless Charge+1"],"picked":"SKIP","floor":40},{"not_picked":[],"picked":"Body Slam","floor":41},{"not_picked":["Sever Soul"],"picked":"SKIP","floor":42},{"not_picked":["Uppercut"],"picked":"SKIP","floor":45}],"player_experience":144768,"relics_obtained":[{"floor":7.0,"key":"Anchor"},{"floor":9.0,"key":"Red Skull"},{"floor":11.0,"key":"Bag of Marbles"},{"floor":20.0,"key":"Art of War"},{"floor":26,"key":"Bronze Scales"},{"floor":27,"key":"Ancient Tea Set"},{"floor":40,"key":"Frozen Egg 2"},{"floor":42,"key":"Smiling Mask"},{"floor":43,"key":"Bag of Preparation"},{"floor":48,"key":"Paper Frog"}],"event_choices":[{"cards_removed":["Strike_R"],"damage_healed":0.0,"max_hp_gain":0.0,"max_hp_loss":0.0,"gold_gain":0.0,"event_name":"The Cleric","player_choice":"Card Removal","floor":2.0,"gold_loss":50.0,"damage_taken":0.0},{"damage_healed":0.0,"max_hp_gain":0.0,"max_hp_loss":0.0,"gold_gain":175.0,"event_name":"Liars Game","player_choice":"AGREE","floor":5.0,"gold_loss":0.0,"damage_taken":0.0,"cards_obtained":["Doubt"]},{"damage_healed":0.0,"max_hp_gain":0.0,"max_hp_loss":0.0,"gold_gain":0.0,"event_name":"The Library","player_choice":"Read","floor":19.0,"gold_loss":0.0,"damage_taken":0.0,"cards_obtained":["Shrug It Off"]},{"damage_healed":0,"gold_gain":0,"player_choice":"Ignored","damage_taken":0,"max_hp_gain":0,"max_hp_loss":0,"event_name":"The Mausoleum","floor":25,"gold_loss":0},{"cards_removed":["Warcry"],"damage_healed":0,"gold_gain":0,"player_choice":"Gave Card","damage_taken":0,"relics_obtained":["Potion Belt"],"max_hp_gain":0,"max_hp_loss":0,"event_name":"WeMeetAgain","floor":36,"gold_loss":0},{"damage_healed":0,"gold_gain":0,"player_choice":"Embrace Madness","damage_taken":9,"max_hp_gain":0,"max_hp_loss":0,"event_name":"Winding Halls","floor":39,"gold_loss":0,"cards_obtained":["Madness","Madness"]}],"is_beta":false,"boss_relics":[{"not_picked":["Pandora\u0027s Box","Calling Bell"],"picked":"Ectoplasm"},{"not_picked":["Cursed Key","Coffee Dripper"],"picked":"Busted Crown"}],"items_purged_floors":[10],"is_endless":false,"potions_floor_spawned":[3,4,11,14,18,31,33,35,37,40,45],"ascension_level":0}