{"gold_per_floor":[117,82,232,252,69,69,40,40,40,73,73,107,107,107],"floor_reached":14,"playtime":499,"items_purged":["Doubt"],"score":188,"play_id":"78468f0c-e851-4b85-b46d-d48b7a3fe80d","local_time":"20190719160832","is_ascension_mode":true,"campfire_choices":[{"data":"Neutralize","floor":6,"key":"SMITH"},{"data":"Deadly Poison","floor":8,"key":"SMITH"}],"neow_cost":"PERCENT_DAMAGE","seed_source_timestamp":0,"circlet_count":0,"master_deck":["AscendersBane","Strike_G","Strike_G","Strike_G","Strike_G","Strike_G","Defend_G","Defend_G","Defend_G","Defend_G","Defend_G","Survivor","Neutralize+1","Dagger Spray","Bouncing Flask","Flying Knee","PiercingWail","Deadly Poison+1","Quick Slash","Calculated Gamble"],"special_seed":0,"relics":["Ring of the Snake","Blood Vial","Peace Pipe","Bottled Lightning","Meat on the Bone","Regal Pillow"],"potions_floor_usage":[10],"damage_taken":[{"damage":0,"enemies":"Small Slimes","floor":1,"turns":6},{"damage":0,"enemies":"2 Louse","floor":4,"turns":4},{"damage":24,"enemies":"3 Sentries","floor":10,"turns":6},{"damage":19,"enemies":"Lagavulin","floor":12,"turns":6},{"damage":24,"enemies":"3 Sentries","floor":14,"turns":5}],"seed_played":"-6798448138901134809","potions_obtained":[{"floor":1,"key":"Swift Potion"}],"is_trial":false,"path_per_floor":["M","?","?","M","$","R","$","R","T","E","T","E","?","E"],"character_chosen":"THE_SILENT","items_purchased":["Flying Knee","PiercingWail","Deadly Poison"],"campfire_rested":0,"item_purchase_floors":[5,5,7],"current_hp_per_floor":[56,75,75,75,75,75,75,75,75,53,53,36,18,0],"gold":107,"neow_bonus":"TWENTY_PERCENT_HP_BONUS","is_prod":false,"is_daily":false,"chose_seed":false,"campfire_upgraded":2,"win_rate":0,"timestamp":1563566912,"path_taken":["M","?","?","M","$","R","?","R","T","E","?","E","?","E"],"build_version":"2019-07-17","purchased_purges":1,"victory":false,"max_hp_per_floor":[78,78,78,78,78,78,78,78,78,78,78,78,78,78],"card_choices":[{"not_picked":["Riddle With Holes","Expertise"],"picked":"Dagger Spray","floor":1},{"not_picked":["Prepared","Dodge and Roll"],"picked":"Bouncing Flask","floor":4},{"not_picked":["Calculated Gamble","Grand Finale"],"picked":"Quick Slash","floor":10},{"not_picked":["Blade Dance","Concentrate"],"picked":"Calculated Gamble","floor":12}],"player_experience":1371091,"relics_obtained":[{"floor":9,"key":"Blood Vial"},{"floor":10,"key":"Peace Pipe"},{"floor":11,"key":"Bottled Lightning"},{"floor":12,"key":"Meat on the Bone"}],"event_choices":[{"damage_healed":19,"gold_gain":0,"player_choice":"Healed","damage_taken":0,"max_hp_gain":0,"max_hp_loss":0,"event_name":"The Cleric","floor":2,"gold_loss":35},{"damage_healed":0,"gold_gain":150,"player_choice":"AGREE","damage_taken":0,"max_hp_gain":0,"max_hp_loss":0,"event_name":"Liars Game","floor":3,"gold_loss":0,"cards_obtained":["Doubt"]},{"damage_healed":0,"gold_gain":0,"player_choice":"Success","damage_taken":18,"relics_obtained":["Regal Pillow"],"max_hp_gain":0,"max_hp_loss":0,"event_name":"Scrap Ooze","floor":13,"gold_loss":0}],"is_beta":false,"boss_relics":[],"items_purged_floors":[5],"is_endless":false,"potions_floor_spawned":[1],"killed_by":"3 Sentries","ascension_level":20}