{"gold_per_floor":[116,131,131,81,98,98,115,115,168,168,194,205,280,296,296,391,391,409,425,439,54,153,187,187,187,233,244,169,181,209,228,228,328,328,339,614,5,22,41,72,92,92,172,172,23,23,40,59,59,59],"floor_reached":51,"playtime":2306,"items_purged":["Regret","Parasite"],"score":821,"play_id":"f944e54c-056a-4330-9031-6eeecd026353","local_time":"20190726194732","is_ascension_mode":false,"campfire_choices":[{"data":"Sword Boomerang","floor":6.0,"key":"SMITH"},{"data":"Shrug It Off","floor":8.0,"key":"SMITH"},{"data":"Defend_R","floor":10.0,"key":"SMITH"},{"data":"Anger","floor":15.0,"key":"SMITH"},{"data":"Bludgeon","floor":24,"key":"SMITH"},{"data":"Demon Form","floor":32,"key":"SMITH"},{"data":"Apotheosis","floor":42,"key":"SMITH"},{"data":"Corruption","floor":44,"key":"SMITH"},{"data":"True Grit","floor":46,"key":"SMITH"},{"floor":49,"key":"REST"}],"neow_cost":"NONE","seed_source_timestamp":395377633570500,"circlet_count":0,"master_deck":["Strike_R+1","Strike_R+1","Strike_R+1","Strike_R+1","Defend_R+1","Defend_R+1","Defend_R+1","Defend_R+1","Bash+1","Inflame+1","Sword Boomerang+1","Shrug It Off+1","Corruption+1","Clash","Anger+1","Bludgeon+1","Shrug It Off","Clothesline+1","Spot Weakness","Clash","Dual Wield+1","Shrug It Off","Demon Form+1","Offering","True Grit+1","Apotheosis+1","Clash+1","Clash+1","Warcry+1","Flame Barrier+1","Flex+1"],"special_seed":0,"relics":["Burning Blood","Anchor","Oddly Smooth Stone","Cursed Key","Orichalcum","Sling","Centennial Puzzle","Bag of Marbles","Red Skull","Runic Pyramid","Thread and Needle","Toxic Egg 2","Molten Egg 2"],"potions_floor_usage":[19,20,50,50,50],"damage_taken":[{"damage":10.0,"enemies":"Jaw Worm","floor":1.0,"turns":5.0},{"damage":7.0,"enemies":"2 Louse","floor":2.0,"turns":3.0},{"damage":6.0,"enemies":"Small Slimes","floor":5.0,"turns":3.0},{"damage":2.0,"enemies":"3 Louse","floor":7.0,"turns":4.0},{"damage":28.0,"enemies":"Lagavulin","floor":11.0,"turns":7.0},{"damage":4.0,"enemies":"Exordium Wildlife","floor":12.0,"turns":4.0},{"damage":1.0,"enemies":"Exordium Thugs","floor":14.0,"turns":5.0},{"damage":50.0,"enemies":"Slime Boss","floor":16.0,"turns":8.0},{"damage":10.0,"enemies":"3 Byrds","floor":18.0,"turns":5.0},{"damage":10,"enemies":"2 Thieves","floor":19,"turns":3},{"damage":19,"enemies":"Shelled Parasite and Fungi","floor":20,"turns":5},{"damage":14,"enemies":"Book of Stabbing","floor":23,"turns":3},{"damage":0,"enemies":"Snake Plant","floor":27,"turns":1},{"damage":0,"enemies":"Centurion and Healer","floor":29,"turns":4},{"damage":10,"enemies":"Slavers","floor":30,"turns":4},{"damage":13,"enemies":"Chosen and Byrds","floor":31,"turns":6},{"damage":25,"enemies":"Automaton","floor":33,"turns":7},{"damage":0,"enemies":"Orb Walker","floor":35,"turns":3},{"damage":9,"enemies":"3 Darklings","floor":38,"turns":6},{"damage":6,"enemies":"4 Shapes","floor":39,"turns":6},{"damage":6,"enemies":"Giant Head","floor":40,"turns":5},{"damage":9,"enemies":"Writhing Mass","floor":41,"turns":7},{"damage":5,"enemies":"Maw","floor":47,"turns":5},{"damage":25,"enemies":"Jaw Worm Horde","floor":48,"turns":4},{"damage":54,"enemies":"Awakened One","floor":50,"turns":7}],"seed_played":"-184157313082994942","potions_obtained":[{"floor":2.0,"key":"FearPotion"},{"floor":5.0,"key":"Ancient Potion"},{"floor":11.0,"key":"FearPotion"},{"floor":20,"key":"BloodPotion"},{"floor":23,"key":"EssenceOfSteel"},{"floor":27,"key":"Strength Potion"},{"floor":47,"key":"SteroidPotion"}],"is_trial":false,"path_per_floor":["M","M","?","?","M","R","M","R","T","R","E","M","?","M","R","B",null,"M","M","M","$","?","E","R","?","T","M","?","M","E","M","R","B",null,"M","?","$","M","M","E","M","R","T","R","$","R","M","M","R","B",null],"character_chosen":"IRONCLAD","items_purchased":["Spot Weakness","Orichalcum","Sling","Thread and Needle","True Grit","Apotheosis","Strength Potion"],"campfire_rested":1,"item_purchase_floors":[21,21,21,37,37,37,45],"current_hp_per_floor":[76,75,75,75,75,75,79,79,79,79,57,59,48,53,53,9,80,76,72,59,59,59,51,51,51,51,57,57,63,59,52,52,33,80,80,80,80,77,77,77,74,74,74,74,74,74,75,56,77,29],"gold":59,"neow_bonus":"UPGRADE_CARD","is_prod":false,"is_daily":false,"chose_seed":false,"campfire_upgraded":9,"win_rate":1,"timestamp":1564138052,"path_taken":["M","M","?","?","M","R","M","R","T","R","E","?","?","M","R","BOSS","M","M","M","$","?","E","R","?","T","M","?","?","E","M","R","BOSS","M","?","$","M","M","E","M","R","T","R","?","R","M","M","R","BOSS"],"build_version":"2019-07-17","purchased_purges":2,"victory":true,"max_hp_per_floor":[80,80,80,80,80,80,80,80,80,80,80,80,80,80,80,80,80,80,80,80,80,80,80,80,80,80,80,80,80,80,80,80,80,80,80,80,80,80,80,80,80,80,80,80,77,77,77,77,77,77],"card_choices":[{"not_picked":["Flex","Clothesline"],"picked":"Inflame","floor":1.0},{"not_picked":["True Grit","Bloodletting"],"picked":"Sword Boomerang","floor":2.0},{"not_picked":["Pummel","Hemokinesis"],"picked":"Shrug It Off","floor":5.0},{"not_picked":["Intimidate","Flex","Hemokinesis"],"picked":"SKIP","floor":7.0},{"not_picked":["Second Wind","Perfected Strike"],"picked":"Corruption","floor":11.0},{"not_picked":["Perfected Strike","Brutality"],"picked":"Clash","floor":12.0},{"not_picked":["Pummel","Perfected Strike"],"picked":"Anger","floor":14.0},{"not_picked":["Barricade","Berserk"],"picked":"Bludgeon","floor":16.0},{"not_picked":["Pommel Strike+1","Heavy Blade"],"picked":"Shrug It Off","floor":18.0},{"not_picked":["Intimidate","Anger"],"picked":"Clothesline+1","floor":19},{"not_picked":["Infernal Blade","Pommel Strike","Sentinel"],"picked":"SKIP","floor":20},{"not_picked":["Thunderclap+1","Anger"],"picked":"Clash","floor":23},{"not_picked":["Flex","Exhume"],"picked":"Dual Wield+1","floor":27},{"not_picked":["Pommel Strike+1","Cleave","Hemokinesis+1"],"picked":"SKIP","floor":29},{"not_picked":["Pommel Strike+1","Cleave","Hemokinesis+1"],"picked":"SKIP","floor":29},{"not_picked":["Flex","Pummel+1"],"picked":"Shrug It Off","floor":30},{"not_picked":["Havoc+1","Warcry"],"picked":"Demon Form","floor":31},{"not_picked":["Demon Form","Barricade"],"picked":"Offering","floor":33},{"not_picked":["Heavy Blade","Armaments","Shrug It Off"],"picked":"SKIP","floor":35},{"not_picked":["Anger","Twin Strike+1"],"picked":"Clash+1","floor":38},{"not_picked":["Dual Wield","Cleave+1","Evolve+1"],"picked":"SKIP","floor":39},{"not_picked":["Dual Wield+1","Infernal Blade+1"],"picked":"Clash+1","floor":40},{"not_picked":["Iron Wave+1","Anger"],"picked":"Warcry+1","floor":41},{"not_picked":["Second Wind+1","Carnage+1"],"picked":"Flame Barrier+1","floor":47},{"not_picked":["Exhume+1","Armaments+1"],"picked":"Flex+1","floor":48}],"player_experience":112462,"relics_obtained":[{"floor":9.0,"key":"Anchor"},{"floor":11.0,"key":"Oddly Smooth Stone"},{"floor":23,"key":"Centennial Puzzle"},{"floor":26,"key":"Bag of Marbles"},{"floor":30,"key":"Red Skull"},{"floor":40,"key":"Toxic Egg 2"},{"floor":43,"key":"Molten Egg 2"}],"event_choices":[{"damage_healed":0.0,"max_hp_gain":0.0,"max_hp_loss":0.0,"gold_gain":0.0,"event_name":"Living Wall","player_choice":"Grow","floor":3.0,"gold_loss":0.0,"damage_taken":0.0,"cards_upgraded":["Inflame"]},{"cards_removed":["Strike_R"],"damage_healed":0.0,"max_hp_gain":0.0,"max_hp_loss":0.0,"gold_gain":0.0,"event_name":"The Cleric","player_choice":"Card Removal","floor":4.0,"gold_loss":50.0,"damage_taken":0.0},{"damage_healed":0.0,"max_hp_gain":0.0,"max_hp_loss":0.0,"gold_gain":75.0,"event_name":"World of Goop","player_choice":"Gather Gold","floor":13.0,"gold_loss":0.0,"damage_taken":11.0},{"damage_healed":0,"gold_gain":99,"player_choice":"Stole From Cult","damage_taken":0,"max_hp_gain":0,"max_hp_loss":0,"event_name":"Nest","floor":22,"gold_loss":0},{"damage_healed":0,"gold_gain":0,"player_choice":"Simplicity","damage_taken":0,"max_hp_gain":0,"max_hp_loss":0,"event_name":"Back to Basics","floor":25,"gold_loss":0,"cards_upgraded":["Strike_R","Strike_R","Strike_R","Strike_R","Defend_R","Defend_R","Defend_R"]},{"cards_removed":["Writhe"],"damage_healed":0,"gold_gain":0,"player_choice":"Gave Gold","damage_taken":0,"max_hp_gain":0,"max_hp_loss":0,"event_name":"Beggar","floor":28,"gold_loss":75},{"damage_healed":0,"gold_gain":275,"player_choice":"Desecrate","damage_taken":0,"max_hp_gain":0,"max_hp_loss":0,"event_name":"Golden Shrine","floor":36,"gold_loss":0,"cards_obtained":["Regret"]}],"is_beta":false,"boss_relics":[{"not_picked":["Calling Bell","White Beast Statue"],"picked":"Cursed Key"},{"not_picked":["Snecko Eye","Runic Cube"],"picked":"Runic Pyramid"}],"items_purged_floors":[37,45],"is_endless":false,"potions_floor_spawned":[2,5,11,12,16,20,23,27,29,33,38,41,47],"ascension_level":0}