{"gold_per_floor":[112,112,128,142,142,142,171,171,171,258,303,328,371,383],"floor_reached":14,"playtime":386,"items_purged":[],"score":216,"play_id":"7864e03b-5c48-46e6-ada1-780822bc8364","local_time":"20190828201315","is_ascension_mode":true,"campfire_choices":[{"data":"Neutralize","floor":6.0,"key":"SMITH"},{"floor":8.0,"key":"REST"}],"neow_cost":"NONE","seed_source_timestamp":7658601304700,"circlet_count":0,"master_deck":["AscendersBane","Strike_G","Strike_G","Strike_G","Strike_G","Defend_G","Defend_G","Defend_G","Defend_G","Defend_G","Survivor","Neutralize+1","Quick Slash","Skewer","Backstab","Poisoned Stab","After Image","Bouncing Flask"],"special_seed":0,"relics":["Ring of the Snake","Snake Skull","Sundial","Mercury Hourglass","MawBank","Vajra","Letter Opener"],"potions_floor_usage":[],"damage_taken":[{"damage":3.0,"enemies":"2 Louse","floor":1.0,"turns":3.0},{"damage":0.0,"enemies":"Jaw Worm","floor":3.0,"turns":5.0},{"damage":2.0,"enemies":"Small Slimes","floor":4.0,"turns":4.0},{"damage":20.0,"enemies":"Gremlin Nob","floor":7.0,"turns":4.0},{"damage":27.0,"enemies":"Lagavulin","floor":11.0,"turns":6.0},{"damage":0.0,"enemies":"3 Louse","floor":12.0,"turns":2.0},{"damage":2.0,"enemies":"3 Sentries","floor":13.0,"turns":6.0},{"damage":2,"enemies":"Exordium Thugs","floor":14,"turns":3}],"seed_played":"6283453875002397692","potions_obtained":[{"floor":4.0,"key":"PowerPotion"},{"floor":11.0,"key":"Fire Potion"}],"is_trial":false,"path_per_floor":["M","?","M","M","?","R","E","R","T","?","E","M","E","M"],"character_chosen":"THE_SILENT","items_purchased":[],"campfire_rested":1,"item_purchase_floors":[],"current_hp_per_floor":[56,49,49,47,42,42,22,41,41,30,3,3,1,0],"gold":383,"neow_bonus":"RANDOM_COMMON_RELIC","is_prod":false,"is_daily":false,"chose_seed":false,"campfire_upgraded":1,"win_rate":0,"timestamp":1567037595,"path_taken":["M","?","M","M","?","R","E","R","T","?","E","M","E","M"],"build_version":"2019-07-17","purchased_purges":0,"victory":false,"max_hp_per_floor":[66,66,66,66,66,66,66,66,66,66,66,66,66,66],"card_choices":[{"not_picked":["PiercingWail","Backflip"],"picked":"Quick Slash","floor":1.0},{"not_picked":["Prepared","PiercingWail"],"picked":"Skewer","floor":3.0},{"not_picked":["Infinite Blades","Dagger Spray"],"picked":"Backstab","floor":4.0},{"not_picked":["Dagger Throw","Endless Agony","Setup"],"picked":"SKIP","floor":7.0},{"not_picked":["Acrobatics","Escape Plan"],"picked":"Poisoned Stab","floor":11.0},{"not_picked":["Sucker Punch","Predator"],"picked":"After Image","floor":12.0},{"not_picked":["Backflip","Accuracy"],"picked":"Bouncing Flask","floor":13.0}],"player_experience":1519996,"relics_obtained":[{"floor":7.0,"key":"Mercury Hourglass"},{"floor":9.0,"key":"MawBank"},{"floor":11.0,"key":"Vajra"},{"floor":13.0,"key":"Letter Opener"}],"event_choices":[{"cards_removed":["Strike_G"],"damage_healed":0.0,"max_hp_gain":0.0,"max_hp_loss":0.0,"gold_gain":0.0,"event_name":"Golden Wing","player_choice":"Card Removal","floor":2.0,"gold_loss":0.0,"damage_taken":7.0},{"damage_healed":0.0,"max_hp_gain":0.0,"max_hp_loss":0.0,"gold_gain":0.0,"event_name":"Scrap Ooze","player_choice":"Success","floor":5.0,"gold_loss":0.0,"damage_taken":5.0,"relics_obtained":["Sundial"]},{"damage_healed":0.0,"max_hp_gain":0.0,"max_hp_loss":0.0,"gold_gain":75.0,"event_name":"World of Goop","player_choice":"Gather Gold","floor":10.0,"gold_loss":0.0,"damage_taken":11.0}],"is_beta":false,"boss_relics":[],"items_purged_floors":[],"is_endless":false,"potions_floor_spawned":[4,11],"killed_by":"Exordium Thugs","ascension_level":20}