{"gold_per_floor":[116,131,150,150,165,194,194,194,194,212,223,223,254,277,277,277],"floor_reached":16,"playtime":501,"items_purged":[],"score":224,"play_id":"bcdbc1db-fe86-4c90-a4a0-0fd3706d2241","local_time":"20190718172409","is_ascension_mode":true,"campfire_choices":[{"floor":8,"key":"REST"},{"floor":12,"key":"REST"},{"data":"Loop","floor":15,"key":"SMITH"}],"neow_cost":"NONE","seed_source_timestamp":348355023424600,"circlet_count":0,"master_deck":["AscendersBane","Strike_B","Strike_B","Strike_B","Strike_B","Defend_B","Defend_B","Defend_B","Defend_B","Zap+1","Dualcast","Compile Driver","Streamline","Cold Snap","Sweeping Beam","Ball Lightning","Cold Snap","Go for the Eyes","Reinforced Body","Loop+1"],"relics":["Cracked Core","Dodecahedron","Blue Candle","Cables","Odd Mushroom"],"potions_floor_usage":[6,6,11,13],"damage_taken":[{"damage":7,"enemies":"Small Slimes","floor":1,"turns":3},{"damage":2,"enemies":"Jaw Worm","floor":2,"turns":4},{"damage":0,"enemies":"Cultist","floor":3,"turns":3},{"damage":6,"enemies":"Looter","floor":5,"turns":2},{"damage":24,"enemies":"Gremlin Nob","floor":6,"turns":4},{"damage":3,"enemies":"Exordium Wildlife","floor":10,"turns":3},{"damage":6,"enemies":"Exordium Thugs","floor":11,"turns":3},{"damage":16,"enemies":"Lagavulin","floor":13,"turns":5},{"damage":5,"enemies":"The Mushroom Lair","floor":14,"turns":3},{"damage":30,"enemies":"Hexaghost","floor":16,"turns":9}],"seed_played":"-3314997399610850785","potions_obtained":[{"floor":0,"key":"AttackPotion"},{"floor":0,"key":"AttackPotion"},{"floor":6,"key":"Weak Potion"},{"floor":10,"key":"Weak Potion"}],"is_trial":false,"path_per_floor":["M","M","M","?","M","E","?","R","T","M","M","R","E","?","R","B"],"character_chosen":"DEFECT","items_purchased":[],"campfire_rested":2,"item_purchase_floors":[],"current_hp_per_floor":[57,55,55,55,49,25,15,36,36,33,27,48,32,27,27,0],"gold":277,"neow_bonus":"THREE_SMALL_POTIONS","is_prod":false,"is_daily":false,"chose_seed":false,"campfire_upgraded":1,"win_rate":0,"timestamp":1563485049,"path_taken":["M","M","M","?","M","E","?","R","T","M","?","R","E","?","R","BOSS"],"build_version":"2019-07-17","purchased_purges":0,"victory":false,"max_hp_per_floor":[71,71,71,71,71,71,71,71,71,71,71,71,71,71,71,71],"card_choices":[{"not_picked":["Glacier","Conserve Battery"],"picked":"Compile Driver","floor":1},{"not_picked":["Steam","Redo"],"picked":"Streamline","floor":2},{"not_picked":["Steam","Beam Cell"],"picked":"Cold Snap","floor":3},{"not_picked":["Consume","Reprogram"],"picked":"Sweeping Beam","floor":5},{"not_picked":["Reprogram","Biased Cognition"],"picked":"Ball Lightning","floor":6},{"not_picked":["Streamline","Heatsinks"],"picked":"Cold Snap","floor":10},{"not_picked":["Sweeping Beam","Coolheaded"],"picked":"Go for the Eyes","floor":11},{"not_picked":["Static Discharge","Leap"],"picked":"Reinforced Body","floor":13},{"not_picked":["Tempest","Storm"],"picked":"Loop","floor":14}],"player_experience":1369443,"relics_obtained":[{"floor":6,"key":"Dodecahedron"},{"floor":9,"key":"Blue Candle"},{"floor":13,"key":"Cables"},{"floor":14,"key":"Odd Mushroom"}],"event_choices":[{"damage_healed":0,"gold_gain":0,"player_choice":"Grow","damage_taken":0,"max_hp_gain":0,"max_hp_loss":0,"event_name":"Living Wall","floor":4,"gold_loss":0,"cards_upgraded":["Zap"]},{"damage_healed":0,"gold_gain":0,"player_choice":"Damaged","damage_taken":10,"max_hp_gain":0,"max_hp_loss":0,"event_name":"Wheel of Change","floor":7,"gold_loss":0},{"damage_healed":0,"gold_gain":0,"player_choice":"Fought Mushrooms","damage_taken":0,"max_hp_gain":0,"max_hp_loss":0,"event_name":"Mushrooms","floor":14,"gold_loss":0}],"is_beta":false,"boss_relics":[],"items_purged_floors":[],"is_endless":false,"potions_floor_spawned":[3,6,10],"killed_by":"Hexaghost","ascension_level":20}