{"gold_per_floor":[111,111,111,129,148,148,165,176,250,279,279,279,305,333,333,404,404,422,472,472,747,110,437,437,465,489,489,48,66,66,166,166,166],"floor_reached":33,"playtime":1051,"items_purged":["Regret"],"score":628,"play_id":"5c7919a2-e94f-4f77-8224-e5ee5d280b33","local_time":"20190704201553","is_ascension_mode":true,"campfire_choices":[{"data":"Zap","floor":6.0,"key":"SMITH"},{"floor":12.0,"key":"REST"},{"data":"Capacitor","floor":15.0,"key":"SMITH"},{"floor":24.0,"key":"REST"},{"floor":27.0,"key":"REST"},{"data":"Buffer","floor":30.0,"key":"SMITH"},{"floor":32.0,"key":"REST"}],"neow_cost":"NONE","seed_source_timestamp":1208799772218600,"circlet_count":0,"master_deck":["AscendersBane","Strike_B","Strike_B+1","Defend_B","Defend_B","Defend_B","Defend_B","Zap+1","Dualcast","Rebound","Go for the Eyes","Barrage","Capacitor+1","Cold Snap","FTL+1","Streamline","Cold Snap","Buffer+1","Conserve Battery","Scrape","Steam Power","Panacea","Beam Cell","Cold Snap+1","Beam Cell","Cold Snap","All For One","FTL","Darkness"],"special_seed":0,"relics":["Cracked Core","Smiling Mask","Mummified Hand","Happy Flower","Whetstone","Dream Catcher","Inserter","Vajra","Ornamental Fan","Old Coin","Bronze Scales","Potion Belt","Membership Card","Shuriken","Ginger","Blue Candle"],"potions_floor_usage":[],"damage_taken":[{"damage":2.0,"enemies":"Jaw Worm","floor":1.0,"turns":3.0},{"damage":1.0,"enemies":"Cultist","floor":4.0,"turns":3.0},{"damage":13.0,"enemies":"Small Slimes","floor":5.0,"turns":4.0},{"damage":12.0,"enemies":"Blue Slaver","floor":7.0,"turns":3.0},{"damage":21.0,"enemies":"Exordium Thugs","floor":8.0,"turns":5.0},{"damage":14.0,"enemies":"3 Sentries","floor":10.0,"turns":6.0},{"damage":8.0,"enemies":"Gremlin Nob","floor":14.0,"turns":3.0},{"damage":26.0,"enemies":"Slime Boss","floor":16.0,"turns":7.0},{"damage":14.0,"enemies":"Spheric Guardian","floor":18.0,"turns":5.0},{"damage":26.0,"enemies":"Gremlin Leader","floor":23.0,"turns":8.0},{"damage":19.0,"enemies":"Book of Stabbing","floor":25.0,"turns":4.0},{"damage":1.0,"enemies":"Chosen","floor":29.0,"turns":4.0},{"damage":14.0,"enemies":"Colosseum Slavers","floor":31.0,"turns":5.0},{"damage":1.0,"enemies":"Colosseum Nobs","floor":31.0,"turns":3.0},{"damage":49,"enemies":"Champ","floor":33,"turns":7}],"seed_played":"4380062808347872457","potions_obtained":[{"floor":4.0,"key":"SpeedPotion"},{"floor":7.0,"key":"Poison Potion"},{"floor":8.0,"key":"Explosive Potion"},{"floor":18.0,"key":"AttackPotion"}],"is_trial":false,"path_per_floor":["M","?","T","M","M","R","M","M","T","E","?","R","T","E","R","B",null,"M","?","?","?","$","E","R","E","T","R","$","M","R","?","R","B"],"character_chosen":"DEFECT","items_purchased":["Vajra","Ornamental Fan","SteroidPotion","Panacea","Membership Card","Shuriken","All For One"],"campfire_rested":4,"item_purchase_floors":[22,22,22,22,28,28,28],"current_hp_per_floor":[62,62,62,61,48,48,36,15,15,1,24,45,45,37,37,11,56,42,42,42,42,42,16,37,18,18,39,39,38,38,23,44,0],"gold":166,"neow_bonus":"THREE_CARDS","is_prod":false,"is_daily":false,"chose_seed":false,"campfire_upgraded":3,"win_rate":0,"timestamp":1562285753,"path_taken":["M","?","?","M","M","R","M","?","T","E","?","R","?","E","R","BOSS","M","?","?","?","$","E","R","E","T","R","$","?","R","?","R","BOSS"],"build_version":"2019-07-01","purchased_purges":1,"victory":false,"max_hp_per_floor":[71,71,71,71,71,71,71,71,71,71,71,71,71,71,71,71,71,71,71,71,71,71,71,71,71,71,71,71,71,71,71,71,71],"card_choices":[{"not_picked":["Static Discharge","Leap"],"picked":"Rebound","floor":0.0},{"not_picked":["Rebound","Barrage"],"picked":"Go for the Eyes","floor":1.0},{"not_picked":["Leap","Static Discharge"],"picked":"Barrage","floor":4.0},{"not_picked":["Aggregate","Turbo"],"picked":"Capacitor","floor":5.0},{"not_picked":["Hello World","Rebound"],"picked":"Cold Snap","floor":7.0},{"not_picked":["Beam Cell","Scrape"],"picked":"FTL","floor":8.0},{"not_picked":["Barrage","Compile Driver"],"picked":"Streamline","floor":10.0},{"not_picked":["Undo","Tempest"],"picked":"Cold Snap","floor":14.0},{"not_picked":["Meteor Strike","Creative AI"],"picked":"Buffer","floor":16.0},{"not_picked":["Gash","Hello World+1"],"picked":"Conserve Battery","floor":18.0},{"not_picked":["Hologram","Barrage"],"picked":"Beam Cell","floor":23.0},{"not_picked":["Sweeping Beam","Leap"],"picked":"Cold Snap+1","floor":24.0},{"not_picked":["White Noise","Reprogram"],"picked":"Beam Cell","floor":25.0},{"not_picked":["Hologram+1","Barrage"],"picked":"Cold Snap","floor":27.0},{"not_picked":["Thunder Strike","Gash","Rip and Tear"],"picked":"SKIP","floor":29.0},{"not_picked":["Compile Driver","Melter"],"picked":"FTL","floor":31.0},{"not_picked":["Hologram","Self Repair"],"picked":"Darkness","floor":32.0}],"player_experience":1276367,"relics_obtained":[{"floor":3.0,"key":"Smiling Mask"},{"floor":9.0,"key":"Mummified Hand"},{"floor":10.0,"key":"Happy Flower"},{"floor":13.0,"key":"Whetstone"},{"floor":14.0,"key":"Dream Catcher"},{"floor":23.0,"key":"Old Coin"},{"floor":25.0,"key":"Bronze Scales"},{"floor":26.0,"key":"Potion Belt"},{"floor":31.0,"key":"Ginger"},{"floor":31.0,"key":"Blue Candle"}],"event_choices":[{"damage_healed":0.0,"max_hp_gain":0.0,"max_hp_loss":0.0,"gold_gain":0.0,"event_name":"Liars Game","player_choice":"Ignored","floor":2.0,"gold_loss":0.0,"damage_taken":0.0},{"damage_healed":23.0,"max_hp_gain":0.0,"max_hp_loss":0.0,"gold_gain":0.0,"event_name":"Big Fish","player_choice":"Banana","floor":11.0,"gold_loss":0.0,"damage_taken":0.0},{"damage_healed":0.0,"max_hp_gain":0.0,"max_hp_loss":0.0,"gold_gain":50.0,"event_name":"Nest","player_choice":"Stole From Cult","floor":19.0,"gold_loss":0.0,"damage_taken":0.0},{"damage_healed":0.0,"max_hp_gain":0.0,"max_hp_loss":0.0,"gold_gain":0.0,"cards_transformed":["Strike_B","Strike_B"],"event_name":"Drug Dealer","player_choice":"Became Test Subject","floor":20.0,"gold_loss":0.0,"damage_taken":0.0,"cards_obtained":["Scrape","Steam Power"]},{"damage_healed":0.0,"max_hp_gain":0.0,"max_hp_loss":0.0,"gold_gain":275.0,"event_name":"Golden Shrine","player_choice":"Desecrate","floor":21.0,"gold_loss":0.0,"damage_taken":0.0,"cards_obtained":["Regret"]},{"damage_healed":0.0,"max_hp_gain":0.0,"max_hp_loss":0.0,"gold_gain":0.0,"event_name":"Colosseum","player_choice":"Fight","floor":31.0,"gold_loss":0.0,"damage_taken":0.0},{"damage_healed":0.0,"max_hp_gain":0.0,"max_hp_loss":0.0,"gold_gain":0.0,"event_name":"Colosseum","player_choice":"Fought Nobs","floor":31.0,"gold_loss":0.0,"damage_taken":0.0}],"is_beta":false,"boss_relics":[{"not_picked":["Nuclear Battery","Snecko Eye"],"picked":"Inserter"}],"items_purged_floors":[22],"is_endless":false,"potions_floor_spawned":[4,7,8,18,31],"killed_by":"Champ","ascension_level":20}