{"gold_per_floor":[115,127,147,147,147,218,218,262,262,280,280],"floor_reached":11,"playtime":238,"items_purged":[],"score":216,"play_id":"163f91c6-1ffd-4df8-8048-2ae5a946d7bb","local_time":"20190806090724","is_ascension_mode":true,"campfire_choices":[{"data":"Lockon","floor":7.0,"key":"SMITH"}],"neow_cost":"NONE","seed_source_timestamp":831733634903100,"circlet_count":0,"master_deck":["AscendersBane","Strike_B","Strike_B","Strike_B","Defend_B","Defend_B","Defend_B","Zap","Dualcast","Rip and Tear","Compile Driver","Ball Lightning","Lockon+1","Barrage","Beam Cell","Ball Lightning"],"special_seed":0,"relics":["Cracked Core","Golden Idol","Tiny Chest","Toxic Egg 2","Potion Belt"],"potions_floor_usage":[],"damage_taken":[{"damage":2.0,"enemies":"Jaw Worm","floor":1.0,"turns":3.0},{"damage":3.0,"enemies":"2 Louse","floor":2.0,"turns":2.0},{"damage":0.0,"enemies":"Cultist","floor":3.0,"turns":2.0},{"damage":0.0,"enemies":"Gremlin Nob","floor":6.0,"turns":2.0},{"damage":25.0,"enemies":"Lagavulin","floor":8.0,"turns":4.0},{"damage":0.0,"enemies":"3 Louse","floor":10.0,"turns":1.0},{"damage":35,"enemies":"3 Sentries","floor":11,"turns":3}],"seed_played":"7604240102572789720","potions_obtained":[{"floor":1.0,"key":"Explosive Potion"},{"floor":2.0,"key":"FearPotion"}],"is_trial":false,"path_per_floor":["M","M","M","?","?","E","R","E","T","M","E"],"character_chosen":"DEFECT","items_purchased":[],"campfire_rested":0,"item_purchase_floors":[],"current_hp_per_floor":[62,59,59,59,59,59,59,34,34,34,0],"gold":280,"neow_bonus":"TRANSFORM_CARD","is_prod":false,"is_daily":false,"chose_seed":false,"campfire_upgraded":1,"win_rate":0,"timestamp":1565096844,"path_taken":["M","M","M","?","?","E","R","E","T","?","E"],"build_version":"2019-07-17","purchased_purges":0,"victory":false,"max_hp_per_floor":[71,71,71,64,64,64,64,64,64,64,64],"card_choices":[{"not_picked":["Aggregate","Skim"],"picked":"Compile Driver","floor":1.0},{"not_picked":["Conserve Battery","Compile Driver"],"picked":"Ball Lightning","floor":2.0},{"not_picked":["Gash","Steam"],"picked":"Lockon","floor":3.0},{"not_picked":["Sweeping Beam","Auto Shields"],"picked":"Barrage","floor":6.0},{"not_picked":["Go for the Eyes","Leap"],"picked":"Beam Cell","floor":8.0},{"not_picked":["Leap+1","Go for the Eyes"],"picked":"Ball Lightning","floor":10.0}],"player_experience":1436869,"relics_obtained":[{"floor":6.0,"key":"Tiny Chest"},{"floor":8.0,"key":"Toxic Egg 2"},{"floor":9.0,"key":"Potion Belt"}],"event_choices":[{"damage_healed":0.0,"max_hp_gain":0.0,"max_hp_loss":7.0,"gold_gain":0.0,"event_name":"Golden Idol","player_choice":"Lose Max HP","floor":4.0,"gold_loss":0.0,"damage_taken":0.0,"relics_obtained":["Golden Idol"]},{"cards_removed":["Strike_B"],"damage_healed":0.0,"max_hp_gain":0.0,"max_hp_loss":0.0,"gold_gain":0.0,"event_name":"Bonfire Elementals","player_choice":"Offered Basic","floor":5.0,"gold_loss":0.0,"damage_taken":0.0}],"is_beta":false,"boss_relics":[],"items_purged_floors":[],"is_endless":false,"potions_floor_spawned":[1,2],"killed_by":"3 Sentries","ascension_level":20}