{"gold_per_floor":[113,127,145,320,320,364,364,394,394,414,455,455,455,475,475,606,606,626,12,53,37,67,67,67,9,33,33,77,96,96,16,16,144,144,163,176,194,23,148,181,196,196,196,217,217,240,240,280,280,280],"floor_reached":51,"playtime":3176,"items_purged":["Doubt","Strike_B"],"score":833,"play_id":"847847f8-3491-4137-8455-7fe447bd25ed","local_time":"20190902221400","is_ascension_mode":false,"campfire_choices":[{"data":"Defragment","floor":7,"key":"SMITH"},{"data":"Zap","floor":13,"key":"SMITH"},{"data":"Barrage","floor":15,"key":"SMITH"},{"data":"Biased Cognition","floor":23,"key":"SMITH"},{"data":"Apotheosis","floor":27,"key":"SMITH"},{"data":"Creative AI","floor":32,"key":"SMITH"},{"floor":47,"key":"DIG"},{"floor":49,"key":"DIG"}],"neow_cost":"NONE","seed_source_timestamp":1134405935621400,"circlet_count":0,"master_deck":["Strike_B","Strike_B","Defend_B","Defend_B","Defend_B","Zap+1","Dualcast","Coolheaded","Compile Driver","Cold Snap","Defragment+1","Hologram","Self Repair","BootSequence","Barrage+1","Creative AI+1","Consume+1","Apotheosis+1","Turbo+1","Biased Cognition+1","Recycle","Biased Cognition","Undo+1","Chill+1","Glacier","Echo Form","Compile Driver+1","Coolheaded+1","Glacier"],"special_seed":0,"relics":["Cracked Core","Ancient Tea Set","Golden Idol","Pantograph","Blood Vial","The Courier","Bag of Preparation","Inserter","OrangePellets","Vajra","DataDisk","Red Mask","Tiny Chest","Letter Opener","Orrery","Shovel","Boot","Dead Branch","Question Card","Potion Belt","Lantern","Kunai"],"potions_floor_usage":[11],"damage_taken":[{"damage":6.0,"enemies":"Jaw Worm","floor":1.0,"turns":3.0},{"damage":0.0,"enemies":"2 Louse","floor":2.0,"turns":4.0},{"damage":2,"enemies":"Small Slimes","floor":3,"turns":2},{"damage":37,"enemies":"Gremlin Nob","floor":6,"turns":5},{"damage":6,"enemies":"Red Slaver","floor":10,"turns":3},{"damage":3,"enemies":"3 Sentries","floor":11,"turns":8},{"damage":0,"enemies":"Large Slime","floor":14,"turns":4},{"damage":39,"enemies":"Slime Boss","floor":16,"turns":16},{"damage":3,"enemies":"3 Byrds","floor":18,"turns":5},{"damage":31,"enemies":"Masked Bandits","floor":20,"turns":6},{"damage":0,"enemies":"2 Thieves","floor":21,"turns":4},{"damage":1,"enemies":"Book of Stabbing","floor":28,"turns":6},{"damage":2,"enemies":"Centurion and Healer","floor":29,"turns":7},{"damage":9,"enemies":"Collector","floor":33,"turns":8},{"damage":0,"enemies":"3 Shapes","floor":35,"turns":5},{"damage":0,"enemies":"Orb Walker","floor":36,"turns":4},{"damage":0,"enemies":"Maw","floor":37,"turns":9},{"damage":0,"enemies":"Mind Bloom Boss Battle","floor":39,"turns":6},{"damage":0,"enemies":"Giant Head","floor":40,"turns":11},{"damage":0,"enemies":"Jaw Worm Horde","floor":41,"turns":4},{"damage":0,"enemies":"Transient","floor":44,"turns":5},{"damage":0,"enemies":"3 Darklings","floor":46,"turns":6},{"damage":0,"enemies":"Nemesis","floor":48,"turns":9},{"damage":0,"enemies":"Awakened One","floor":50,"turns":11}],"seed_played":"112115573105443081","potions_obtained":[{"floor":2.0,"key":"SteroidPotion"},{"floor":10,"key":"Fire Potion"},{"floor":14,"key":"Poison Potion"},{"floor":21,"key":"Poison Potion"},{"floor":48,"key":"PowerPotion"}],"is_trial":false,"path_per_floor":["M","M","M","?","?","E","R","?","T","M","E","?","R","M","R","B",null,"M","$","?","M","?","R","?","$","T","R","E","M","?","$","R","B",null,"M","M","M","$","?","E","M","T","T","M","?","M","R","E","R","B",null],"character_chosen":"DEFECT","items_purchased":["Apotheosis","OrangePellets","Vajra","DataDisk","FocusPotion","Echo Form","FocusPotion"],"campfire_rested":0,"item_purchase_floors":[19,19,19,19,25,38,38],"current_hp_per_floor":[69,69,67,67,67,30,30,30,30,26,25,25,25,34,34,29,69,69,69,48,50,50,50,50,50,50,50,61,69,69,69,69,69,69,69,69,69,69,69,69,69,69,69,69,69,69,69,69,69,69],"gold":280,"neow_bonus":"RANDOM_COMMON_RELIC","is_prod":false,"is_daily":false,"chose_seed":false,"campfire_upgraded":6,"win_rate":0,"timestamp":1567430040,"path_taken":["M","M","M","?","?","E","R","?","T","M","E","?","R","M","R","BOSS","M","$","?","M","?","R","?","?","T","R","E","?","?","$","R","BOSS","M","M","M","$","?","E","M","?","T","M","?","M","R","E","R","BOSS"],"build_version":"2019-07-17","purchased_purges":2,"victory":true,"max_hp_per_floor":[75,75,75,75,69,69,69,69,69,69,69,69,69,69,69,69,69,69,69,69,69,69,69,69,69,69,69,69,69,69,69,69,69,69,69,69,69,69,69,69,69,69,69,69,69,69,69,69,69,69],"card_choices":[{"not_picked":["Beam Cell","Auto Shields"],"picked":"Coolheaded","floor":1.0},{"not_picked":["Chill","Barrage"],"picked":"Compile Driver","floor":2.0},{"not_picked":["Blizzard","Stack"],"picked":"Cold Snap","floor":3},{"not_picked":["Doom and Gloom","Meteor Strike"],"picked":"Defragment","floor":6},{"not_picked":["Cold Snap","Barrage"],"picked":"Hologram","floor":10},{"not_picked":["Lockon","Aggregate"],"picked":"Self Repair","floor":11},{"not_picked":["Aggregate","Lockon"],"picked":"Barrage","floor":14},{"not_picked":["Reboot","Meteor Strike"],"picked":"Creative AI","floor":16},{"not_picked":["Cold Snap","Barrage"],"picked":"Consume+1","floor":18},{"not_picked":["Steam Power","Streamline"],"picked":"Turbo+1","floor":20},{"not_picked":["Loop","Conserve Battery"],"picked":"Biased Cognition","floor":21},{"not_picked":["Melter","Beam Cell","Streamline"],"picked":"SKIP","floor":28},{"not_picked":["Rebound+1","Force Field","BootSequence"],"picked":"SKIP","floor":29},{"not_picked":["Thunder Strike","Hyperbeam"],"picked":"Biased Cognition","floor":33},{"not_picked":["BootSequence","Tempest"],"picked":"Undo+1","floor":34},{"not_picked":["Storm+1","Leap"],"picked":"Chill+1","floor":34},{"not_picked":["Gash","Go for the Eyes","Cold Snap+1"],"picked":"SKIP","floor":35},{"not_picked":["Go for the Eyes","Leap"],"picked":"Glacier","floor":36},{"not_picked":["Beam Cell","Reprogram+1","BootSequence"],"picked":"SKIP","floor":37},{"not_picked":["Barrage+1","Redo+1"],"picked":"Compile Driver+1","floor":39},{"not_picked":["Hologram","Leap"],"picked":"Coolheaded+1","floor":40},{"not_picked":["Rebound+1","Sweeping Beam+1","Thunder Strike"],"picked":"SKIP","floor":41},{"not_picked":["Cold Snap+1","Scrape","Go for the Eyes+1","Rebound+1"],"picked":"SKIP","floor":44},{"not_picked":["Leap","Go for the Eyes+1","Static Discharge","Streamline"],"picked":"SKIP","floor":46},{"not_picked":["Compile Driver","Chill","Go for the Eyes+1"],"picked":"Glacier","floor":48}],"player_experience":353512,"relics_obtained":[{"floor":6,"key":"Pantograph"},{"floor":9,"key":"The Courier"},{"floor":11,"key":"Bag of Preparation"},{"floor":20,"key":"Red Mask"},{"floor":28,"key":"Letter Opener"},{"floor":39,"key":"Shovel"},{"floor":40,"key":"Boot"},{"floor":42,"key":"Dead Branch"},{"floor":43,"key":"Question Card"},{"floor":47,"key":"Potion Belt"},{"floor":48,"key":"Lantern"},{"floor":49,"key":"Kunai"}],"event_choices":[{"damage_healed":0,"gold_gain":175,"player_choice":"AGREE","damage_taken":0,"max_hp_gain":0,"max_hp_loss":0,"event_name":"Liars Game","floor":4,"gold_loss":0,"cards_obtained":["Doubt"]},{"damage_healed":0,"gold_gain":0,"player_choice":"Lose Max HP","damage_taken":0,"relics_obtained":["Golden Idol"],"max_hp_gain":0,"max_hp_loss":6,"event_name":"Golden Idol","floor":5,"gold_loss":0},{"damage_healed":0,"gold_gain":30,"player_choice":"Searched \u00273\u0027 times","damage_taken":0,"relics_obtained":["Blood Vial"],"max_hp_gain":0,"max_hp_loss":0,"event_name":"Dead Adventurer","floor":8,"gold_loss":0},{"damage_healed":0,"gold_gain":0,"cards_transformed":["Strike_B"],"player_choice":"Transformed","damage_taken":0,"max_hp_gain":0,"max_hp_loss":0,"event_name":"Transmorgrifier","floor":12,"gold_loss":0,"cards_obtained":["BootSequence"]},{"damage_healed":0,"gold_gain":0,"player_choice":"Fought Bandits","damage_taken":0,"max_hp_gain":0,"max_hp_loss":0,"event_name":"Masked Bandits","floor":20,"gold_loss":0},{"damage_healed":0,"gold_gain":0,"player_choice":"Opened","damage_taken":0,"relics_obtained":["Tiny Chest"],"max_hp_gain":0,"max_hp_loss":0,"event_name":"The Mausoleum","floor":22,"gold_loss":0},{"damage_healed":0,"gold_gain":0,"player_choice":"Ignored","damage_taken":0,"max_hp_gain":0,"max_hp_loss":0,"event_name":"Ghosts","floor":24,"gold_loss":0},{"damage_healed":0,"gold_gain":0,"player_choice":"Read","damage_taken":0,"max_hp_gain":0,"max_hp_loss":0,"event_name":"The Library","floor":30,"gold_loss":0,"cards_obtained":["Recycle"]},{"damage_healed":0,"gold_gain":0,"player_choice":"Fight","damage_taken":0,"max_hp_gain":0,"max_hp_loss":0,"event_name":"MindBloom","floor":39,"gold_loss":0},{"cards_removed":["Defend_B"],"damage_healed":0,"gold_gain":0,"player_choice":"Removed Skill","damage_taken":0,"max_hp_gain":0,"max_hp_loss":0,"event_name":"Falling","floor":45,"gold_loss":0}],"is_beta":false,"boss_relics":[{"not_picked":["Sozu","Nuclear Battery"],"picked":"Inserter"},{"not_picked":["Tiny House","Lizard Tail"],"picked":"Orrery"}],"items_purged_floors":[19,31],"is_endless":false,"potions_floor_spawned":[2,10,14,21,29,36,39,41,44,48],"ascension_level":0}