{"gold_per_floor":[110,260,276,276,351,383,403,431,431,431,449,749,766,219,219,293,293,306,306,306,306],"floor_reached":21,"playtime":505,"items_purged":["Doubt"],"score":424,"play_id":"07dfb769-dc8f-4667-aafa-d4289d3b036e","local_time":"20190812121046","is_ascension_mode":true,"campfire_choices":[{"floor":10.0,"key":"REST"},{"floor":15.0,"key":"REST"}],"neow_cost":"NONE","seed_source_timestamp":217314276557000,"circlet_count":0,"master_deck":["AscendersBane","Strike_B","Strike_B","Strike_B","Strike_B","Defend_B","Defend_B","Defend_B","Defend_B","Zap+1","Dualcast","Go for the Eyes+1","Ball Lightning","Barrage","Conserve Battery","Streamline+1","Steam","Compile Driver","Leap","Seek","Coolheaded","Glacier","Doom and Gloom","Stack","Loop"],"special_seed":0,"relics":["Cracked Core","NeowsBlessing","Juzu Bracelet","Gremlin Horn","Whetstone","Old Coin","Tiny Chest","Toy Ornithopter","Orrery","Bottled Lightning"],"potions_floor_usage":[18,21],"damage_taken":[{"damage":0.0,"enemies":"Jaw Worm","floor":1.0,"turns":1.0},{"damage":0.0,"enemies":"Small Slimes","floor":3.0,"turns":1.0},{"damage":0.0,"enemies":"3 Sentries","floor":6.0,"turns":1.0},{"damage":0.0,"enemies":"2 Louse","floor":7.0,"turns":2.0},{"damage":43.0,"enemies":"Gremlin Nob","floor":8.0,"turns":5.0},{"damage":20.0,"enemies":"Exordium Thugs","floor":11.0,"turns":3.0},{"damage":8.0,"enemies":"Looter","floor":13.0,"turns":3.0},{"damage":25.0,"enemies":"Hexaghost","floor":16.0,"turns":8.0},{"damage":27,"enemies":"2 Thieves","floor":18,"turns":5},{"damage":39,"enemies":"Masked Bandits","floor":21,"turns":2}],"seed_played":"3507830880981409177","potions_obtained":[{"floor":6.0,"key":"Explosive Potion"},{"floor":8.0,"key":"Ancient Potion"},{"floor":13.0,"key":"LiquidBronze"},{"floor":16.0,"key":"Dexterity Potion"}],"is_trial":false,"path_per_floor":["M","?","M","?","?","E","M","E","T","R","M","?","M","$","R","B",null,"M","T","?","?"],"character_chosen":"DEFECT","items_purchased":["Tiny Chest","Strength Potion","Toy Ornithopter","Leap"],"campfire_rested":2,"item_purchase_floors":[14,14,14,14],"current_hp_per_floor":[64,64,64,64,53,53,53,10,10,31,11,11,3,3,24,4,54,32,32,32,0],"gold":306,"neow_bonus":"THREE_ENEMY_KILL","is_prod":false,"is_daily":false,"chose_seed":false,"campfire_upgraded":0,"win_rate":0,"timestamp":1565626246,"path_taken":["M","?","M","?","?","E","M","E","T","R","M","?","M","$","R","BOSS","M","?","?","?"],"build_version":"2019-07-17","purchased_purges":1,"victory":false,"max_hp_per_floor":[71,71,71,71,71,71,71,71,71,71,71,71,71,71,71,71,71,71,71,71,71],"card_choices":[{"not_picked":["Rebound","Redo"],"picked":"Go for the Eyes","floor":1.0},{"not_picked":["Stack","Steam"],"picked":"Ball Lightning","floor":3.0},{"not_picked":["FTL","Self Repair"],"picked":"Barrage","floor":6.0},{"not_picked":["Stack","Turbo"],"picked":"Conserve Battery","floor":7.0},{"not_picked":["Gash","Static Discharge"],"picked":"Streamline","floor":8.0},{"not_picked":["Barrage","Meteor Strike"],"picked":"Steam","floor":11.0},{"not_picked":["Redo","Darkness"],"picked":"Compile Driver","floor":13.0},{"not_picked":["Meteor Strike","Fission"],"picked":"Seek","floor":16.0},{"not_picked":["FTL","Redo"],"picked":"Coolheaded","floor":17.0},{"not_picked":["Coolheaded","Steam"],"picked":"Glacier","floor":17.0},{"not_picked":["Beam Cell","Chaos"],"picked":"Doom and Gloom","floor":17.0},{"not_picked":["Leap","Darkness"],"picked":"Stack","floor":17.0},{"not_picked":["Skim","Melter"],"picked":"Loop","floor":17.0},{"not_picked":["Skim","Sweeping Beam","Chaos"],"picked":"SKIP","floor":18}],"player_experience":1463576,"relics_obtained":[{"floor":6.0,"key":"Juzu Bracelet"},{"floor":8.0,"key":"Gremlin Horn"},{"floor":9.0,"key":"Whetstone"},{"floor":19,"key":"Bottled Lightning"}],"event_choices":[{"damage_healed":0.0,"max_hp_gain":0.0,"max_hp_loss":0.0,"gold_gain":150.0,"event_name":"Liars Game","player_choice":"AGREE","floor":2.0,"gold_loss":0.0,"damage_taken":0.0,"cards_obtained":["Doubt"]},{"damage_healed":0.0,"max_hp_gain":0.0,"max_hp_loss":0.0,"gold_gain":0.0,"event_name":"Living Wall","player_choice":"Grow","floor":4.0,"gold_loss":0.0,"damage_taken":0.0,"cards_upgraded":["Zap"]},{"damage_healed":0.0,"max_hp_gain":0.0,"max_hp_loss":0.0,"gold_gain":75.0,"event_name":"World of Goop","player_choice":"Gather Gold","floor":5.0,"gold_loss":0.0,"damage_taken":11.0},{"damage_healed":0.0,"max_hp_gain":0.0,"max_hp_loss":0.0,"gold_gain":0.0,"event_name":"WeMeetAgain","player_choice":"Gave Potion","floor":12.0,"gold_loss":0.0,"damage_taken":0.0,"relics_obtained":["Old Coin"]},{"damage_healed":0,"gold_gain":0,"player_choice":"Ignored","damage_taken":0,"max_hp_gain":0,"max_hp_loss":0,"event_name":"Vampires","floor":20,"gold_loss":0},{"damage_healed":0,"gold_gain":0,"player_choice":"Fought Bandits","damage_taken":0,"max_hp_gain":0,"max_hp_loss":0,"event_name":"Masked Bandits","floor":21,"gold_loss":0}],"is_beta":false,"boss_relics":[{"not_picked":["Eternal Feather","Pandora\u0027s Box"],"picked":"Orrery"}],"items_purged_floors":[14],"is_endless":false,"potions_floor_spawned":[6,8,13,16],"killed_by":"Masked Bandits","ascension_level":20}