{"gold_per_floor":[119,129,129,146,221,221,238,238,238,255,275,275,275,291,291,394,394,405,77,77,176,16,16,51,71,96,96,96,116,116,147,147,251,251,270,319,331,126,126,126,126,126,197,208,208,65,165,184,184,184],"floor_reached":51,"playtime":2306,"items_purged":["Strike_R+1","Anger","Carnage+1"],"score":673,"play_id":"3babda8e-28fc-4432-b3f1-9f5a54127162","local_time":"20190809234008","is_ascension_mode":false,"campfire_choices":[{"data":"Bash","floor":6.0,"key":"SMITH"},{"data":"Inflame","floor":8.0,"key":"SMITH"},{"data":"True Grit","floor":13.0,"key":"SMITH"},{"data":"Spot Weakness","floor":15.0,"key":"SMITH"},{"data":"Immolate","floor":23.0,"key":"SMITH"},{"data":"Disarm","floor":27.0,"key":"SMITH"},{"data":"Flame Barrier","floor":30.0,"key":"SMITH"},{"floor":32.0,"key":"REST"},{"data":"Demon Form","floor":40,"key":"SMITH"},{"data":"Inflame","floor":41,"key":"SMITH"},{"floor":45,"key":"REST"},{"floor":49,"key":"REST"}],"neow_cost":"NONE","seed_source_timestamp":1618921394780700,"circlet_count":0,"master_deck":["Defend_R+1","Defend_R+1","Defend_R+1","Defend_R+1","Bash+1","Inflame+1","Spot Weakness+1","True Grit+1","Bludgeon+1","Sword Boomerang+1","Cleave+1","Entrench+1","Disarm+1","Immolate+1","Flame Barrier+1","Inflame+1","Demon Form+1","Madness","Madness","Battle Trance+1","Flame Barrier","Flash of Steel","True Grit+1","Battle Trance"],"special_seed":0,"relics":["Burning Blood","Sundial","Du-Vu Doll","Astrolabe","Membership Card","OrangePellets","Whetstone","Potion Belt","Singing Bowl","Philosopher\u0027s Stone","WingedGreaves","Strange Spoon","Frozen Egg 2","Ginger"],"potions_floor_usage":[33,33,36,47,50,50,50,50,50],"damage_taken":[{"damage":0.0,"enemies":"2 Louse","floor":1.0,"turns":3.0},{"damage":7.0,"enemies":"Jaw Worm","floor":2.0,"turns":5.0},{"damage":0.0,"enemies":"Small Slimes","floor":4.0,"turns":2.0},{"damage":5.0,"enemies":"Looter","floor":7.0,"turns":3.0},{"damage":18.0,"enemies":"Exordium Wildlife","floor":10.0,"turns":4.0},{"damage":2.0,"enemies":"3 Louse","floor":11.0,"turns":2.0},{"damage":5.0,"enemies":"Looter","floor":14.0,"turns":2.0},{"damage":22.0,"enemies":"The Guardian","floor":16.0,"turns":12.0},{"damage":17.0,"enemies":"Shell Parasite","floor":18.0,"turns":5.0},{"damage":27.0,"enemies":"Slavers","floor":24.0,"turns":3.0},{"damage":7.0,"enemies":"3 Byrds","floor":25.0,"turns":3.0},{"damage":0.0,"enemies":"Centurion and Healer","floor":29.0,"turns":5.0},{"damage":11.0,"enemies":"Book of Stabbing","floor":31.0,"turns":7.0},{"damage":62,"enemies":"Collector","floor":33,"turns":11},{"damage":2,"enemies":"Orb Walker","floor":35,"turns":3},{"damage":33,"enemies":"2 Orb Walkers","floor":36,"turns":4},{"damage":0,"enemies":"3 Shapes","floor":37,"turns":8},{"damage":34,"enemies":"Sphere and 2 Shapes","floor":44,"turns":5},{"damage":2,"enemies":"Mind Bloom Boss Battle","floor":47,"turns":6},{"damage":6,"enemies":"Writhing Mass","floor":48,"turns":5},{"damage":39,"enemies":"Awakened One","floor":50,"turns":9}],"seed_played":"1226877416814879192","potions_obtained":[{"floor":4.0,"key":"Explosive Potion"},{"floor":10.0,"key":"LiquidBronze"},{"floor":14.0,"key":"Regen Potion"},{"floor":16.0,"key":"Strength Potion"},{"floor":24.0,"key":"Block Potion"},{"floor":29.0,"key":"SkillPotion"},{"floor":33,"key":"Explosive Potion"},{"floor":35,"key":"FearPotion"},{"floor":36,"key":"Strength Potion"},{"floor":47,"key":"SkillPotion"}],"is_trial":false,"path_per_floor":["M","M","?","M","?","R","M","R","T","M","M","?","R","M","R","B",null,"M","$","?","?","$","R","E","M","T","R","?","M","R","E","R","B",null,"M","?","M","$","?","R","R","?","T","M","R","$","?","M","R","B",null],"character_chosen":"IRONCLAD","items_purchased":["Membership Card","Disarm","Immolate","OrangePellets","Flame Barrier","Strength Potion","Strange Spoon","Energy Potion","Swift Potion","Flame Barrier","Flash of Steel"],"campfire_rested":3,"item_purchase_floors":[19,19,19,22,22,22,38,38,38,46,46],"current_hp_per_floor":[80,79,63,69,58,58,59,59,59,47,51,48,48,49,49,33,80,69,69,69,69,69,69,48,47,47,47,47,53,53,48,72,16,80,82,57,65,65,65,65,65,54,54,26,51,51,55,55,80,47],"gold":184,"neow_bonus":"REMOVE_CARD","is_prod":false,"is_daily":false,"chose_seed":false,"campfire_upgraded":9,"win_rate":0,"timestamp":1565361608,"path_taken":["M","M","?","M","?","R","M","R","T","M","M","?","R","M","R","BOSS","M","$","?","?","$","R","E","M","T","R","?","?","R","E","R","BOSS","M","?","M","$","?","R","R","?","T","M","R","?","?","M","R","BOSS"],"build_version":"2019-07-17","purchased_purges":3,"victory":true,"max_hp_per_floor":[80,80,80,80,80,80,80,80,80,80,80,80,80,80,80,80,80,80,80,80,80,80,80,80,80,80,80,80,80,80,80,80,80,80,82,84,86,86,86,86,86,86,86,86,86,86,86,86,86,86],"card_choices":[{"not_picked":["Armaments","Clothesline"],"picked":"Inflame","floor":1.0},{"not_picked":["Intimidate","Infernal Blade"],"picked":"Carnage","floor":2.0},{"not_picked":["Iron Wave","Pummel"],"picked":"Anger","floor":4.0},{"not_picked":["Flex","Clothesline"],"picked":"Spot Weakness","floor":7.0},{"not_picked":["Combust","Power Through","Flex"],"picked":"SKIP","floor":10.0},{"not_picked":["Anger","Hemokinesis"],"picked":"True Grit","floor":11.0},{"not_picked":["Sentinel","Bloodletting","Corruption"],"picked":"SKIP","floor":14.0},{"not_picked":["Double Tap","Brutality"],"picked":"Bludgeon","floor":16.0},{"not_picked":["Rampage+1","Heavy Blade","Headbutt"],"picked":"SKIP","floor":18.0},{"not_picked":["Heavy Blade","Bloodletting","Anger+1"],"picked":"SKIP","floor":24.0},{"not_picked":["Searing Blow","Havoc","Wild Strike"],"picked":"SKIP","floor":25.0},{"not_picked":["Searing Blow","Shockwave","Havoc"],"picked":"SKIP","floor":29.0},{"not_picked":["Havoc","Entrench"],"picked":"Inflame","floor":31.0},{"not_picked":["Juggernaut","Fiend Fire"],"picked":"Demon Form","floor":33},{"not_picked":["Pommel Strike+1","Searing Blow+1","Spot Weakness"],"picked":"Singing Bowl","floor":35},{"not_picked":["Infernal Blade+1","Havoc","Body Slam+1"],"picked":"Singing Bowl","floor":36},{"not_picked":["Whirlwind","Cleave+1","Havoc"],"picked":"Singing Bowl","floor":37},{"not_picked":["Clash+1","Reckless Charge+1"],"picked":"Battle Trance+1","floor":44},{"not_picked":["Dual Wield","Carnage+1"],"picked":"True Grit+1","floor":47},{"not_picked":["Sword Boomerang","Pommel Strike"],"picked":"Battle Trance","floor":48}],"player_experience":137163,"relics_obtained":[{"floor":9.0,"key":"Sundial"},{"floor":24.0,"key":"Whetstone"},{"floor":26.0,"key":"Potion Belt"},{"floor":31.0,"key":"Singing Bowl"},{"floor":36,"key":"WingedGreaves"},{"floor":43,"key":"Frozen Egg 2"},{"floor":47,"key":"Ginger"}],"event_choices":[{"damage_healed":0.0,"max_hp_gain":0.0,"max_hp_loss":0.0,"gold_gain":0.0,"event_name":"Shining Light","player_choice":"Entered Light","floor":3.0,"gold_loss":0.0,"damage_taken":16.0,"cards_upgraded":["Strike_R","Strike_R"]},{"damage_healed":0.0,"max_hp_gain":0.0,"max_hp_loss":0.0,"gold_gain":75.0,"event_name":"World of Goop","player_choice":"Gather Gold","floor":5.0,"gold_loss":0.0,"damage_taken":11.0},{"damage_healed":0.0,"max_hp_gain":0.0,"max_hp_loss":0.0,"gold_gain":0.0,"event_name":"Scrap Ooze","player_choice":"Success","floor":12.0,"gold_loss":0.0,"damage_taken":3.0,"relics_obtained":["Du-Vu Doll"]},{"damage_healed":0.0,"max_hp_gain":0.0,"max_hp_loss":0.0,"gold_gain":0.0,"event_name":"Back to Basics","player_choice":"Simplicity","floor":20.0,"gold_loss":0.0,"damage_taken":0.0,"cards_upgraded":["Defend_R","Defend_R","Defend_R","Defend_R"]},{"damage_healed":0.0,"max_hp_gain":0.0,"max_hp_loss":0.0,"gold_gain":99.0,"event_name":"Nest","player_choice":"Stole From Cult","floor":21.0,"gold_loss":0.0,"damage_taken":0.0},{"damage_healed":0.0,"max_hp_gain":0.0,"max_hp_loss":0.0,"gold_gain":0.0,"event_name":"Vampires","player_choice":"Ignored","floor":28.0,"gold_loss":0.0,"damage_taken":0.0},{"damage_healed":0,"gold_gain":0,"player_choice":"Fight","damage_taken":0,"max_hp_gain":0,"max_hp_loss":0,"event_name":"Mysterious Sphere","floor":36,"gold_loss":0},{"damage_healed":0,"gold_gain":0,"player_choice":"Ignored","damage_taken":0,"max_hp_gain":0,"max_hp_loss":0,"event_name":"Tomb of Lord Red Mask","floor":39,"gold_loss":0},{"damage_healed":0,"gold_gain":0,"player_choice":"Embrace Madness","damage_taken":11,"max_hp_gain":0,"max_hp_loss":0,"event_name":"Winding Halls","floor":42,"gold_loss":0,"cards_obtained":["Madness","Madness"]},{"damage_healed":0,"gold_gain":0,"player_choice":"Fight","damage_taken":0,"max_hp_gain":0,"max_hp_loss":0,"event_name":"MindBloom","floor":47,"gold_loss":0}],"is_beta":false,"boss_relics":[{"not_picked":["Orrery","Runic Pyramid"],"picked":"Astrolabe"},{"not_picked":["Eternal Feather","Black Star"],"picked":"Philosopher\u0027s Stone"}],"items_purged_floors":[19,38,46],"is_endless":false,"potions_floor_spawned":[4,10,14,16,18,24,29,33,35,36,47,48],"ascension_level":0}