{"gold_per_floor":[211,230,230,240,257,257,110,123,123,123,142,142,175,191,191,288,288,306,318,318,337,337,337,348,348,398,417,435,34,69,1,1,106,106,116,216,265,265,281,314,330,46,70,83,99,131,157,169,181,193],"floor_reached":51,"playtime":3785,"items_purged":["Strike_G","Strike_G"],"score":983,"play_id":"ab85a387-61db-4f1d-b89f-1a971a117afe","local_time":"20190727014015","is_ascension_mode":false,"campfire_choices":[{"data":"Bouncing Flask","floor":6,"key":"SMITH"},{"data":"Neutralize","floor":10,"key":"SMITH"},{"data":"Blade Dance","floor":12,"key":"SMITH"},{"data":"Caltrops","floor":15,"key":"SMITH"},{"data":"Footwork","floor":23,"key":"SMITH"},{"data":"Well Laid Plans","floor":25,"key":"SMITH"},{"data":"Cloak And Dagger","floor":32,"key":"SMITH"},{"floor":49,"key":"RECALL"}],"neow_cost":"NONE","seed_source_timestamp":415051635408100,"circlet_count":0,"master_deck":["Defend_G","Defend_G","Defend_G","Defend_G","Defend_G","Survivor","Neutralize+1","Flying Knee","Bouncing Flask+1","Strike_G","Venomology","Caltrops+1","Well Laid Plans+1","Leg Sweep","Blade Dance+1","Deflect","Corpse Explosion","Backflip","Footwork+1","Cloak And Dagger+1","Caltrops","Adrenaline","Infinite Blades+1","Adrenaline","Well Laid Plans","Night Terror","Backflip","Night Terror","Prepared","Caltrops","Dodge and Roll","Gash","Backflip+1","Body Slam+1"],"special_seed":0,"relics":["Ring of the Snake","Kunai","Lantern","Empty Cage","Mercury Hourglass","Oddly Smooth Stone","Bird Faced Urn","Art of War","Fusion Hammer","Torii","FossilizedHelix","Pen Nib","Regal Pillow","PrismaticShard","Centennial Puzzle","MawBank"],"potions_floor_usage":[8,16,21,21,24,30,37,37,40,41,50,50,50,50],"damage_taken":[{"damage":0,"enemies":"Cultist","floor":1,"turns":5},{"damage":7,"enemies":"Small Slimes","floor":2,"turns":5},{"damage":0,"enemies":"Jaw Worm","floor":4,"turns":4},{"damage":16,"enemies":"Exordium Wildlife","floor":5,"turns":5},{"damage":12,"enemies":"2 Fungi Beasts","floor":8,"turns":4},{"damage":1,"enemies":"3 Louse","floor":11,"turns":4},{"damage":7,"enemies":"Gremlin Nob","floor":13,"turns":5},{"damage":0,"enemies":"Red Slaver","floor":14,"turns":4},{"damage":0,"enemies":"The Guardian","floor":16,"turns":9},{"damage":14,"enemies":"Chosen","floor":18,"turns":5},{"damage":0,"enemies":"3 Byrds","floor":19,"turns":2},{"damage":0,"enemies":"Cultist and Chosen","floor":21,"turns":5},{"damage":0,"enemies":"3 Cultists","floor":24,"turns":3},{"damage":8,"enemies":"Sentry and Sphere","floor":27,"turns":9},{"damage":0,"enemies":"Cultist and Chosen","floor":28,"turns":5},{"damage":20,"enemies":"Slavers","floor":30,"turns":4},{"damage":0,"enemies":"Automaton","floor":33,"turns":12},{"damage":0,"enemies":"3 Shapes","floor":35,"turns":3},{"damage":0,"enemies":"Mind Bloom Boss Battle","floor":36,"turns":7},{"damage":1,"enemies":"2 Orb Walkers","floor":37,"turns":4},{"damage":0,"enemies":"3 Darklings","floor":39,"turns":4},{"damage":0,"enemies":"Reptomancer","floor":40,"turns":8},{"damage":0,"enemies":"Maw","floor":41,"turns":9},{"damage":1,"enemies":"Writhing Mass","floor":44,"turns":6},{"damage":0,"enemies":"Transient","floor":45,"turns":5},{"damage":0,"enemies":"Nemesis","floor":46,"turns":8},{"damage":0,"enemies":"Spire Growth","floor":47,"turns":5},{"damage":0,"enemies":"Donu and Deca","floor":50,"turns":8}],"seed_played":"8454781243831366563","potions_obtained":[{"floor":2,"key":"LiquidBronze"},{"floor":4,"key":"GamblersBrew"},{"floor":16,"key":"PowerPotion"},{"floor":18,"key":"GhostInAJar"},{"floor":21,"key":"SpeedPotion"}],"is_trial":false,"path_per_floor":["M","M","?","M","M","R","$","M","T","R","M","R","E","M","R","B",null,"M","M","?","M","?","R","M","R","T","M","M","$","E","$","R","B",null,"M","?","?","?","M","E","M","$","T","M","M","E","M","?","R","B",null],"character_chosen":"THE_SILENT","items_purchased":["Well Laid Plans","Bird Faced Urn","Well Laid Plans","PrismaticShard","Caltrops","Dodge and Roll"],"campfire_rested":0,"item_purchase_floors":[7,29,31,42,42,42],"current_hp_per_floor":[70,63,63,63,47,47,47,35,35,35,34,34,27,27,27,27,70,56,56,56,56,56,56,56,56,56,48,48,48,38,38,38,50,70,70,70,70,70,70,70,70,70,70,70,70,70,70,70,70,70],"gold":205,"neow_bonus":"HUNDRED_GOLD","is_prod":false,"is_daily":false,"chose_seed":false,"campfire_upgraded":7,"win_rate":1,"timestamp":1564159215,"path_taken":["M","M","?","M","?","R","$","M","T","R","M","R","E","M","R","BOSS","M","M","?","M","?","R","M","R","T","M","M","$","E","?","R","BOSS","M","?","?","?","M","E","M","$","T","?","M","E","?","?","R","BOSS"],"build_version":"2019-07-17","purchased_purges":2,"victory":true,"max_hp_per_floor":[70,70,70,70,70,70,70,70,70,70,70,70,70,70,70,70,70,70,70,70,70,70,70,70,70,70,70,70,70,70,70,70,70,70,70,70,70,70,70,70,70,70,70,70,70,70,70,70,70,70],"card_choices":[{"not_picked":["Dodge and Roll","Setup"],"picked":"Flying Knee","floor":1},{"not_picked":["Blade Dance","Sucker Punch"],"picked":"Bouncing Flask","floor":2},{"not_picked":["Slice","Distraction"],"picked":"Venomology","floor":4},{"not_picked":["Acrobatics","Endless Agony"],"picked":"Caltrops","floor":5},{"not_picked":["Cloak And Dagger","Choke"],"picked":"Leg Sweep","floor":8},{"not_picked":["Expertise","Infinite Blades"],"picked":"Blade Dance","floor":11},{"not_picked":["Dash","Choke"],"picked":"Deflect","floor":13},{"not_picked":["Deflect","Flying Knee","Terror"],"picked":"SKIP","floor":14},{"not_picked":["Doppelganger","Night Terror"],"picked":"Corpse Explosion","floor":16},{"not_picked":["Choke+1","Slice"],"picked":"Backflip","floor":18},{"not_picked":["Flying Knee","Prepared"],"picked":"Deadly Poison","floor":19},{"not_picked":["Outmaneuver+1","Flying Knee"],"picked":"Cloak And Dagger","floor":21},{"not_picked":["Dodge and Roll","Poisoned Stab"],"picked":"Caltrops","floor":24},{"not_picked":["Acrobatics","Dash"],"picked":"Adrenaline","floor":27},{"not_picked":["Deadly Poison","Quick Slash"],"picked":"Infinite Blades+1","floor":28},{"not_picked":["Tactician","Backflip"],"picked":"Adrenaline","floor":30},{"not_picked":["Wraith Form v2","Die Die Die"],"picked":"Night Terror","floor":33},{"not_picked":["Acrobatics","Poisoned Stab+1"],"picked":"Backflip","floor":35},{"not_picked":["Well Laid Plans+1","Endless Agony"],"picked":"Night Terror","floor":37},{"not_picked":["Quick Slash+1","Dagger Throw+1"],"picked":"Prepared","floor":39},{"not_picked":["Slice+1","Dagger Spray+1","Deflect+1"],"picked":"SKIP","floor":40},{"not_picked":["Bane+1","Bouncing Flask","Dagger Spray"],"picked":"SKIP","floor":41},{"not_picked":["Perfected Strike+1","Ball Lightning+1"],"picked":"Gash","floor":44},{"not_picked":["Masterful Stab","Rebound+1"],"picked":"Backflip+1","floor":45},{"not_picked":["Tools of the Trade","Static Discharge"],"picked":"Body Slam","floor":46},{"not_picked":["Pommel Strike","Cloak And Dagger","Dash"],"picked":"SKIP","floor":47}],"player_experience":114768,"relics_obtained":[{"floor":9,"key":"Kunai"},{"floor":13,"key":"Lantern"},{"floor":26,"key":"Oddly Smooth Stone"},{"floor":30,"key":"Art of War"},{"floor":36,"key":"Torii"},{"floor":37,"key":"FossilizedHelix"},{"floor":40,"key":"Regal Pillow"},{"floor":43,"key":"Centennial Puzzle"},{"floor":46,"key":"MawBank"}],"event_choices":[{"cards_removed":["Strike_G"],"damage_healed":0,"gold_gain":0,"player_choice":"Took Card","damage_taken":0,"max_hp_gain":0,"max_hp_loss":0,"event_name":"NoteForYourself","floor":3,"gold_loss":0,"cards_obtained":["Strike_G"]},{"damage_healed":0,"gold_gain":0,"player_choice":"Read","damage_taken":0,"max_hp_gain":0,"max_hp_loss":0,"event_name":"The Library","floor":20,"gold_loss":0,"cards_obtained":["Footwork"]},{"damage_healed":0,"gold_gain":0,"player_choice":"Opened","damage_taken":0,"relics_obtained":["Mercury Hourglass"],"max_hp_gain":0,"max_hp_loss":0,"event_name":"The Mausoleum","floor":22,"gold_loss":0},{"damage_healed":0,"gold_gain":0,"player_choice":"Fight","damage_taken":0,"max_hp_gain":0,"max_hp_loss":0,"event_name":"MindBloom","floor":36,"gold_loss":0},{"damage_healed":0,"gold_gain":0,"player_choice":"Fight","damage_taken":0,"max_hp_gain":0,"max_hp_loss":0,"event_name":"Mysterious Sphere","floor":37,"gold_loss":0},{"cards_removed":["Deadly Poison"],"damage_healed":0,"gold_gain":0,"player_choice":"Gave Card","damage_taken":0,"relics_obtained":["Pen Nib"],"max_hp_gain":0,"max_hp_loss":0,"event_name":"WeMeetAgain","floor":38,"gold_loss":0},{"damage_healed":0,"gold_gain":0,"player_choice":"Upgraded","damage_taken":0,"max_hp_gain":0,"max_hp_loss":0,"event_name":"Upgrade Shrine","floor":48,"gold_loss":0,"cards_upgraded":["Body Slam"]}],"is_beta":false,"boss_relics":[{"not_picked":["Eternal Feather","WristBlade"],"picked":"Empty Cage"},{"not_picked":["Velvet Choker","Calling Bell"],"picked":"Fusion Hammer"}],"items_purged_floors":[7,29],"is_endless":false,"potions_floor_spawned":[2,4,11,13,16,18,21,24,27,28,36,41,44,45,46],"ascension_level":0}