{"gold_per_floor":[109,122,23,41,41,66,66,94,141,174,139,139,139,149,149,221,221,239,239,239,249,249,249],"floor_reached":23,"playtime":841,"items_purged":[],"score":414,"play_id":"71dcb8e4-76fc-425c-8d6c-e688dc845f63","local_time":"20190728172806","is_ascension_mode":true,"campfire_choices":[{"floor":7.0,"key":"REST"},{"data":"Zap","floor":12.0,"key":"SMITH"},{"data":"Streamline","floor":15.0,"key":"SMITH"}],"neow_cost":"TEN_PERCENT_HP_LOSS","seed_source_timestamp":83567415202100,"circlet_count":0,"master_deck":["AscendersBane","Strike_B+1","Strike_B","Strike_B","Strike_B","Defend_B","Defend_B","Defend_B","Defend_B","Zap+1","Dualcast+1","Streamline+1","Beam Cell+1","Doom and Gloom","Genetic Algorithm+1","Compile Driver","Ball Lightning","Biased Cognition","Conserve Battery","Cold Snap+1"],"special_seed":0,"relics":["Cracked Core","StoneCalendar","Matryoshka","War Paint","Juzu Bracelet","Regal Pillow","Blood Vial","Ornamental Fan","Philosopher\u0027s Stone","Nilry\u0027s Codex","Whetstone"],"potions_floor_usage":[23],"damage_taken":[{"damage":8.0,"enemies":"2 Louse","floor":1.0,"turns":2.0},{"damage":7.0,"enemies":"Jaw Worm","floor":2.0,"turns":3.0},{"damage":0.0,"enemies":"Small Slimes","floor":4.0,"turns":2.0},{"damage":25.0,"enemies":"Lagavulin","floor":6.0,"turns":6.0},{"damage":8.0,"enemies":"Gremlin Nob","floor":8.0,"turns":3.0},{"damage":10.0,"enemies":"3 Sentries","floor":10.0,"turns":6.0},{"damage":5.0,"enemies":"Blue Slaver","floor":14.0,"turns":2.0},{"damage":15.0,"enemies":"Slime Boss","floor":16.0,"turns":6.0},{"damage":8.0,"enemies":"Spheric Guardian","floor":18.0,"turns":3.0},{"damage":5.0,"enemies":"3 Byrds","floor":21.0,"turns":3.0},{"damage":24,"enemies":"Slavers","floor":23,"turns":3}],"seed_played":"-2890197146712336528","potions_obtained":[{"floor":6.0,"key":"GamblersBrew"},{"floor":8.0,"key":"FearPotion"},{"floor":10.0,"key":"FairyPotion"},{"floor":14.0,"key":"Fire Potion"},{"floor":16.0,"key":"FocusPotion"}],"is_trial":false,"path_per_floor":["M","M","$","M","?","E","R","E","T","E","?","R","?","M","R","B",null,"M","?","?","M","T","E"],"character_chosen":"DEFECT","items_purchased":["Fire Potion","Doom and Gloom"],"campfire_rested":1,"item_purchase_floors":[3,3],"current_hp_per_floor":[56,49,49,49,49,24,43,35,35,25,41,41,30,27,27,14,52,46,46,25,22,22,0],"gold":249,"neow_bonus":"ONE_RARE_RELIC","is_prod":false,"is_daily":false,"chose_seed":false,"campfire_upgraded":2,"win_rate":0,"timestamp":1564349286,"path_taken":["M","M","$","M","?","E","R","E","T","E","?","R","?","M","R","BOSS","M","?","?","M","?","E"],"build_version":"2019-07-17","purchased_purges":0,"victory":false,"max_hp_per_floor":[64,64,64,64,64,64,64,64,64,64,64,64,64,64,64,64,64,64,64,64,64,64,64],"card_choices":[{"not_picked":["Reinforced Body","Steam"],"picked":"Streamline","floor":1.0},{"not_picked":["Gash","Reboot"],"picked":"Beam Cell","floor":2.0},{"not_picked":["Rebound","Go for the Eyes"],"picked":"Genetic Algorithm","floor":4.0},{"not_picked":["Double Energy","Aggregate"],"picked":"Compile Driver","floor":6.0},{"not_picked":["FTL","Creative AI"],"picked":"Ball Lightning","floor":8.0},{"not_picked":["Tempest","Sweeping Beam","Streamline"],"picked":"SKIP","floor":10.0},{"not_picked":["Barrage","Redo","Stack"],"picked":"SKIP","floor":14.0},{"not_picked":["Creative AI","Buffer"],"picked":"Biased Cognition","floor":16.0},{"not_picked":["Gash","Steam"],"picked":"Conserve Battery","floor":18.0},{"not_picked":["Reprogram","Sweeping Beam"],"picked":"Cold Snap","floor":21.0}],"player_experience":1406238,"relics_obtained":[{"floor":6.0,"key":"Matryoshka"},{"floor":8.0,"key":"War Paint"},{"floor":9.0,"key":"Juzu Bracelet"},{"floor":9.0,"key":"Regal Pillow"},{"floor":10.0,"key":"Blood Vial"},{"floor":20.0,"key":"Nilry\u0027s Codex"},{"floor":22.0,"key":"Whetstone"}],"event_choices":[{"damage_healed":0.0,"max_hp_gain":0.0,"max_hp_loss":0.0,"gold_gain":0.0,"event_name":"Living Wall","player_choice":"Grow","floor":5.0,"gold_loss":0.0,"damage_taken":0.0,"cards_upgraded":["Beam Cell"]},{"damage_healed":16.0,"max_hp_gain":0.0,"max_hp_loss":0.0,"gold_gain":0.0,"event_name":"The Cleric","player_choice":"Healed","floor":11.0,"gold_loss":35.0,"damage_taken":0.0},{"damage_healed":0.0,"max_hp_gain":0.0,"max_hp_loss":0.0,"gold_gain":0.0,"event_name":"Scrap Ooze","player_choice":"Success","floor":13.0,"gold_loss":0.0,"damage_taken":11.0,"relics_obtained":["Ornamental Fan"]},{"damage_healed":0.0,"max_hp_gain":0.0,"max_hp_loss":0.0,"gold_gain":0.0,"event_name":"Vampires","player_choice":"Ignored","floor":19.0,"gold_loss":0.0,"damage_taken":0.0},{"damage_healed":0.0,"max_hp_gain":0.0,"max_hp_loss":0.0,"gold_gain":0.0,"event_name":"Cursed Tome","player_choice":"Obtained Book","floor":20.0,"gold_loss":0.0,"damage_taken":21.0}],"is_beta":false,"boss_relics":[{"not_picked":["Orrery","Sozu"],"picked":"Philosopher\u0027s Stone"}],"items_purged_floors":[],"is_endless":false,"potions_floor_spawned":[6,8,10,14,16,18],"killed_by":"Slavers","ascension_level":20}