{"gold_per_floor":[109,129,143,154,172,202,202,167,194,226,241,84,112,10,10,10],"floor_reached":16,"playtime":1694,"items_purged":["Strike_R"],"score":344,"play_id":"acc9b3e2-db43-4953-8935-a60fe9d0b1ec","local_time":"20190713151715","is_ascension_mode":true,"campfire_choices":[{"floor":7,"key":"REST"},{"floor":15,"key":"REST"}],"neow_cost":"NONE","seed_source_timestamp":327527851218800,"circlet_count":0,"master_deck":["AscendersBane","Strike_R","Strike_R","Strike_R","Strike_R","Defend_R","Defend_R","Defend_R","Defend_R","Bash","Reckless Charge","Feel No Pain","Uppercut","Spot Weakness","Offering","Feed","Battle Trance","Sword Boomerang","Shrug It Off","Shockwave","Armaments","Inflame"],"relics":["Burning Blood","Singing Bowl","Dream Catcher","Centennial Puzzle","Orichalcum"],"potions_floor_usage":[6,6,13],"damage_taken":[{"damage":2,"enemies":"Cultist","floor":1,"turns":4},{"damage":10,"enemies":"Small Slimes","floor":2,"turns":3},{"damage":6,"enemies":"Jaw Worm","floor":3,"turns":5},{"damage":41,"enemies":"Large Slime","floor":4,"turns":12},{"damage":22,"enemies":"Gremlin Gang","floor":5,"turns":7},{"damage":12,"enemies":"3 Sentries","floor":6,"turns":7},{"damage":46,"enemies":"Lagavulin","floor":10,"turns":7},{"damage":16,"enemies":"Red Slaver","floor":11,"turns":4},{"damage":14,"enemies":"3 Sentries","floor":13,"turns":7}],"seed_played":"-507475500703568147","potions_obtained":[{"floor":3,"key":"Weak Potion"},{"floor":5,"key":"Explosive Potion"},{"floor":10,"key":"Energy Potion"}],"is_trial":false,"path_per_floor":["M","M","M","M","M","E","R","?","T","E","M","$","E","$","R","B"],"character_chosen":"IRONCLAD","items_purchased":["Sword Boomerang","Shrug It Off","Armaments","Inflame"],"campfire_rested":2,"item_purchase_floors":[12,12,14,14],"current_hp_per_floor":[79,75,75,40,24,18,42,62,62,22,15,15,10,10,38,0],"gold":10,"neow_bonus":"TEN_PERCENT_HP_BONUS","is_prod":false,"is_daily":false,"chose_seed":false,"campfire_upgraded":0,"win_rate":0,"timestamp":1563045435,"path_taken":["M","M","?","M","M","E","R","?","T","E","M","?","E","$","R","BOSS"],"build_version":"2019-07-05","purchased_purges":1,"victory":false,"max_hp_per_floor":[82,82,82,82,82,82,82,82,82,82,85,85,88,88,90,90],"card_choices":[{"not_picked":["Shrug It Off","Warcry"],"picked":"Reckless Charge","floor":1},{"not_picked":["Pommel Strike","Power Through"],"picked":"Feel No Pain","floor":2},{"not_picked":["Warcry","Sword Boomerang"],"picked":"Uppercut","floor":3},{"not_picked":["True Grit","Blood for Blood"],"picked":"Spot Weakness","floor":4},{"not_picked":["Rupture","Flex","Perfected Strike"],"picked":"SKIP","floor":5},{"not_picked":["Perfected Strike","Seeing Red"],"picked":"Offering","floor":6},{"not_picked":["Headbutt","Blood for Blood"],"picked":"Feed","floor":10},{"not_picked":["Feel No Pain","Sword Boomerang"],"picked":"Battle Trance","floor":11},{"not_picked":["Rage","Havoc"],"picked":"Shockwave","floor":13},{"not_picked":["Evolve","Combust","Corruption"],"picked":"Singing Bowl","floor":15}],"player_experience":1344225,"relics_obtained":[{"floor":6,"key":"Singing Bowl"},{"floor":9,"key":"Dream Catcher"},{"floor":10,"key":"Centennial Puzzle"},{"floor":13,"key":"Orichalcum"}],"event_choices":[{"damage_healed":20,"gold_gain":0,"player_choice":"Healed","damage_taken":0,"max_hp_gain":0,"max_hp_loss":0,"event_name":"The Cleric","floor":8,"gold_loss":35}],"is_beta":false,"boss_relics":[],"items_purged_floors":[12],"is_endless":false,"potions_floor_spawned":[3,5,10],"killed_by":"The Guardian","ascension_level":20}