{"gold_per_floor":[111,127,127,88,10,10,39,55,55,89,108,4,24,42,42,116,116,127,144,144,65,65],"floor_reached":22,"playtime":820,"items_purged":["Strike_B"],"score":442,"play_id":"850ba17b-504e-4fd6-9208-55fc4f1921eb","local_time":"20190531165717","is_ascension_mode":true,"campfire_choices":[{"data":"Dualcast","floor":6,"key":"SMITH"},{"data":"Genetic Algorithm","floor":15,"key":"SMITH"}],"neow_cost":"NONE","seed_source_timestamp":341877757906100,"circlet_count":0,"master_deck":["AscendersBane","Strike_B","Strike_B","Strike_B","Defend_B+1","Defend_B","Defend_B","Defend_B+1","Zap+1","Dualcast+1","Barrage","Compile Driver","Chill","All For One","Ball Lightning+1","Beam Cell+1","Streamline+1","Gash+1","Go for the Eyes+1","Genetic Algorithm+1","Core Surge+1","Conserve Battery","Capacitor"],"relics":["Cracked Core","NeowsBlessing","Molten Egg 2","Shuriken","War Paint","Eternal Feather"],"potions_floor_usage":[10,19,22,22,22],"damage_taken":[{"damage":0,"enemies":"Cultist","floor":1,"turns":1},{"damage":0,"enemies":"Jaw Worm","floor":2,"turns":1},{"damage":0,"enemies":"Gremlin Nob","floor":7,"turns":1},{"damage":0,"enemies":"2 Louse","floor":8,"turns":2},{"damage":13,"enemies":"Lagavulin","floor":10,"turns":5},{"damage":4,"enemies":"Large Slime","floor":11,"turns":3},{"damage":9,"enemies":"Red Slaver","floor":13,"turns":2},{"damage":3,"enemies":"Exordium Wildlife","floor":14,"turns":4},{"damage":9,"enemies":"Hexaghost","floor":16,"turns":7},{"damage":11,"enemies":"2 Thieves","floor":18,"turns":3},{"damage":21,"enemies":"3 Byrds","floor":19,"turns":5},{"damage":28,"enemies":"Centurion and Healer","floor":22,"turns":2}],"seed_played":"-2999996678939162553","potions_obtained":[{"floor":8,"key":"Poison Potion"},{"floor":11,"key":"Block Potion"},{"floor":14,"key":"EntropicBrew"}],"is_trial":false,"path_per_floor":["M","M","?","$","$","R","E","M","T","E","M","$","M","M","R","B",null,"M","M","?","$","M"],"character_chosen":"DEFECT","items_purchased":["Chill","All For One","Go for the Eyes+1","FocusPotion"],"campfire_rested":0,"item_purchase_floors":[4,5,12,21],"current_hp_per_floor":[64,64,64,64,64,64,64,64,64,51,47,47,38,35,35,26,60,49,28,28,28,0],"gold":65,"neow_bonus":"THREE_ENEMY_KILL","is_prod":false,"is_daily":false,"chose_seed":false,"campfire_upgraded":2,"win_rate":0,"timestamp":1559336237,"path_taken":["M","?","?","?","$","R","E","M","T","E","M","$","M","M","R","BOSS","M","?","?","$","M"],"build_version":"2019-01-23","purchased_purges":1,"victory":false,"max_hp_per_floor":[71,71,71,71,71,71,71,71,71,71,71,71,71,71,71,71,71,71,71,71,71,71],"card_choices":[{"not_picked":["Compile Driver","Steam"],"picked":"Barrage","floor":1},{"not_picked":["Reprogram","Tempest"],"picked":"Compile Driver","floor":2},{"not_picked":["Leap","Fusion"],"picked":"Ball Lightning","floor":7},{"not_picked":["Tempest","Ball Lightning+1"],"picked":"Beam Cell+1","floor":8},{"not_picked":["Compile Driver+1","Buffer"],"picked":"Streamline+1","floor":10},{"not_picked":["Barrage+1","Sunder+1"],"picked":"Gash+1","floor":11},{"not_picked":["Stack","Hello World"],"picked":"Genetic Algorithm","floor":13},{"not_picked":["Storm","Reprogram","Streamline+1"],"picked":"SKIP","floor":14},{"not_picked":["Reboot","Hyperbeam+1"],"picked":"Core Surge+1","floor":16},{"not_picked":["Chaos","Redo"],"picked":"Conserve Battery","floor":18},{"not_picked":["Compile Driver+1","Chaos"],"picked":"Capacitor","floor":19}],"player_experience":1122938,"relics_obtained":[{"floor":7,"key":"Molten Egg 2"},{"floor":9,"key":"Shuriken"},{"floor":10,"key":"War Paint"}],"event_choices":[{"damage_healed":0,"gold_gain":0,"player_choice":"Upgraded","damage_taken":0,"max_hp_gain":0,"max_hp_loss":0,"event_name":"Upgrade Shrine","floor":3,"gold_loss":0,"cards_upgraded":["Zap"]},{"damage_healed":0,"gold_gain":0,"player_choice":"Ignored","damage_taken":0,"max_hp_gain":0,"max_hp_loss":0,"event_name":"Beggar","floor":20,"gold_loss":0}],"is_beta":false,"boss_relics":[{"not_picked":["Lizard Tail","Runic Dome"],"picked":"Eternal Feather"}],"items_purged_floors":[12],"is_endless":false,"potions_floor_spawned":[8,11,14,16],"killed_by":"Centurion and Healer","ascension_level":20}