{"gold_per_floor":[116,126,301,351,367,367,392,392,392,410,422,422,481,497,497,592,592,604,19,19,69,85,115,132,132,213,213,313,345,360,392,392,497,497,510,559,559,572,97,97,124,124,124,1,15,15,15,50,50,50,50,50,1,30,30],"floor_reached":56,"playtime":3831,"items_purged":["Doubt","Slice+1"],"score":1561,"play_id":"5ee373f0-161c-48a5-bc66-018ca143262f","local_time":"20190818202549","is_ascension_mode":false,"campfire_choices":[{"data":"Crippling Poison","floor":6,"key":"SMITH"},{"data":"Bouncing Flask","floor":8,"key":"SMITH"},{"data":"Neutralize","floor":12,"key":"SMITH"},{"data":"Noxious Fumes","floor":15,"key":"SMITH"},{"data":"Footwork","floor":25,"key":"SMITH"},{"data":"Prepared","floor":27,"key":"SMITH"},{"floor":32,"key":"RECALL"},{"data":"Well Laid Plans","floor":40,"key":"SMITH"},{"data":"After Image","floor":42,"key":"SMITH"},{"data":"Survivor","floor":49,"key":"SMITH"},{"data":"Skewer+1","floor":52,"key":"PURGE"}],"neow_cost":"TEN_PERCENT_HP_LOSS","seed_source_timestamp":2383578890308800,"circlet_count":0,"master_deck":["Survivor+1","Crippling Poison+1","Bouncing Flask+1","Prepared+1","Acrobatics+1","Leg Sweep+1","Backflip+1","Bouncing Flask+1","Noxious Fumes+1","Adrenaline+1","Outmaneuver+1","Footwork+1","Catalyst+1","Eviscerate+1","Bouncing Flask+1","Backflip+1","Well Laid Plans+1","Burst+1","Calculated Gamble+1","Acrobatics+1","PiercingWail+1","Prepared+1","After Image+1","Concentrate+1","Doppelganger+1","Quick Slash+1","Flechettes+1","Envenom","Flechettes+1","Leg Sweep+1","Reflex+1","Adrenaline+1","Reflex+1","Prepared+1","Underhanded Strike+1","Well Laid Plans+1","Blur+1","Backflip+1","Tactician+1","Calculated Gamble+1","Blur+1","Prepared+1"],"relics":["Ring of the Snake","Snake Skull","Toxic Egg 2","Molten Egg 2","Unceasing Top","Snecko Eye","Dodecahedron","Oddly Smooth Stone","Art of War","Paper Crane","Dead Branch","Matryoshka","Kunai","Ginger","Pandora\u0027s Box","Peace Pipe","Bag of Marbles","Mummified Hand","Blood Vial","Bottled Lightning","Pantograph","Boot"],"potions_floor_usage":[14,55,55,55],"damage_taken":[{"damage":0,"enemies":"Small Slimes","floor":1,"turns":6},{"damage":0,"enemies":"Jaw Worm","floor":2,"turns":5},{"damage":0,"enemies":"2 Louse","floor":5,"turns":4},{"damage":15,"enemies":"Lagavulin","floor":7,"turns":7},{"damage":4,"enemies":"Exordium Thugs","floor":10,"turns":6},{"damage":5,"enemies":"Lots of Slimes","floor":11,"turns":2},{"damage":8,"enemies":"Gremlin Nob","floor":13,"turns":4},{"damage":0,"enemies":"Gremlin Gang","floor":14,"turns":3},{"damage":8,"enemies":"The Guardian","floor":16,"turns":7},{"damage":0,"enemies":"2 Thieves","floor":18,"turns":3},{"damage":0,"enemies":"3 Byrds","floor":22,"turns":3},{"damage":0,"enemies":"Book of Stabbing","floor":23,"turns":2},{"damage":0,"enemies":"Snecko","floor":24,"turns":2},{"damage":0,"enemies":"Colosseum Slavers","floor":28,"turns":3},{"damage":0,"enemies":"Colosseum Nobs","floor":28,"turns":3},{"damage":0,"enemies":"Slavers","floor":29,"turns":4},{"damage":0,"enemies":"Shelled Parasite and Fungi","floor":30,"turns":3},{"damage":0,"enemies":"Gremlin Leader","floor":31,"turns":6},{"damage":0,"enemies":"Automaton","floor":33,"turns":5},{"damage":0,"enemies":"3 Shapes","floor":35,"turns":2},{"damage":0,"enemies":"2 Orb Walkers","floor":36,"turns":3},{"damage":0,"enemies":"3 Darklings","floor":38,"turns":3},{"damage":0,"enemies":"Giant Head","floor":41,"turns":3},{"damage":0,"enemies":"4 Shapes","floor":45,"turns":2},{"damage":0,"enemies":"Nemesis","floor":48,"turns":3},{"damage":0,"enemies":"Awakened One","floor":50,"turns":7},{"damage":0,"enemies":"Shield and Spear","floor":54,"turns":3},{"damage":1,"enemies":"The Heart","floor":55,"turns":3}],"seed_played":"-733279930681507888","potions_obtained":[{"floor":1,"key":"Strength Potion"},{"floor":7,"key":"LiquidBronze"},{"floor":13,"key":"SkillPotion"},{"floor":14,"key":"Energy Potion"},{"floor":22,"key":"Dexterity Potion"}],"is_trial":false,"path_per_floor":["M","M","?","T","M","R","E","R","T","M","M","R","?","M","R","B",null,"M","$","?","T","M","E","M","R","T","R","?","E","M","E","R","B",null,"M","?","?","M","$","R","E","R","T","$","M","T","?","E","R","B",null,"R","$","E","B",null],"character_chosen":"THE_SILENT","items_purchased":["Footwork","Catalyst+1","Dodecahedron","Eviscerate+1","Bouncing Flask+1","Bag of Marbles","Reflex+1","Prepared+1","Underhanded Strike+1","Well Laid Plans","Backflip+1","Tactician+1","Prepared+1"],"campfire_rested":0,"item_purchase_floors":[19,19,19,19,19,39,39,39,39,39,44,44,53],"current_hp_per_floor":[63,63,63,63,63,63,48,48,48,44,39,39,31,31,31,23,63,63,63,63,63,63,63,63,63,63,63,63,63,63,63,63,63,63,63,63,63,63,63,63,63,63,63,63,63,63,63,63,63,63,63,63,63,63,62],"gold":30,"neow_bonus":"REMOVE_TWO","is_prod":false,"is_daily":false,"chose_seed":false,"campfire_upgraded":9,"win_rate":1,"timestamp":1566127549,"path_taken":["M","M","?","?","M","R","E","R","T","M","M","R","?","?","R","BOSS","M","$","?","?","?","E","?","R","T","R","?","E","M","E","R","BOSS","M","?","?","M","$","R","E","R","T","$","M","?","?","E","R","BOSS","R","$","E","BOSS"],"build_version":"2019-07-17","purchased_purges":2,"victory":true,"max_hp_per_floor":[63,63,63,63,63,63,63,63,63,63,63,63,63,63,63,63,63,63,63,63,63,63,63,63,63,63,63,63,63,63,63,63,63,63,63,63,63,63,63,63,63,63,63,63,63,63,63,63,63,63,63,63,63,63,63],"card_choices":[{"not_picked":["Prepared","Dodge and Roll"],"picked":"Crippling Poison","floor":1},{"not_picked":["Dagger Throw","Quick Slash"],"picked":"Bouncing Flask","floor":2},{"not_picked":["Slice","Underhanded Strike"],"picked":"Prepared","floor":5},{"not_picked":["Grand Finale","Underhanded Strike"],"picked":"Acrobatics","floor":7},{"not_picked":["Blade Dance+1","Slice+1"],"picked":"Leg Sweep+1","floor":10},{"not_picked":["Reflex+1","Tactician+1"],"picked":"Backflip+1","floor":11},{"not_picked":["Dodge and Roll+1","Escape Plan+1"],"picked":"Bouncing Flask+1","floor":13},{"not_picked":["Accuracy","Concentrate+1"],"picked":"Noxious Fumes","floor":14},{"not_picked":["Tools of the Trade","Grand Finale+1"],"picked":"Adrenaline+1","floor":16},{"not_picked":["Expertise+1","Deadly Poison+1"],"picked":"Outmaneuver+1","floor":18},{"not_picked":["Concentrate+1","Reflex+1"],"picked":"Backflip+1","floor":22},{"not_picked":["Infinite Blades","Sucker Punch+1"],"picked":"Well Laid Plans+1","floor":23},{"not_picked":["Concentrate+1","Crippling Poison+1"],"picked":"Burst+1","floor":24},{"not_picked":["Skewer+1","Riddle With Holes+1"],"picked":"Calculated Gamble+1","floor":28},{"not_picked":["Outmaneuver+1","Noxious Fumes"],"picked":"Acrobatics+1","floor":29},{"not_picked":["Sucker Punch+1","Blade Dance+1"],"picked":"PiercingWail+1","floor":30},{"not_picked":["Heel Hook+1","Grand Finale+1"],"picked":"Prepared+1","floor":31},{"not_picked":["Malaise+1","Envenom"],"picked":"After Image","floor":33},{"not_picked":["Backstab+1","PiercingWail+1"],"picked":"Leg Sweep+1","floor":35},{"not_picked":["PiercingWail+1","Acrobatics+1"],"picked":"Reflex+1","floor":36},{"not_picked":["Outmaneuver+1","Eviscerate+1"],"picked":"Adrenaline+1","floor":38},{"not_picked":["Expertise+1","Infinite Blades"],"picked":"Blur+1","floor":41},{"not_picked":["PiercingWail+1","Deflect+1"],"picked":"Calculated Gamble+1","floor":45},{"not_picked":["Predator+1","Dagger Throw+1"],"picked":"Blur+1","floor":48},{"not_picked":["Deadly Poison+1","Dagger Throw+1","Poisoned Stab+1"],"picked":"SKIP","floor":54}],"player_experience":180707,"relics_obtained":[{"floor":4,"key":"Snake Skull"},{"floor":7,"key":"Toxic Egg 2"},{"floor":9,"key":"Molten Egg 2"},{"floor":13,"key":"Unceasing Top"},{"floor":21,"key":"Oddly Smooth Stone"},{"floor":23,"key":"Art of War"},{"floor":26,"key":"Paper Crane"},{"floor":28,"key":"Dead Branch"},{"floor":28,"key":"Matryoshka"},{"floor":29,"key":"Kunai"},{"floor":31,"key":"Ginger"},{"floor":36,"key":"Peace Pipe"},{"floor":43,"key":"Mummified Hand"},{"floor":43,"key":"Blood Vial"},{"floor":46,"key":"Bottled Lightning"},{"floor":48,"key":"Pantograph"},{"floor":54,"key":"Boot"}],"event_choices":[{"damage_healed":0,"gold_gain":175,"player_choice":"AGREE","damage_taken":0,"max_hp_gain":0,"max_hp_loss":0,"event_name":"Liars Game","floor":3,"gold_loss":0,"cards_obtained":["Doubt"]},{"damage_healed":0,"gold_gain":0,"player_choice":"Searched \u00271\u0027 times","damage_taken":0,"max_hp_gain":0,"max_hp_loss":0,"event_name":"Dead Adventurer","floor":13,"gold_loss":0},{"damage_healed":0,"gold_gain":0,"player_choice":"Fight","damage_taken":0,"max_hp_gain":0,"max_hp_loss":0,"event_name":"Colosseum","floor":28,"gold_loss":0},{"damage_healed":0,"gold_gain":0,"player_choice":"Fought Nobs","damage_taken":0,"max_hp_gain":0,"max_hp_loss":0,"event_name":"Colosseum","floor":28,"gold_loss":0},{"damage_healed":0,"gold_gain":0,"player_choice":"Fight","damage_taken":0,"max_hp_gain":0,"max_hp_loss":0,"event_name":"Mysterious Sphere","floor":36,"gold_loss":0},{"damage_healed":0,"gold_gain":0,"player_choice":"Ignored","damage_taken":0,"max_hp_gain":0,"max_hp_loss":0,"event_name":"Tomb of Lord Red Mask","floor":37,"gold_loss":0},{"cards_removed":["Neutralize"],"damage_healed":0,"gold_gain":0,"player_choice":"Removed Attack","damage_taken":0,"max_hp_gain":0,"max_hp_loss":0,"event_name":"Falling","floor":47,"gold_loss":0}],"is_beta":false,"boss_relics":[{"not_picked":["Eternal Feather","Ectoplasm"],"picked":"Snecko Eye"},{"not_picked":["White Beast Statue","Tiny House"],"picked":"Pandora\u0027s Box"}],"items_purged_floors":[19,39],"is_endless":false,"potions_floor_spawned":[1,7,13,14,16,22,24,28,30,31,33,35,48],"ascension_level":0}