{"gold_per_floor":[216,236,56,56,70,97,97,109,109,126,157,29,29,60,60,135,135,150,165,165,165,165,165],"floor_reached":23,"playtime":998,"items_purged":[],"score":418,"play_id":"dbfc214d-010e-45f1-b108-7eb8cd87c0f8","local_time":"20190630102625","is_ascension_mode":true,"campfire_choices":[{"data":"Neutralize","floor":7.0,"key":"SMITH"},{"floor":13.0,"key":"REST"},{"data":"Noxious Fumes","floor":15.0,"key":"SMITH"}],"neow_cost":"NONE","seed_source_timestamp":827748865434300,"circlet_count":0,"master_deck":["AscendersBane","Defend_G","Defend_G","Defend_G","Defend_G","Defend_G","Strike_G","Strike_G","Strike_G","Strike_G","Strike_G","Survivor","Neutralize+1","Quick Slash","Flying Knee","Footwork","Finisher","Neutralize","Footwork","Dodge and Roll","Venomology","Noxious Fumes+1","Well Laid Plans+1","Well Laid Plans+1","Flying Knee","A Thousand Cuts+1","Caltrops+1","Blade Dance","RitualDagger"],"special_seed":0,"relics":["Ring of the Snake","Art of War","Blood Vial","Frozen Egg 2","Oddly Smooth Stone","Philosopher\u0027s Stone","Turnip"],"potions_floor_usage":[20,20,23],"damage_taken":[{"damage":4.0,"enemies":"Small Slimes","floor":1.0,"turns":5.0},{"damage":1.0,"enemies":"Cultist","floor":2.0,"turns":4.0},{"damage":1.0,"enemies":"Jaw Worm","floor":5.0,"turns":3.0},{"damage":15.0,"enemies":"Lagavulin","floor":6.0,"turns":7.0},{"damage":10.0,"enemies":"3 Louse","floor":8.0,"turns":5.0},{"damage":0.0,"enemies":"Blue Slaver","floor":10.0,"turns":5.0},{"damage":27.0,"enemies":"Gremlin Nob","floor":11.0,"turns":4.0},{"damage":3.0,"enemies":"3 Sentries","floor":14.0,"turns":11.0},{"damage":7.0,"enemies":"Slime Boss","floor":16.0,"turns":9.0},{"damage":0.0,"enemies":"Chosen","floor":18.0,"turns":6.0},{"damage":9.0,"enemies":"2 Thieves","floor":19.0,"turns":4.0},{"damage":7,"enemies":"Colosseum Slavers","floor":20,"turns":4},{"damage":44,"enemies":"Book of Stabbing","floor":23,"turns":3}],"seed_played":"3145040626676194978","potions_obtained":[{"floor":6.0,"key":"Ancient Potion"},{"floor":8.0,"key":"Strength Potion"},{"floor":16.0,"key":"Weak Potion"},{"floor":19.0,"key":"Energy Potion"}],"is_trial":false,"path_per_floor":["M","M","$","?","M","E","R","M","T","M","E","$","R","E","R","B",null,"M","M","?","?","T","E"],"character_chosen":"THE_SILENT","items_purchased":["Footwork","Finisher","Strength Potion","Well Laid Plans+1","Regen Potion"],"campfire_rested":1,"item_purchase_floors":[3,3,3,12,12],"current_hp_per_floor":[55,54,54,54,53,38,38,28,28,30,5,5,24,38,38,33,58,60,53,48,42,42,0],"gold":165,"neow_bonus":"HUNDRED_GOLD","is_prod":false,"is_daily":false,"chose_seed":false,"campfire_upgraded":2,"win_rate":0,"timestamp":1561904785,"path_taken":["M","M","$","?","M","E","R","M","T","M","E","$","R","E","R","BOSS","M","?","?","?","?","E"],"build_version":"2019-01-23","purchased_purges":0,"victory":false,"max_hp_per_floor":[66,66,66,66,66,66,66,66,66,66,66,66,66,66,66,66,66,66,66,66,66,66,66],"card_choices":[{"not_picked":["Acrobatics","Blade Dance"],"picked":"Quick Slash","floor":1.0},{"not_picked":["Deadly Poison","Dodge and Roll"],"picked":"Flying Knee","floor":2.0},{"not_picked":["Poisoned Stab","Catalyst"],"picked":"Footwork","floor":5.0},{"not_picked":["Blade Dance","Setup"],"picked":"Dodge and Roll","floor":6.0},{"not_picked":["Bouncing Flask","Prepared"],"picked":"Venomology","floor":8.0},{"not_picked":["Heel Hook","Cloak And Dagger"],"picked":"Noxious Fumes","floor":10.0},{"not_picked":["Dagger Spray","Flying Knee"],"picked":"Well Laid Plans","floor":11.0},{"not_picked":["Flechettes","Venomology"],"picked":"Flying Knee","floor":14.0},{"not_picked":["Burst","Unload"],"picked":"A Thousand Cuts+1","floor":16.0},{"not_picked":["Sucker Punch","Masterful Stab"],"picked":"Caltrops+1","floor":18.0},{"not_picked":["Flechettes","Flying Knee"],"picked":"Blade Dance","floor":19.0}],"player_experience":1247825,"relics_obtained":[{"floor":6.0,"key":"Art of War"},{"floor":9.0,"key":"Blood Vial"},{"floor":11.0,"key":"Frozen Egg 2"},{"floor":14.0,"key":"Oddly Smooth Stone"},{"floor":22,"key":"Turnip"}],"event_choices":[{"damage_healed":0.0,"max_hp_gain":0.0,"max_hp_loss":0.0,"gold_gain":0.0,"event_name":"Match and Keep!","player_choice":"1 cards matched","floor":4.0,"gold_loss":0.0,"damage_taken":0.0,"cards_obtained":["Neutralize"]},{"damage_healed":0,"gold_gain":0,"player_choice":"Fight","damage_taken":0,"max_hp_gain":0,"max_hp_loss":0,"event_name":"Colosseum","floor":20,"gold_loss":0},{"damage_healed":0,"gold_gain":0,"player_choice":"Fled From Nobs","damage_taken":0,"max_hp_gain":0,"max_hp_loss":0,"event_name":"Colosseum","floor":20,"gold_loss":0},{"damage_healed":0,"gold_gain":0,"player_choice":"Joined the Cult","damage_taken":6,"max_hp_gain":0,"max_hp_loss":0,"event_name":"Nest","floor":21,"gold_loss":0,"cards_obtained":["RitualDagger"]}],"is_beta":false,"boss_relics":[{"not_picked":["Calling Bell","Fusion Hammer"],"picked":"Philosopher\u0027s Stone"}],"items_purged_floors":[],"is_endless":false,"potions_floor_spawned":[6,8,16,19],"killed_by":"Book of Stabbing","ascension_level":20}