{"gold_per_floor":[115,39,51,71,90,90,122,122,146,165,165,165,165,178,178,277,277,288,301,74,93,106,140,152,179,191,203,215,256,268,292,304,414,426,451,473,505,517,186,186,586,599,599,6,26,26,26,40,40,40],"floor_reached":51,"playtime":1866,"items_purged":["Strike_B","Hello World+1","Coolheaded"],"score":766,"play_id":"1162fd51-9695-4992-b3fd-89ab25ffd3d9","local_time":"20190824134616","is_ascension_mode":false,"campfire_choices":[{"data":"Defragment","floor":6.0,"key":"SMITH"},{"floor":8.0,"key":"REST"},{"data":"Zap","floor":11.0,"key":"SMITH"},{"data":"Redo","floor":15.0,"key":"SMITH"},{"floor":24.0,"key":"REST"},{"data":"Electrodynamics","floor":27.0,"key":"SMITH"},{"data":"1","floor":30.0,"key":"LIFT"},{"data":"Gash","floor":32.0,"key":"SMITH"},{"data":"2","floor":40,"key":"LIFT"},{"data":"3","floor":46,"key":"LIFT"},{"data":"Finesse","floor":49,"key":"SMITH"}],"neow_cost":"NONE","seed_source_timestamp":0,"circlet_count":0,"master_deck":["Defend_B","Defend_B","Defend_B+1","Defend_B","Zap+1","Dualcast","Melter","Defragment+1","Go for the Eyes","Cold Snap","Gash+1","Chill","Seek+1","Redo+1","Electrodynamics+1","Go for the Eyes","Self Repair","Beam Cell","Defragment+1","Gash+1","All For One","Heatsinks+1","Capacitor+1","Coolheaded+1","Beam Cell","Capacitor","Tempest+1","Coolheaded+1","All For One","Finesse+1"],"special_seed":0,"relics":["Cracked Core","NeowsBlessing","Bag of Preparation","Ancient Tea Set","DataDisk","Busted Crown","Bronze Scales","MawBank","Bottled Flame","Girya","Astrolabe","Runic Capacitor","Old Coin","Ornamental Fan","Bottled Lightning"],"potions_floor_usage":[50],"damage_taken":[{"damage":0.0,"enemies":"2 Louse","floor":1.0,"turns":1.0},{"damage":0.0,"enemies":"Small Slimes","floor":3.0,"turns":1.0},{"damage":0.0,"enemies":"Cultist","floor":4.0,"turns":1.0},{"damage":2.0,"enemies":"Looter","floor":5.0,"turns":3.0},{"damage":28.0,"enemies":"Lagavulin","floor":7.0,"turns":6.0},{"damage":0.0,"enemies":"Large Slime","floor":10.0,"turns":5.0},{"damage":0.0,"enemies":"Exordium Wildlife","floor":14.0,"turns":4.0},{"damage":22.0,"enemies":"Hexaghost","floor":16.0,"turns":10.0},{"damage":0.0,"enemies":"Spheric Guardian","floor":18.0,"turns":3.0},{"damage":0.0,"enemies":"3 Byrds","floor":19.0,"turns":4.0},{"damage":12.0,"enemies":"Snecko","floor":21.0,"turns":5.0},{"damage":0.0,"enemies":"3 Cultists","floor":22.0,"turns":4.0},{"damage":21.0,"enemies":"Slavers","floor":23.0,"turns":4.0},{"damage":0.0,"enemies":"Sentry and Sphere","floor":25.0,"turns":3.0},{"damage":3.0,"enemies":"Book of Stabbing","floor":29.0,"turns":5.0},{"damage":0.0,"enemies":"Centurion and Healer","floor":31.0,"turns":4.0},{"damage":14.0,"enemies":"Champ","floor":33.0,"turns":10.0},{"damage":28,"enemies":"3 Darklings","floor":35,"turns":3},{"damage":0,"enemies":"3 Shapes","floor":36,"turns":3},{"damage":10,"enemies":"Jaw Worm Horde","floor":37,"turns":4},{"damage":3,"enemies":"Mind Bloom Boss Battle","floor":41,"turns":4},{"damage":3,"enemies":"Maw","floor":42,"turns":5},{"damage":0,"enemies":"Transient","floor":45,"turns":5},{"damage":0,"enemies":"3 Darklings","floor":48,"turns":2},{"damage":0,"enemies":"Awakened One","floor":50,"turns":8}],"seed_played":"1232583753506637888","potions_obtained":[{"floor":3.0,"key":"GamblersBrew"},{"floor":7.0,"key":"EssenceOfSteel"},{"floor":14.0,"key":"Poison Potion"},{"floor":48,"key":"Block Potion"}],"is_trial":false,"path_per_floor":["M","$","M","M","M","R","E","R","T","M","R","?","?","M","R","B",null,"M","M","$","M","M","E","R","M","T","R","?","E","R","M","R","B",null,"M","M","M","?","$","R","?","M","T","$","M","R","$","M","R","B",null],"character_chosen":"DEFECT","items_purchased":["Defragment","Bronze Scales","Capacitor","Runic Capacitor","All For One","Bottled Lightning","Finesse"],"campfire_rested":2,"item_purchase_floors":[2,20,39,39,44,44,44],"current_hp_per_floor":[75,75,75,75,73,73,45,67,67,67,67,52,45,45,45,23,75,75,75,75,63,63,49,71,75,75,75,75,75,75,75,75,68,75,54,61,58,58,58,58,62,59,59,59,66,66,66,73,73,73],"gold":40,"neow_bonus":"THREE_ENEMY_KILL","is_prod":false,"is_daily":false,"chose_seed":false,"campfire_upgraded":6,"win_rate":0,"timestamp":1566647176,"path_taken":["M","$","M","M","M","R","E","R","T","M","R","?","?","M","R","BOSS","M","M","$","M","M","E","R","M","T","R","?","E","R","M","R","BOSS","M","M","?","?","$","R","?","M","T","?","M","R","$","M","R","BOSS"],"build_version":"2019-07-17","purchased_purges":3,"victory":true,"max_hp_per_floor":[75,75,75,75,75,75,75,75,75,75,75,75,75,75,75,75,75,75,75,75,75,75,75,75,75,75,75,75,75,75,75,75,75,75,75,75,75,75,75,75,75,75,75,75,75,75,75,75,75,75],"card_choices":[{"not_picked":["Steam","Steam Power"],"picked":"Melter","floor":1.0},{"not_picked":["Heatsinks","Coolheaded"],"picked":"Go for the Eyes","floor":3.0},{"not_picked":["Compile Driver","Force Field"],"picked":"Cold Snap","floor":4.0},{"not_picked":["Rebound","Force Field"],"picked":"Gash","floor":5.0},{"not_picked":["Heatsinks","Recycle"],"picked":"Chill","floor":7.0},{"not_picked":["Coolheaded","Self Repair"],"picked":"Seek","floor":10.0},{"not_picked":["Leap","Hello World"],"picked":"Redo","floor":14.0},{"not_picked":["Biased Cognition","Amplify"],"picked":"Electrodynamics","floor":16.0},{"not_picked":[],"picked":"Go for the Eyes","floor":18.0},{"not_picked":[],"picked":"Coolheaded","floor":19.0},{"not_picked":["Sweeping Beam"],"picked":"SKIP","floor":21.0},{"not_picked":[],"picked":"Self Repair","floor":22.0},{"not_picked":["Aggregate"],"picked":"SKIP","floor":23.0},{"not_picked":[],"picked":"Beam Cell","floor":25.0},{"not_picked":["Chaos"],"picked":"SKIP","floor":29.0},{"not_picked":[],"picked":"Gash+1","floor":31.0},{"not_picked":[],"picked":"All For One","floor":33.0},{"not_picked":[],"picked":"Coolheaded+1","floor":35},{"not_picked":[],"picked":"Beam Cell","floor":36},{"not_picked":["Sweeping Beam"],"picked":"SKIP","floor":37},{"not_picked":[],"picked":"Tempest+1","floor":41},{"not_picked":[],"picked":"Coolheaded+1","floor":42},{"not_picked":["Steam Power"],"picked":"SKIP","floor":45},{"not_picked":["Sunder+1"],"picked":"SKIP","floor":48}],"player_experience":359382,"relics_obtained":[{"floor":7.0,"key":"Bag of Preparation"},{"floor":9.0,"key":"Ancient Tea Set"},{"floor":23.0,"key":"MawBank"},{"floor":26.0,"key":"Bottled Flame"},{"floor":29.0,"key":"Girya"},{"floor":41,"key":"Old Coin"},{"floor":43,"key":"Ornamental Fan"}],"event_choices":[{"damage_healed":0.0,"max_hp_gain":0.0,"max_hp_loss":0.0,"gold_gain":0.0,"event_name":"Shining Light","player_choice":"Entered Light","floor":12.0,"gold_loss":0.0,"damage_taken":15.0,"cards_upgraded":["Seek","Defend_B"]},{"damage_healed":0.0,"max_hp_gain":0.0,"max_hp_loss":0.0,"gold_gain":0.0,"event_name":"Scrap Ooze","player_choice":"Success","floor":13.0,"gold_loss":0.0,"damage_taken":7.0,"relics_obtained":["DataDisk"]},{"damage_healed":0.0,"max_hp_gain":0.0,"max_hp_loss":0.0,"gold_gain":0.0,"event_name":"Duplicator","player_choice":"Copied","floor":28.0,"gold_loss":0.0,"damage_taken":0.0,"cards_obtained":["Defragment"]},{"damage_healed":0,"gold_gain":0,"player_choice":"Ignored","damage_taken":0,"max_hp_gain":0,"max_hp_loss":0,"event_name":"Tomb of Lord Red Mask","floor":38,"gold_loss":0},{"damage_healed":0,"gold_gain":0,"player_choice":"Fight","damage_taken":0,"max_hp_gain":0,"max_hp_loss":0,"event_name":"MindBloom","floor":41,"gold_loss":0}],"is_beta":false,"boss_relics":[{"not_picked":["Coffee Dripper","Runic Dome"],"picked":"Busted Crown"},{"not_picked":["Pandora\u0027s Box","FrozenCore"],"picked":"Astrolabe"}],"items_purged_floors":[20,39,44],"is_endless":false,"potions_floor_spawned":[3,7,14,16,21,23,36,48],"ascension_level":0}