{"gold_per_floor":[109,119,89,99,99,128,93,108,108,121,46,62,62,97,97,97],"floor_reached":16,"playtime":544,"items_purged":["Strike_R"],"score":224,"play_id":"fd86377c-24e7-49ce-9628-1ac78d2aec73","local_time":"20190815123013","is_ascension_mode":true,"campfire_choices":[{"floor":13,"key":"REST"},{"data":"Corruption","floor":15,"key":"SMITH"}],"neow_cost":"NONE","seed_source_timestamp":92131380362500,"circlet_count":0,"master_deck":["AscendersBane","Strike_R","Strike_R","Strike_R","Strike_R","Defend_R","Defend_R","Defend_R+1","Bash","Hemokinesis+1","Shockwave","Havoc","Pommel Strike","Feel No Pain","Second Wind","Corruption+1"],"relics":["Burning Blood","PreservedInsect","Bronze Scales","Bottled Lightning"],"potions_floor_usage":[6,6],"damage_taken":[{"damage":10,"enemies":"Jaw Worm","floor":1,"turns":2},{"damage":7,"enemies":"Cultist","floor":2,"turns":3},{"damage":6,"enemies":"Small Slimes","floor":4,"turns":3},{"damage":24,"enemies":"3 Sentries","floor":6,"turns":6},{"damage":20,"enemies":"3 Louse","floor":8,"turns":4},{"damage":8,"enemies":"Exordium Thugs","floor":10,"turns":3},{"damage":13,"enemies":"Large Slime","floor":12,"turns":7},{"damage":12,"enemies":"Lagavulin","floor":14,"turns":6},{"damage":37,"enemies":"Slime Boss","floor":16,"turns":6}],"seed_played":"8066423932804679686","potions_obtained":[{"floor":3,"key":"Ancient Potion"},{"floor":3,"key":"GamblersBrew"},{"floor":4,"key":"Explosive Potion"},{"floor":12,"key":"SpeedPotion"}],"is_trial":false,"path_per_floor":["M","M","?","M","?","E","?","M","T","M","$","M","R","E","R","B"],"character_chosen":"IRONCLAD","items_purchased":[],"campfire_rested":1,"item_purchase_floors":[],"current_hp_per_floor":[64,63,63,63,40,22,40,26,26,24,24,17,39,33,33,0],"gold":97,"neow_bonus":"TRANSFORM_CARD","is_prod":false,"is_daily":false,"chose_seed":false,"campfire_upgraded":1,"win_rate":0,"timestamp":1565886613,"path_taken":["M","M","?","?","?","E","?","M","T","M","$","M","R","E","R","BOSS"],"build_version":"2019-07-17","purchased_purges":1,"victory":false,"max_hp_per_floor":[75,75,75,75,75,75,75,75,75,75,75,75,75,75,75,75],"card_choices":[{"not_picked":["Perfected Strike","Headbutt"],"picked":"Shockwave","floor":1},{"not_picked":["Wild Strike","Thunderclap"],"picked":"Havoc","floor":2},{"not_picked":["Thunderclap","True Grit"],"picked":"Pommel Strike","floor":4},{"not_picked":["Twin Strike","Shrug It Off"],"picked":"Feel No Pain","floor":6},{"not_picked":["Spot Weakness","Shrug It Off"],"picked":"Second Wind","floor":8},{"not_picked":["Entrench","Sword Boomerang","Anger"],"picked":"SKIP","floor":10},{"not_picked":["Twin Strike","Thunderclap","Body Slam"],"picked":"SKIP","floor":12},{"not_picked":["Shrug It Off","True Grit"],"picked":"Corruption","floor":14}],"player_experience":1481227,"relics_obtained":[{"floor":6,"key":"PreservedInsect"},{"floor":9,"key":"Bronze Scales"},{"floor":14,"key":"Bottled Lightning"}],"event_choices":[{"damage_healed":0,"gold_gain":0,"player_choice":"Bought 2 Potions","damage_taken":0,"max_hp_gain":0,"max_hp_loss":0,"event_name":"The Woman in Blue","floor":3,"gold_loss":0},{"damage_healed":0,"gold_gain":0,"player_choice":"Entered Light","damage_taken":23,"max_hp_gain":0,"max_hp_loss":0,"event_name":"Shining Light","floor":5,"gold_loss":0,"cards_upgraded":["Defend_R","Hemokinesis"]},{"damage_healed":18,"gold_gain":0,"player_choice":"Healed","damage_taken":0,"max_hp_gain":0,"max_hp_loss":0,"event_name":"The Cleric","floor":7,"gold_loss":35}],"is_beta":false,"boss_relics":[],"items_purged_floors":[11],"is_endless":false,"potions_floor_spawned":[4,12],"killed_by":"Slime Boss","ascension_level":20}