{"gold_per_floor":[119,132,150,107,107,107,72,72,146,146,176,192,192,218,218,289,289,306,221,221,235,19,19],"floor_reached":23,"playtime":805,"items_purged":["Strike_B"],"score":394,"play_id":"e67b0007-c46a-4e20-b3c6-d064873b4036","local_time":"20190630074624","is_ascension_mode":true,"campfire_choices":[{"data":"White Noise","floor":6.0,"key":"SMITH"},{"data":"Zap","floor":8.0,"key":"SMITH"},{"data":"Dualcast","floor":13.0,"key":"SMITH"},{"data":"Capacitor","floor":15,"key":"SMITH"}],"neow_cost":"NONE","seed_source_timestamp":818660330541900,"circlet_count":0,"master_deck":["AscendersBane","Strike_B","Strike_B","Defend_B","Defend_B","Defend_B","Defend_B","Zap+1","Dualcast+1","Sweeping Beam","White Noise+1","Ball Lightning","Capacitor+1","Stack","Cold Snap","Cold Snap","Echo Form","Ball Lightning+1","Cold Snap+1","Defragment"],"special_seed":0,"relics":["Cracked Core","Oddly Smooth Stone","Matryoshka","Pantograph","Dodecahedron","Black Star","Potion Belt"],"potions_floor_usage":[14,14,16,23,23],"damage_taken":[{"damage":9.0,"enemies":"2 Louse","floor":1.0,"turns":2.0},{"damage":0.0,"enemies":"Small Slimes","floor":2.0,"turns":3.0},{"damage":0.0,"enemies":"Cultist","floor":3.0,"turns":3.0},{"damage":20.0,"enemies":"3 Sentries","floor":11.0,"turns":7.0},{"damage":6.0,"enemies":"Large Slime","floor":12.0,"turns":5.0},{"damage":16,"enemies":"Lagavulin","floor":14,"turns":4},{"damage":40,"enemies":"Hexaghost","floor":16,"turns":10},{"damage":0,"enemies":"3 Byrds","floor":18,"turns":2},{"damage":19,"enemies":"Spheric Guardian","floor":21,"turns":5},{"damage":37,"enemies":"Slavers","floor":23,"turns":2}],"seed_played":"-4889428455894761646","potions_obtained":[{"floor":0.0,"key":"EntropicBrew"},{"floor":0.0,"key":"SpeedPotion"},{"floor":2.0,"key":"PowerPotion"},{"floor":14,"key":"Weak Potion"},{"floor":16,"key":"SteroidPotion"}],"is_trial":false,"path_per_floor":["M","M","M","$","?","R","?","R","T","?","E","M","R","E","R","B",null,"M","?","?","M","$","E"],"character_chosen":"DEFECT","items_purchased":["Capacitor","Defragment","Poison Potion"],"campfire_rested":0,"item_purchase_floors":[4,22,22],"current_hp_per_floor":[55,55,55,55,44,44,61,61,61,61,41,35,35,19,19,4,54,54,54,54,35,35,0],"gold":19,"neow_bonus":"THREE_SMALL_POTIONS","is_prod":false,"is_daily":false,"chose_seed":false,"campfire_upgraded":4,"win_rate":0,"timestamp":1561895184,"path_taken":["M","M","M","$","?","R","?","R","T","?","E","?","R","E","R","BOSS","M","?","?","M","$","E"],"build_version":"2019-01-23","purchased_purges":1,"victory":false,"max_hp_per_floor":[71,71,71,71,71,71,71,71,71,71,71,71,71,71,71,71,71,71,71,71,71,71,71],"card_choices":[{"not_picked":["Conserve Battery","Auto Shields"],"picked":"Sweeping Beam","floor":1.0},{"not_picked":["Fusion","Rebound"],"picked":"White Noise","floor":2.0},{"not_picked":["Compile Driver","Hologram"],"picked":"Ball Lightning","floor":3.0},{"not_picked":["Fission","FTL"],"picked":"Cold Snap","floor":11.0},{"not_picked":["Beam Cell","Stack"],"picked":"Cold Snap","floor":12.0},{"not_picked":["Redo","Tempest","Sweeping Beam"],"picked":"SKIP","floor":14},{"not_picked":["All For One","Meteor Strike"],"picked":"Echo Form","floor":16},{"not_picked":["Doom and Gloom","Redo"],"picked":"Ball Lightning+1","floor":18},{"not_picked":["Glacier","Stack"],"picked":"Cold Snap+1","floor":21}],"player_experience":1246123,"relics_obtained":[{"floor":9.0,"key":"Matryoshka"},{"floor":11.0,"key":"Pantograph"},{"floor":14,"key":"Dodecahedron"}],"event_choices":[{"damage_healed":0.0,"max_hp_gain":0.0,"max_hp_loss":0.0,"gold_gain":0.0,"event_name":"Scrap Ooze","player_choice":"Success","floor":5.0,"gold_loss":0.0,"damage_taken":11.0,"relics_obtained":["Oddly Smooth Stone"]},{"damage_healed":17.0,"max_hp_gain":0.0,"max_hp_loss":0.0,"gold_gain":0.0,"event_name":"The Cleric","player_choice":"Healed","floor":7.0,"gold_loss":35.0,"damage_taken":0.0},{"damage_healed":0.0,"max_hp_gain":0.0,"max_hp_loss":0.0,"gold_gain":0.0,"cards_transformed":["Strike_B"],"event_name":"Transmorgrifier","player_choice":"Transformed","floor":10.0,"gold_loss":0.0,"damage_taken":0.0,"cards_obtained":["Stack"]},{"damage_healed":0,"gold_gain":0,"player_choice":"Obtained Relic","damage_taken":0,"relics_obtained":["Potion Belt"],"max_hp_gain":0,"max_hp_loss":0,"event_name":"Addict","floor":19,"gold_loss":85},{"damage_healed":0,"gold_gain":0,"player_choice":"Ignored","damage_taken":0,"max_hp_gain":0,"max_hp_loss":0,"event_name":"The Mausoleum","floor":20,"gold_loss":0}],"is_beta":false,"boss_relics":[{"not_picked":["Cursed Key","Calling Bell"],"picked":"Black Star"}],"items_purged_floors":[22],"is_endless":false,"potions_floor_spawned":[2,14,16],"killed_by":"Slavers","ascension_level":20}