{"gold_per_floor":[17,17,17,37,37,64,83,117,144,160,170,170,170,187,187,290,290,308,308,319,319,319,319,354,368,368,386,416,416,331,350,350,455,455,472,482,36,54,54,86,96,115,115,115,140,140,154,154,154,154],"floor_reached":51,"playtime":491,"items_purged":[],"score":1238,"play_id":"708277c1-8439-4297-a756-aace186a6a5a","local_time":"20190604040312","is_ascension_mode":true,"campfire_choices":[{"data":"Consecutive_Normal_Punch","floor":15,"key":"SMITH"},{"data":"Defend_Y","floor":23,"key":"SMITH"},{"floor":29,"key":"REST"},{"floor":32,"key":"REST"},{"floor":44,"key":"REST"},{"floor":49,"key":"REST"}],"neow_cost":"NONE","seed_source_timestamp":1496360770752518,"circlet_count":0,"master_deck":["Strike_Y","Strike_Y","Strike_Y","Strike_Y","Strike_Y","Defend_Y","Defend_Y+1","Consecutive_Normal_Punch+1","Slap","Serious_Punch","Consecutive_Normal_Punch","Slap+1","Normal_Punch","Slap","Slap","Slap","Oh","Slap+1","Strike_Y","Consecutive_Normal_Punch","Slap+1","Slap+1","Swift Strike","Swift Strike"],"relics":["Cape","Anchor","Juzu Bracelet","Potion Belt","Ornamental Fan","Velvet Choker","Nilry\u0027s Codex","Pocketwatch","Omamori","Matryoshka","Incense Burner","StoneCalendar","Fusion Hammer","Meat on the Bone","TheAbacus","Ancient Tea Set","Boot","Pear","Gremlin Horn"],"potions_floor_usage":[],"damage_taken":[{"damage":0,"enemies":"Small Slimes","floor":1,"turns":2},{"damage":0,"enemies":"Jaw Worm","floor":4,"turns":1},{"damage":0,"enemies":"Lagavulin","floor":6,"turns":1},{"damage":0,"enemies":"2 Louse","floor":7,"turns":1},{"damage":0,"enemies":"3 Sentries","floor":8,"turns":1},{"damage":0,"enemies":"Exordium Thugs","floor":10,"turns":1},{"damage":0,"enemies":"Exordium Wildlife","floor":11,"turns":1},{"damage":0,"enemies":"Blue Slaver","floor":14,"turns":1},{"damage":0,"enemies":"Slime Boss","floor":16,"turns":1},{"damage":0,"enemies":"Shell Parasite","floor":18,"turns":1},{"damage":0,"enemies":"2 Thieves","floor":20,"turns":1},{"damage":0,"enemies":"Book of Stabbing","floor":24,"turns":1},{"damage":0,"enemies":"Snake Plant","floor":25,"turns":1},{"damage":0,"enemies":"Sentry and Sphere","floor":27,"turns":1},{"damage":0,"enemies":"Slavers","floor":28,"turns":1},{"damage":0,"enemies":"Chosen and Byrds","floor":31,"turns":1},{"damage":0,"enemies":"Collector","floor":33,"turns":1},{"damage":0,"enemies":"3 Darklings","floor":35,"turns":1},{"damage":0,"enemies":"3 Shapes","floor":36,"turns":1},{"damage":0,"enemies":"Writhing Mass","floor":38,"turns":1},{"damage":0,"enemies":"Giant Head","floor":40,"turns":1},{"damage":0,"enemies":"4 Shapes","floor":41,"turns":1},{"damage":0,"enemies":"Spire Growth","floor":42,"turns":1},{"damage":0,"enemies":"Nemesis","floor":45,"turns":1},{"damage":0,"enemies":"Sphere and 2 Shapes","floor":47,"turns":1},{"damage":0,"enemies":"Time Eater","floor":50,"turns":1}],"seed_played":"3652417708925111453","potions_obtained":[{"floor":8,"key":"Explosive Potion"},{"floor":11,"key":"Energy Potion"},{"floor":14,"key":"Explosive Potion"},{"floor":16,"key":"FearPotion"},{"floor":18,"key":"SpeedPotion"}],"is_trial":false,"path_per_floor":["M","?","?","M","$","E","M","E","T","M","M","?","?","M","R","B",null,"M","?","M","?","T","R","E","M","T","M","E","R","?","M","R","B",null,"M","M","$","M","?","E","M","M","T","R","E","$","M","?","R","B",null],"character_chosen":"OPM","items_purchased":["Meat on the Bone","TheAbacus"],"campfire_rested":4,"item_purchase_floors":[37,37],"current_hp_per_floor":[999,999,1004,1004,1004,1004,1004,1004,1004,1004,1004,1004,1004,1004,1004,1004,1004,1004,1004,1004,1004,1004,1004,1004,1004,1004,1004,1004,1004,1004,1004,1004,1004,1004,1004,1004,1004,1004,1004,1004,1004,1004,1014,1014,1014,1014,1014,1014,1014,1014],"gold":154,"neow_bonus":"ONE_RANDOM_RARE_CARD","is_prod":false,"is_daily":false,"chose_seed":false,"campfire_upgraded":2,"win_rate":1,"timestamp":1559588592,"path_taken":["M","?","?","M","$","E","M","E","T","M","M","?","?","M","R","BOSS","M","?","M","?","?","R","E","M","T","M","E","R","?","M","R","BOSS","M","M","$","M","?","E","M","M","T","R","E","?","M","?","R","BOSS"],"build_version":"2019-01-23","purchased_purges":0,"victory":true,"max_hp_per_floor":[999,999,1004,1004,1004,1004,1004,1004,1004,1004,1004,1004,1004,1004,1004,1004,1004,1004,1004,1004,1004,1004,1004,1004,1004,1004,1004,1004,1004,1004,1004,1004,1004,1004,1004,1004,1004,1004,1004,1004,1004,1004,1014,1014,1014,1014,1014,1014,1014,1014],"card_choices":[{"not_picked":["Ignore","Toss_Stone","Normal_Punch"],"picked":"SKIP","floor":1},{"not_picked":["Yawn","Side_Hop","Ignore"],"picked":"SKIP","floor":4},{"not_picked":["Ignore","Side_Hop","Wear_Disguise"],"picked":"SKIP","floor":6},{"not_picked":["Toss_Stone","Wear_Disguise","Do_Nothing"],"picked":"SKIP","floor":7},{"not_picked":["Do_Nothing","Yawn"],"picked":"Consecutive_Normal_Punch","floor":8},{"not_picked":["Ignore","Yawn","Hop"],"picked":"SKIP","floor":10},{"not_picked":["Terrifying_Presence","Ignore"],"picked":"Slap","floor":11},{"not_picked":["Ignore","Yawn","Hop"],"picked":"SKIP","floor":14},{"not_picked":["Terrifying_Presence","Serious_Side_Hops"],"picked":"Serious_Punch","floor":16},{"not_picked":["Hop","Slap"],"picked":"Consecutive_Normal_Punch","floor":18},{"not_picked":["Ignore","Yawn"],"picked":"Slap+1","floor":20},{"not_picked":["Toss_Stone","Do_Nothing"],"picked":"Normal_Punch","floor":24},{"not_picked":["Yawn","Ignore+1","Side_Hop+1"],"picked":"SKIP","floor":25},{"not_picked":["Consecutive_Normal_Punch","Do_Nothing"],"picked":"Slap","floor":27},{"not_picked":["Do_Nothing","Consecutive_Normal_Punch"],"picked":"Slap","floor":28},{"not_picked":["Wear_Disguise+1","Ignore+1"],"picked":"Slap","floor":31},{"not_picked":["Terrifying_Presence","Get_Hopes_Up"],"picked":"Oh","floor":33},{"not_picked":["Do_Nothing+1","Ignore+1","Side_Hop"],"picked":"SKIP","floor":35},{"not_picked":["Ignore","Hop"],"picked":"Slap+1","floor":36},{"not_picked":["Side_Hop+1","Serious_Side_Hops","Toss_Stone"],"picked":"SKIP","floor":38},{"not_picked":["Hop","Side_Hop+1","Yawn"],"picked":"SKIP","floor":40},{"not_picked":["Normal_Punch+1","Yawn"],"picked":"Consecutive_Normal_Punch","floor":41},{"not_picked":["Hop","Side_Hop+1","Ignore"],"picked":"SKIP","floor":42},{"not_picked":["Hop","Wear_Disguise"],"picked":"Slap+1","floor":45},{"not_picked":["Serious_Side_Hops","Side_Hop"],"picked":"Slap+1","floor":47},{"not_picked":["Finesse","Bandage Up"],"picked":"Swift Strike","floor":48},{"not_picked":["Jack Of All Trades","Secret Technique"],"picked":"Swift Strike","floor":48}],"player_experience":3861,"relics_obtained":[{"floor":6,"key":"Anchor"},{"floor":8,"key":"Juzu Bracelet"},{"floor":9,"key":"Potion Belt"},{"floor":21,"key":"Nilry\u0027s Codex"},{"floor":22,"key":"Pocketwatch"},{"floor":24,"key":"Omamori"},{"floor":26,"key":"Matryoshka"},{"floor":28,"key":"Incense Burner"},{"floor":40,"key":"Ancient Tea Set"},{"floor":43,"key":"Boot"},{"floor":43,"key":"Pear"},{"floor":45,"key":"Gremlin Horn"}],"event_choices":[{"cards_removed":["Defend_Y"],"damage_healed":0,"gold_gain":0,"player_choice":"Forget","damage_taken":0,"max_hp_gain":0,"max_hp_loss":0,"event_name":"Living Wall","floor":2,"gold_loss":0},{"damage_healed":0,"gold_gain":0,"player_choice":"Donut","damage_taken":0,"max_hp_gain":5,"max_hp_loss":0,"event_name":"Big Fish","floor":3,"gold_loss":0},{"cards_removed":["Terrifying_Presence"],"damage_healed":0,"gold_gain":0,"player_choice":"Gave Card","damage_taken":0,"relics_obtained":["Ornamental Fan"],"max_hp_gain":0,"max_hp_loss":0,"event_name":"WeMeetAgain","floor":12,"gold_loss":0},{"cards_removed":["Defend_Y"],"damage_healed":0,"gold_gain":0,"player_choice":"Card Removal","damage_taken":7,"max_hp_gain":0,"max_hp_loss":0,"event_name":"Golden Wing","floor":13,"gold_loss":0},{"cards_removed":["Defend_Y"],"damage_healed":0,"gold_gain":0,"player_choice":"Elegance","damage_taken":0,"max_hp_gain":0,"max_hp_loss":0,"event_name":"Back to Basics","floor":19,"gold_loss":0},{"damage_healed":0,"gold_gain":0,"player_choice":"Obtained Book","damage_taken":16,"max_hp_gain":0,"max_hp_loss":0,"event_name":"Cursed Tome","floor":21,"gold_loss":0},{"damage_healed":0,"gold_gain":0,"player_choice":"Obtained Relic","damage_taken":0,"relics_obtained":["StoneCalendar"],"max_hp_gain":0,"max_hp_loss":0,"event_name":"Addict","floor":30,"gold_loss":85},{"damage_healed":0,"gold_gain":0,"player_choice":"1 cards matched","damage_taken":0,"max_hp_gain":0,"max_hp_loss":0,"event_name":"Match and Keep!","floor":39,"gold_loss":0,"cards_obtained":["Strike_Y"]},{"damage_healed":0,"gold_gain":0,"player_choice":"Memory 3","damage_taken":10,"max_hp_gain":0,"max_hp_loss":0,"event_name":"SensoryStone","floor":48,"gold_loss":0}],"is_beta":false,"boss_relics":[{"not_picked":["Runic Dome","Snecko Eye"],"picked":"Velvet Choker"},{"not_picked":["Black Star","Busted Crown"],"picked":"Fusion Hammer"}],"items_purged_floors":[],"is_endless":false,"potions_floor_spawned":[8,11,14,16,18,25,31,33,35,40],"ascension_level":1}