{"gold_per_floor":[116,116,130,13,13,13,32,32,77,102,28,44,72,85,85,85],"floor_reached":16,"playtime":599,"items_purged":["Defend_R"],"score":245,"play_id":"f6da9a14-2d10-4050-827d-72decafb1d1d","local_time":"20190624144919","is_ascension_mode":true,"campfire_choices":[{"data":"Armaments","floor":6.0,"key":"SMITH"},{"data":"Inflame","floor":8.0,"key":"SMITH"},{"data":"Feel No Pain","floor":15,"key":"SMITH"}],"neow_cost":"PERCENT_DAMAGE","seed_source_timestamp":325811405049800,"circlet_count":0,"master_deck":["AscendersBane","Strike_R","Strike_R","Strike_R","Strike_R","Strike_R","Defend_R","Defend_R","Bash","Fire Breathing","Armaments+1","Inflame+1","True Grit","Feel No Pain","Feel No Pain+1","Flame Barrier","Body Slam","Body Slam"],"special_seed":0,"relics":["Burning Blood","Strawberry","Sundial","Matryoshka"],"potions_floor_usage":[12,13,16],"damage_taken":[{"damage":9.0,"enemies":"Jaw Worm","floor":1.0,"turns":4.0},{"damage":6.0,"enemies":"Cultist","floor":3.0,"turns":3.0},{"damage":14.0,"enemies":"2 Louse","floor":7.0,"turns":3.0},{"damage":35.0,"enemies":"Lagavulin","floor":10.0,"turns":7.0},{"damage":27,"enemies":"Gremlin Gang","floor":12,"turns":7},{"damage":20,"enemies":"3 Sentries","floor":13,"turns":16},{"damage":2,"enemies":"Blue Slaver","floor":14,"turns":5},{"damage":30,"enemies":"Hexaghost","floor":16,"turns":7}],"seed_played":"-1176664607122624408","potions_obtained":[{"floor":7.0,"key":"BloodPotion"},{"floor":12,"key":"Regen Potion"},{"floor":13,"key":"Fire Potion"}],"is_trial":false,"path_per_floor":["M","?","M","$","?","R","M","R","T","E","$","M","E","M","R","B"],"character_chosen":"IRONCLAD","items_purchased":["Inflame","Feel No Pain"],"campfire_rested":0,"item_purchase_floors":[4,11],"current_hp_per_floor":[61,61,61,61,61,61,53,53,60,31,31,19,20,24,24,0],"gold":85,"neow_bonus":"TWENTY_PERCENT_HP_BONUS","is_prod":false,"is_daily":false,"chose_seed":false,"campfire_upgraded":3,"win_rate":0,"timestamp":1561402159,"path_taken":["M","?","?","?","?","R","M","R","T","E","$","M","E","M","R","BOSS"],"build_version":"2019-01-23","purchased_purges":1,"victory":false,"max_hp_per_floor":[89,89,89,89,89,89,89,89,96,96,96,96,96,96,96,96],"card_choices":[{"not_picked":["Clash","Heavy Blade"],"picked":"Fire Breathing","floor":1.0},{"not_picked":["Clothesline","Perfected Strike"],"picked":"Armaments","floor":3.0},{"not_picked":["Spot Weakness","Hemokinesis"],"picked":"True Grit","floor":7.0},{"not_picked":["Carnage","Ghostly Armor"],"picked":"Feel No Pain","floor":10.0},{"not_picked":["Thunderclap","Shrug It Off"],"picked":"Flame Barrier","floor":12},{"not_picked":["Barricade","Uppercut"],"picked":"Body Slam","floor":13},{"not_picked":["Clothesline","Headbutt"],"picked":"Body Slam","floor":14}],"player_experience":1223295,"relics_obtained":[{"floor":9.0,"key":"Strawberry"},{"floor":10.0,"key":"Sundial"},{"floor":13,"key":"Matryoshka"}],"event_choices":[{"cards_removed":["Defend_R"],"damage_healed":0.0,"max_hp_gain":0.0,"max_hp_loss":0.0,"gold_gain":0.0,"event_name":"Purifier","player_choice":"Purged","floor":2.0,"gold_loss":0.0,"damage_taken":0.0},{"damage_healed":0.0,"max_hp_gain":0.0,"max_hp_loss":0.0,"gold_gain":0.0,"event_name":"Liars Game","player_choice":"Ignored","floor":5.0,"gold_loss":0.0,"damage_taken":0.0}],"is_beta":false,"boss_relics":[],"items_purged_floors":[4],"is_endless":false,"potions_floor_spawned":[7,12,13],"killed_by":"Hexaghost","ascension_level":20}