{"gold_per_floor":[114,124,124,124,140,140,167,186,209,244,257,257,269,283,283,384,384,394,410,443,443,114,114,114,114,139,173,187,367,387,5,5,106,106,120,220,238,291,49,78,78,92,92,92,92,117,135,167,167,167],"floor_reached":51,"playtime":2789,"items_purged":["Strike_R+1"],"score":965,"play_id":"d4f62437-d617-453f-a150-e57259dcb1c2","local_time":"20190831090651","is_ascension_mode":false,"campfire_choices":[{"data":"Bash","floor":6.0,"key":"SMITH"},{"data":"Combust","floor":12.0,"key":"SMITH"},{"floor":15.0,"key":"REST"},{"data":"Demon Form","floor":23,"key":"SMITH"},{"data":"Apotheosis","floor":25,"key":"SMITH"},{"data":"Berserk","floor":32,"key":"SMITH"},{"data":"Battle Trance","floor":41,"key":"SMITH"},{"floor":44,"key":"DIG"},{"floor":49,"key":"DIG"}],"neow_cost":"NONE","seed_source_timestamp":914648833351100,"circlet_count":0,"master_deck":["Strike_R+1","Strike_R+1","Strike_R+1","Strike_R+1","Defend_R+1","Defend_R+1","Defend_R+1","Defend_R+1","Bash+1","Combust+1","Perfected Strike","Wild Strike","Battle Trance+1","True Grit","Twin Strike","Corruption","Demon Form+1","Perfected Strike","Reaper","Flex","Iron Wave+1","Apotheosis+1","Rage","Metallicize","Pommel Strike","Seeing Red","Sentinel","Feel No Pain+1","Berserk+1","Flash of Steel","Impervious","Sentinel","Corruption","Disarm+1","Shrug It Off","Discovery","Havoc","Shrug It Off","Warcry","Madness","Madness","Sentinel","Flex+1","Impervious"],"special_seed":0,"relics":["Burning Blood","Oddly Smooth Stone","Lantern","Juzu Bracelet","PreservedInsect","Runic Pyramid","Red Mask","Ancient Tea Set","Bag of Marbles","Red Skull","Coffee Dripper","Dead Branch","Shovel","Kunai","Potion Belt","Gambling Chip","Strawberry","Orichalcum","Blue Candle"],"potions_floor_usage":[16,20,38,47,50,50,50,50,50,50],"damage_taken":[{"damage":3.0,"enemies":"Cultist","floor":1.0,"turns":3.0},{"damage":3.0,"enemies":"Small Slimes","floor":2.0,"turns":3.0},{"damage":5.0,"enemies":"2 Louse","floor":5.0,"turns":3.0},{"damage":22.0,"enemies":"Gremlin Nob","floor":7.0,"turns":4.0},{"damage":4.0,"enemies":"Looter","floor":8.0,"turns":3.0},{"damage":26.0,"enemies":"Lagavulin","floor":10.0,"turns":6.0},{"damage":5.0,"enemies":"3 Louse","floor":11.0,"turns":3.0},{"damage":18.0,"enemies":"Exordium Wildlife","floor":13.0,"turns":4.0},{"damage":9.0,"enemies":"Exordium Thugs","floor":14.0,"turns":4.0},{"damage":32,"enemies":"Hexaghost","floor":16,"turns":7},{"damage":30,"enemies":"3 Byrds","floor":18,"turns":7},{"damage":6,"enemies":"Chosen","floor":19,"turns":4},{"damage":18,"enemies":"Masked Bandits","floor":20,"turns":4},{"damage":24,"enemies":"Book of Stabbing","floor":27,"turns":5},{"damage":6,"enemies":"Snake Plant","floor":28,"turns":4},{"damage":2,"enemies":"Shelled Parasite and Fungi","floor":30,"turns":5},{"damage":2,"enemies":"Automaton","floor":33,"turns":10},{"damage":38,"enemies":"3 Darklings","floor":35,"turns":7},{"damage":19,"enemies":"Mind Bloom Boss Battle","floor":36,"turns":8},{"damage":6,"enemies":"3 Shapes","floor":37,"turns":4},{"damage":0,"enemies":"2 Orb Walkers","floor":38,"turns":3},{"damage":1,"enemies":"Reptomancer","floor":40,"turns":2},{"damage":0,"enemies":"Spire Growth","floor":42,"turns":2},{"damage":0,"enemies":"Giant Head","floor":46,"turns":3},{"damage":81,"enemies":"Transient","floor":47,"turns":5},{"damage":0,"enemies":"Nemesis","floor":48,"turns":1},{"damage":0,"enemies":"Time Eater","floor":50,"turns":3}],"seed_played":"-8202525403836963464","potions_obtained":[{"floor":1.0,"key":"Swift Potion"},{"floor":7.0,"key":"PowerPotion"},{"floor":13.0,"key":"Strength Potion"},{"floor":14.0,"key":"Dexterity Potion"},{"floor":19,"key":"Energy Potion"},{"floor":20,"key":"Swift Potion"},{"floor":30,"key":"Block Potion"},{"floor":38,"key":"Energy Potion"},{"floor":47,"key":"Swift Potion"},{"floor":48,"key":"GamblersBrew"}],"is_trial":false,"path_per_floor":["M","M","?","?","M","R","E","M","T","E","M","R","M","M","R","B",null,"M","M","?","?","$","R","?","R","T","E","M","?","M","$","R","B",null,"M","?","M","?","$","E","R","M","T","R","?","E","M","E","R","B",null],"character_chosen":"IRONCLAD","items_purchased":["Apotheosis","Rage","Metallicize","Pommel Strike","Berserk","Flash of Steel","Red Skull","Shrug It Off","Discovery","Havoc"],"campfire_rested":1,"item_purchase_floors":[22,22,22,22,31,31,31,39,39,39],"current_hp_per_floor":[80,80,80,62,63,63,47,49,49,29,30,30,18,15,39,13,80,80,80,71,71,71,71,71,71,71,57,68,36,40,40,40,56,80,80,80,80,80,80,80,80,80,80,80,70,87,12,18,18,24],"gold":167,"neow_bonus":"THREE_CARDS","is_prod":false,"is_daily":false,"chose_seed":false,"campfire_upgraded":6,"win_rate":0,"timestamp":1567210011,"path_taken":["M","M","?","?","M","R","E","M","T","E","M","R","M","M","R","BOSS","M","M","?","?","$","R","?","R","T","E","M","?","M","?","R","BOSS","M","?","M","?","$","E","R","M","T","R","?","E","M","E","R","BOSS"],"build_version":"2019-07-17","purchased_purges":1,"victory":true,"max_hp_per_floor":[80,80,80,80,80,80,80,80,80,80,80,80,80,80,80,80,80,80,80,80,80,80,80,80,80,80,80,80,80,80,80,80,80,80,80,80,80,80,80,80,80,80,80,80,80,87,87,87,87,87],"card_choices":[{"not_picked":["Sentinel","Wild Strike"],"picked":"Combust","floor":0.0},{"not_picked":["Body Slam","Rampage"],"picked":"Perfected Strike","floor":1.0},{"not_picked":["Rampage","Warcry"],"picked":"Wild Strike","floor":2.0},{"not_picked":["Sword Boomerang","Heavy Blade"],"picked":"Battle Trance","floor":5.0},{"not_picked":["Havoc","Entrench"],"picked":"True Grit","floor":7.0},{"not_picked":["Warcry","Rupture"],"picked":"Twin Strike","floor":8.0},{"not_picked":["Body Slam","Intimidate"],"picked":"Corruption","floor":10.0},{"not_picked":["Metallicize","Searing Blow"],"picked":"Demon Form","floor":11.0},{"not_picked":["Cleave","Havoc","Carnage"],"picked":"SKIP","floor":13.0},{"not_picked":["Cleave","Immolate"],"picked":"Perfected Strike","floor":14.0},{"not_picked":["Dark Embrace","Double Tap"],"picked":"Reaper","floor":16},{"not_picked":["Thunderclap","Headbutt"],"picked":"Flex","floor":18},{"not_picked":["Sword Boomerang","Cleave+1","Intimidate"],"picked":"SKIP","floor":19},{"not_picked":["Hemokinesis","Armaments"],"picked":"Iron Wave+1","floor":20},{"not_picked":["Body Slam","Iron Wave","Feel No Pain"],"picked":"SKIP","floor":27},{"not_picked":["Anger","Hemokinesis+1"],"picked":"Sentinel","floor":28},{"not_picked":["Infernal Blade","Shockwave"],"picked":"Feel No Pain+1","floor":30},{"not_picked":["Berserk","Brutality"],"picked":"Impervious","floor":33},{"not_picked":["Pommel Strike","Heavy Blade+1"],"picked":"Sentinel","floor":35},{"not_picked":["Thunderclap","Searing Blow"],"picked":"Corruption","floor":36},{"not_picked":["Anger+1","Pommel Strike+1","Clash"],"picked":"SKIP","floor":37},{"not_picked":["Blood for Blood+1","Clash+1"],"picked":"Disarm+1","floor":38},{"not_picked":["Flex","Blood for Blood+1"],"picked":"Shrug It Off","floor":40},{"not_picked":["Heavy Blade+1","Thunderclap+1"],"picked":"Warcry","floor":42},{"not_picked":["Headbutt","Berserk"],"picked":"Sentinel","floor":46},{"not_picked":["Headbutt+1","Thunderclap+1"],"picked":"Flex+1","floor":47},{"not_picked":["Pummel","Feel No Pain"],"picked":"Impervious","floor":48}],"player_experience":306022,"relics_obtained":[{"floor":7.0,"key":"Lantern"},{"floor":9.0,"key":"Juzu Bracelet"},{"floor":10.0,"key":"PreservedInsect"},{"floor":20,"key":"Red Mask"},{"floor":26,"key":"Ancient Tea Set"},{"floor":27,"key":"Bag of Marbles"},{"floor":36,"key":"Dead Branch"},{"floor":38,"key":"Shovel"},{"floor":40,"key":"Kunai"},{"floor":43,"key":"Potion Belt"},{"floor":44,"key":"Gambling Chip"},{"floor":46,"key":"Strawberry"},{"floor":48,"key":"Orichalcum"},{"floor":49,"key":"Blue Candle"}],"event_choices":[{"damage_healed":0.0,"max_hp_gain":0.0,"max_hp_loss":0.0,"gold_gain":0.0,"event_name":"Liars Game","player_choice":"Ignored","floor":3.0,"gold_loss":0.0,"damage_taken":0.0},{"damage_healed":0.0,"max_hp_gain":0.0,"max_hp_loss":0.0,"gold_gain":0.0,"event_name":"Scrap Ooze","player_choice":"Success","floor":4.0,"gold_loss":0.0,"damage_taken":18.0,"relics_obtained":["Oddly Smooth Stone"]},{"damage_healed":0,"gold_gain":0,"player_choice":"Fought Bandits","damage_taken":0,"max_hp_gain":0,"max_hp_loss":0,"event_name":"Masked Bandits","floor":20,"gold_loss":0},{"damage_healed":0,"gold_gain":0,"player_choice":"Simplicity","damage_taken":0,"max_hp_gain":0,"max_hp_loss":0,"event_name":"Back to Basics","floor":21,"gold_loss":0,"cards_upgraded":["Strike_R","Strike_R","Strike_R","Strike_R","Strike_R","Defend_R","Defend_R","Defend_R","Defend_R"]},{"damage_healed":0,"gold_gain":0,"player_choice":"Read","damage_taken":0,"max_hp_gain":0,"max_hp_loss":0,"event_name":"The Library","floor":24,"gold_loss":0,"cards_obtained":["Seeing Red"]},{"damage_healed":0,"gold_gain":180,"player_choice":"GOLD GOLD POTION ","damage_taken":32,"max_hp_gain":0,"max_hp_loss":0,"event_name":"Knowing Skull","floor":29,"potions_obtained":["EntropicBrew"],"gold_loss":0,"cards_obtained":[]},{"damage_healed":0,"gold_gain":0,"player_choice":"Fight","damage_taken":0,"max_hp_gain":0,"max_hp_loss":0,"event_name":"MindBloom","floor":36,"gold_loss":0},{"damage_healed":0,"gold_gain":0,"player_choice":"Fight","damage_taken":0,"max_hp_gain":0,"max_hp_loss":0,"event_name":"Mysterious Sphere","floor":38,"gold_loss":0},{"damage_healed":0,"gold_gain":0,"player_choice":"Embrace Madness","damage_taken":10,"max_hp_gain":0,"max_hp_loss":0,"event_name":"Winding Halls","floor":45,"gold_loss":0,"cards_obtained":["Madness","Madness"]}],"is_beta":false,"boss_relics":[{"not_picked":["Mark of Pain","Calling Bell"],"picked":"Runic Pyramid"},{"not_picked":["Black Blood","Black Star"],"picked":"Coffee Dripper"}],"items_purged_floors":[39],"is_endless":false,"potions_floor_spawned":[1,7,13,14,19,20,30,38,40,47,48],"ascension_level":0}