{"gold_per_floor":[210,210,210,222,41,41,73,85,85,85,111,111,123,155,155,232,232,249,174,174,224,198,232,232,232],"floor_reached":25,"playtime":904,"items_purged":[],"score":554,"play_id":"dad8d546-9a1b-47a8-a448-98581c000840","local_time":"20190629214517","is_ascension_mode":true,"campfire_choices":[{"data":"Catalyst","floor":6.0,"key":"SMITH"},{"data":"Noxious Fumes","floor":10.0,"key":"SMITH"},{"data":"Footwork","floor":15.0,"key":"SMITH"},{"floor":24.0,"key":"REST"}],"neow_cost":"NONE","seed_source_timestamp":782535903264700,"circlet_count":0,"master_deck":["AscendersBane","Defend_G","Defend_G","Defend_G","Defend_G","Defend_G","Strike_G","Strike_G","Strike_G","Strike_G","Survivor","Neutralize+1","Flying Knee","Noxious Fumes+1","Noxious Fumes","Catalyst+1","Cloak And Dagger","Masterful Stab","Deadly Poison","Footwork+1","Malaise","Blur","Backflip+1","Bane"],"special_seed":0,"relics":["Ring of the Snake","Dream Catcher","Snake Skull","Vajra","Philosopher\u0027s Stone","Art of War"],"potions_floor_usage":[25],"damage_taken":[{"damage":0.0,"enemies":"2 Louse","floor":1.0,"turns":3.0},{"damage":2.0,"enemies":"Jaw Worm","floor":4.0,"turns":5.0},{"damage":20.0,"enemies":"3 Sentries","floor":7.0,"turns":7.0},{"damage":4.0,"enemies":"Small Slimes","floor":8.0,"turns":4.0},{"damage":5.0,"enemies":"2 Fungi Beasts","floor":13.0,"turns":3.0},{"damage":5.0,"enemies":"Lagavulin","floor":14.0,"turns":4.0},{"damage":0.0,"enemies":"The Guardian","floor":16.0,"turns":7.0},{"damage":13.0,"enemies":"3 Byrds","floor":18.0,"turns":4.0},{"damage":15.0,"enemies":"2 Thieves","floor":22.0,"turns":4.0},{"damage":26.0,"enemies":"Book of Stabbing","floor":23.0,"turns":6.0},{"damage":33,"enemies":"Gremlin Leader","floor":25,"turns":5}],"seed_played":"-3544139093599551995","potions_obtained":[{"floor":7.0,"key":"Ancient Potion"},{"floor":8.0,"key":"GamblersBrew"},{"floor":16.0,"key":"Swift Potion"},{"floor":23.0,"key":"PowerPotion"}],"is_trial":false,"path_per_floor":["M","?","?","M","$","R","E","M","T","R","T","?","M","E","R","B",null,"M","?","?","?","M","E","R","E"],"character_chosen":"THE_SILENT","items_purchased":["Noxious Fumes","Catalyst","Explosive Potion"],"campfire_rested":1,"item_purchase_floors":[5,5,5],"current_hp_per_floor":[59,59,59,57,57,57,37,33,33,33,33,38,33,28,28,28,60,47,47,47,47,32,6,27,0],"gold":232,"neow_bonus":"HUNDRED_GOLD","is_prod":false,"is_daily":false,"chose_seed":false,"campfire_upgraded":3,"win_rate":0,"timestamp":1561859117,"path_taken":["M","?","?","M","$","R","E","M","T","R","?","?","M","E","R","BOSS","M","?","?","?","M","E","R","E"],"build_version":"2019-01-23","purchased_purges":0,"victory":false,"max_hp_per_floor":[66,66,66,66,66,66,66,66,66,66,66,71,71,71,71,71,71,71,71,71,71,71,71,71,71],"card_choices":[{"not_picked":["Underhanded Strike","PiercingWail"],"picked":"Flying Knee","floor":1.0},{"not_picked":["Flechettes","Poisoned Stab"],"picked":"Noxious Fumes","floor":4.0},{"not_picked":["Eviscerate","Blade Dance"],"picked":"Cloak And Dagger","floor":7.0},{"not_picked":["Outmaneuver","Prepared"],"picked":"Masterful Stab","floor":8.0},{"not_picked":["Escape Plan","Bouncing Flask"],"picked":"Deadly Poison","floor":13.0},{"not_picked":["Poisoned Stab","Dash"],"picked":"Footwork","floor":14.0},{"not_picked":["Bullet Time","Burst"],"picked":"Malaise","floor":16.0},{"not_picked":["Reflex","Bane"],"picked":"Blur","floor":18.0},{"not_picked":["Dagger Spray","Concentrate"],"picked":"Backflip+1","floor":22.0},{"not_picked":["Endless Agony","Terror"],"picked":"Bane","floor":23.0}],"player_experience":1243993,"relics_obtained":[{"floor":7.0,"key":"Dream Catcher"},{"floor":11.0,"key":"Snake Skull"},{"floor":14.0,"key":"Vajra"},{"floor":23.0,"key":"Art of War"}],"event_choices":[{"damage_healed":0.0,"max_hp_gain":0.0,"max_hp_loss":0.0,"gold_gain":0.0,"event_name":"Golden Wing","player_choice":"Ignored","floor":2.0,"gold_loss":0.0,"damage_taken":0.0},{"damage_healed":0.0,"max_hp_gain":0.0,"max_hp_loss":0.0,"gold_gain":0.0,"event_name":"Living Wall","player_choice":"Grow","floor":3.0,"gold_loss":0.0,"damage_taken":0.0,"cards_upgraded":["Neutralize"]},{"damage_healed":0.0,"max_hp_gain":5.0,"max_hp_loss":0.0,"gold_gain":0.0,"event_name":"Big Fish","player_choice":"Donut","floor":12.0,"gold_loss":0.0,"damage_taken":0.0},{"cards_removed":["Strike_G"],"damage_healed":0.0,"max_hp_gain":0.0,"max_hp_loss":0.0,"gold_gain":0.0,"event_name":"Beggar","player_choice":"Gave Gold","floor":19.0,"gold_loss":75.0,"damage_taken":0.0},{"damage_healed":0.0,"max_hp_gain":0.0,"max_hp_loss":0.0,"gold_gain":0.0,"event_name":"Vampires","player_choice":"Ignored","floor":20.0,"gold_loss":0.0,"damage_taken":0.0},{"damage_healed":0.0,"max_hp_gain":0.0,"max_hp_loss":0.0,"gold_gain":50.0,"event_name":"Nest","player_choice":"Stole From Cult","floor":21.0,"gold_loss":0.0,"damage_taken":0.0}],"is_beta":false,"boss_relics":[{"not_picked":["Ring of the Serpent","Pandora\u0027s Box"],"picked":"Philosopher\u0027s Stone"}],"items_purged_floors":[],"is_endless":false,"potions_floor_spawned":[7,8,16,23],"killed_by":"Gremlin Leader","ascension_level":20}