{"gold_per_floor":[113,129,129,129,141,141,174,192,217,217,217,217,235,249,249,350,350,367,277,293,293,392,411,25,36,59,59,59,70,70,81,81,186,186,197,214,214,232,245,276,276,287,311,64,79,91,16,49,49,49],"floor_reached":51,"playtime":2688,"items_purged":["Strike_B+1"],"score":738,"play_id":"12dcc72f-b95c-4ebb-bd01-4f9eb26f56b9","local_time":"20190831141719","is_ascension_mode":false,"campfire_choices":[{"data":"Streamline","floor":6.0,"key":"SMITH"},{"data":"Barrage","floor":10.0,"key":"SMITH"},{"data":"Coolheaded","floor":12.0,"key":"SMITH"},{"data":"Chaos","floor":15.0,"key":"SMITH"},{"data":"Capacitor","floor":28.0,"key":"SMITH"},{"data":"Multi-Cast","floor":30.0,"key":"SMITH"},{"data":"Loop","floor":32.0,"key":"SMITH"},{"data":"Self Repair","floor":41,"key":"SMITH"},{"data":"Creative AI","floor":49,"key":"SMITH"}],"neow_cost":"NONE","seed_source_timestamp":933499376290200,"circlet_count":0,"master_deck":["Defend_B+1","Defend_B","Defend_B+1","Defend_B+1","Zap+1","Dualcast","Gash+1","Barrage+1","Streamline+1","Glacier","Coolheaded+1","Chaos+1","Static Discharge","Multi-Cast+1","Capacitor+1","Loop+1","Self Repair+1","Undo","Coolheaded+1","White Noise+1","Fission+1","Coolheaded+1","Darkness+1","BootSequence+1","Coolheaded+1","Darkness+1","Electrodynamics","Hologram+1","Capacitor+1","Stack+1","Lockon+1","Creative AI+1"],"special_seed":0,"relics":["Cracked Core","PreservedInsect","Potion Belt","Orichalcum","Nuclear Battery","DataDisk","Cables","Boot","Toxic Egg 2","Empty Cage","Anchor","War Paint","DollysMirror","Juzu Bracelet"],"potions_floor_usage":[45,48,50,50,50,50],"damage_taken":[{"damage":5.0,"enemies":"Small Slimes","floor":1.0,"turns":3.0},{"damage":0.0,"enemies":"2 Louse","floor":2.0,"turns":2.0},{"damage":0.0,"enemies":"Cultist","floor":5.0,"turns":4.0},{"damage":3.0,"enemies":"Gremlin Nob","floor":7.0,"turns":3.0},{"damage":0.0,"enemies":"2 Fungi Beasts","floor":8.0,"turns":2.0},{"damage":1.0,"enemies":"Looter","floor":13.0,"turns":3.0},{"damage":0.0,"enemies":"Blue Slaver","floor":14.0,"turns":3.0},{"damage":20.0,"enemies":"Slime Boss","floor":16.0,"turns":7.0},{"damage":0.0,"enemies":"Spheric Guardian","floor":18.0,"turns":3.0},{"damage":0.0,"enemies":"Chosen","floor":20.0,"turns":3.0},{"damage":7.0,"enemies":"Centurion and Healer","floor":23.0,"turns":8.0},{"damage":7.0,"enemies":"Cultist and Chosen","floor":25.0,"turns":9.0},{"damage":7.0,"enemies":"Sentry and Sphere","floor":29.0,"turns":10.0},{"damage":13.0,"enemies":"Shelled Parasite and Fungi","floor":31.0,"turns":6.0},{"damage":7.0,"enemies":"Champ","floor":33.0,"turns":8.0},{"damage":0.0,"enemies":"Orb Walker","floor":35.0,"turns":3.0},{"damage":0.0,"enemies":"3 Darklings","floor":36.0,"turns":1.0},{"damage":9,"enemies":"Spire Growth","floor":38,"turns":7},{"damage":1,"enemies":"Jaw Worm Horde","floor":39,"turns":5},{"damage":3,"enemies":"Giant Head","floor":40,"turns":6},{"damage":2,"enemies":"4 Shapes","floor":42,"turns":5},{"damage":2,"enemies":"Transient","floor":45,"turns":5},{"damage":0,"enemies":"Maw","floor":46,"turns":4},{"damage":20,"enemies":"Reptomancer","floor":48,"turns":6},{"damage":14,"enemies":"Awakened One","floor":50,"turns":10}],"seed_played":"807725209563166940","potions_obtained":[{"floor":1.0,"key":"Block Potion"},{"floor":5.0,"key":"SkillPotion"},{"floor":8.0,"key":"SmokeBomb"},{"floor":13.0,"key":"SkillPotion"},{"floor":18.0,"key":"PowerPotion"},{"floor":23.0,"key":"Strength Potion"},{"floor":25.0,"key":"FearPotion"},{"floor":38,"key":"Regen Potion"},{"floor":42,"key":"Swift Potion"},{"floor":45,"key":"Dexterity Potion"}],"is_trial":false,"path_per_floor":["M","M","?","?","M","R","E","M","T","R","?","R","M","M","R","B",null,"M","?","M","?","?","M","$","M","T","T","R","M","R","M","R","B",null,"M","M","?","M","M","E","R","M","T","$","M","M","$","E","R","B",null],"character_chosen":"DEFECT","items_purchased":["DataDisk","Cables","DollysMirror","Stack+1"],"campfire_rested":0,"item_purchase_floors":[24,24,44,44],"current_hp_per_floor":[70,70,67,67,67,67,64,64,64,64,49,49,48,48,48,28,75,75,75,75,75,75,75,75,75,75,75,75,75,75,69,69,69,75,75,75,75,73,75,75,75,75,75,75,75,75,75,70,70,56],"gold":49,"neow_bonus":"UPGRADE_CARD","is_prod":false,"is_daily":false,"chose_seed":false,"campfire_upgraded":9,"win_rate":0,"timestamp":1567228639,"path_taken":["M","M","?","?","M","R","E","M","T","R","?","R","M","M","R","BOSS","M","?","?","?","?","M","$","M","T","?","R","M","R","M","R","BOSS","M","M","?","M","M","E","R","M","T","$","?","M","?","E","R","BOSS"],"build_version":"2019-07-17","purchased_purges":1,"victory":true,"max_hp_per_floor":[75,75,75,75,75,75,75,75,75,75,75,75,75,75,75,75,75,75,75,75,75,75,75,75,75,75,75,75,75,75,75,75,75,75,75,75,75,75,75,75,75,75,75,75,75,75,75,75,75,75],"card_choices":[{"not_picked":["Recycle","Leap"],"picked":"Gash","floor":1.0},{"not_picked":["Conserve Battery","Steam Power"],"picked":"Barrage","floor":2.0},{"not_picked":["Hologram","Amplify"],"picked":"Streamline","floor":5.0},{"not_picked":["Rebound","Static Discharge"],"picked":"Glacier","floor":7.0},{"not_picked":["Streamline","Gash"],"picked":"Coolheaded","floor":8.0},{"not_picked":["Melter","Sweeping Beam"],"picked":"Chaos","floor":13.0},{"not_picked":["Streamline","Conserve Battery"],"picked":"Static Discharge","floor":14.0},{"not_picked":["Amplify","Seek"],"picked":"Multi-Cast","floor":16.0},{"not_picked":["Tempest","Chill"],"picked":"Capacitor","floor":18.0},{"not_picked":["Reprogram","Compile Driver"],"picked":"Loop","floor":20.0},{"not_picked":["Streamline","Steam"],"picked":"Undo","floor":23.0},{"not_picked":["Turbo+1","Cold Snap","Skim"],"picked":"SKIP","floor":25.0},{"not_picked":["Turbo+1","Cold Snap","Skim"],"picked":"SKIP","floor":25.0},{"not_picked":["Cold Snap","Sweeping Beam"],"picked":"Coolheaded+1","floor":29.0},{"not_picked":["Sweeping Beam+1","Self Repair"],"picked":"White Noise+1","floor":31.0},{"not_picked":["Core Surge","Hyperbeam"],"picked":"Fission+1","floor":33.0},{"not_picked":["Scrape","Gash"],"picked":"Coolheaded+1","floor":35.0},{"not_picked":["Steam+1","Hologram+1"],"picked":"Darkness+1","floor":36.0},{"not_picked":["Rebound","Beam Cell","Steam+1"],"picked":"SKIP","floor":38},{"not_picked":["Glacier+1","Compile Driver"],"picked":"Darkness+1","floor":39},{"not_picked":["Chill+1","Leap+1"],"picked":"Electrodynamics","floor":40},{"not_picked":["Chaos+1","Turbo+1"],"picked":"Hologram+1","floor":42},{"not_picked":["Cold Snap","Sweeping Beam"],"picked":"Lockon+1","floor":45},{"not_picked":["Sweeping Beam","Beam Cell","Hello World"],"picked":"SKIP","floor":46},{"not_picked":["FTL+1","Go for the Eyes"],"picked":"Creative AI","floor":48}],"player_experience":311378,"relics_obtained":[{"floor":7.0,"key":"Potion Belt"},{"floor":9.0,"key":"Orichalcum"},{"floor":26.0,"key":"Boot"},{"floor":27.0,"key":"Toxic Egg 2"},{"floor":40,"key":"Anchor"},{"floor":43,"key":"War Paint"},{"floor":48,"key":"Juzu Bracelet"}],"event_choices":[{"damage_healed":0.0,"max_hp_gain":0.0,"max_hp_loss":0.0,"gold_gain":0.0,"event_name":"Scrap Ooze","player_choice":"Success","floor":3.0,"gold_loss":0.0,"damage_taken":3.0,"relics_obtained":["PreservedInsect"]},{"damage_healed":0.0,"max_hp_gain":0.0,"max_hp_loss":0.0,"gold_gain":0.0,"event_name":"Liars Game","player_choice":"Ignored","floor":4.0,"gold_loss":0.0,"damage_taken":0.0},{"damage_healed":0.0,"max_hp_gain":0.0,"max_hp_loss":0.0,"gold_gain":0.0,"event_name":"Shining Light","player_choice":"Entered Light","floor":11.0,"gold_loss":0.0,"damage_taken":15.0,"cards_upgraded":["Strike_B","Gash"]},{"cards_removed":["Strike_B"],"damage_healed":0.0,"max_hp_gain":0.0,"max_hp_loss":0.0,"gold_gain":0.0,"event_name":"Designer","player_choice":"Upgrade and Remove","floor":19.0,"gold_loss":90.0,"damage_taken":0.0,"cards_upgraded":["Defend_B"]},{"damage_healed":0.0,"max_hp_gain":0.0,"max_hp_loss":0.0,"gold_gain":0.0,"event_name":"The Library","player_choice":"Read","floor":21.0,"gold_loss":0.0,"damage_taken":0.0,"cards_obtained":["Self Repair"]},{"damage_healed":0.0,"max_hp_gain":0.0,"max_hp_loss":0.0,"gold_gain":99.0,"event_name":"Nest","player_choice":"Stole From Cult","floor":22.0,"gold_loss":0.0,"damage_taken":0.0},{"damage_healed":0,"gold_gain":0,"player_choice":"2 cards matched","damage_taken":0,"max_hp_gain":0,"max_hp_loss":0,"event_name":"Match and Keep!","floor":37,"gold_loss":0,"cards_obtained":["BootSequence","Coolheaded"]}],"is_beta":false,"boss_relics":[{"not_picked":["Astrolabe","Ectoplasm"],"picked":"Nuclear Battery"},{"not_picked":["Snecko Eye","FrozenCore"],"picked":"Empty Cage"}],"items_purged_floors":[47],"is_endless":false,"potions_floor_spawned":[1,5,8,13,18,23,25,38,42,45],"ascension_level":0}