{"gold_per_floor":[115,126,51,51,70,70,105,121,144,158,158,223,243,230,230,325,325,335,61,87,99,99,99,18,18,18,36,36,47,47,60,60,155,155,173,98,320,115,125,125,154,154,179,190,219,235,235,58,58,58],"floor_reached":51,"playtime":2924,"items_purged":["Strike_G","Strike_G","Normality"],"score":807,"play_id":"caa0e630-4736-4641-9e02-7a597af99617","local_time":"20190719235034","is_ascension_mode":false,"campfire_choices":[{"data":"Bouncing Flask","floor":6.0,"key":"SMITH"},{"data":"Bullet Time","floor":11.0,"key":"SMITH"},{"data":"Expertise","floor":15.0,"key":"SMITH"},{"data":"Footwork","floor":23,"key":"SMITH"},{"data":"Deadly Poison","floor":28,"key":"SMITH"},{"data":"Acrobatics","floor":32,"key":"SMITH"},{"data":"Footwork","floor":40,"key":"SMITH"},{"data":"Ghostly","floor":42,"key":"SMITH"},{"data":"Neutralize","floor":47,"key":"SMITH"},{"floor":49,"key":"REST"}],"neow_cost":"NONE","seed_source_timestamp":766460262128216,"circlet_count":0,"master_deck":["Strike_G","Defend_G","Defend_G","Defend_G","Defend_G","Defend_G","Survivor","Neutralize+1","Bane","Bouncing Flask+1","Flying Knee","Bullet Time+1","Expertise+1","Escape Plan","Deflect","Poisoned Stab","Glass Knife","Footwork+1","Dagger Spray","Deadly Poison+1","Ghostly+1","Ghostly","Ghostly","Ghostly","Ghostly","Blur","Strike_B","Acrobatics+1","Pain","Corpse Explosion","Prepared+1","Footwork+1","Backflip+1","Regret","Dash","Footwork+1"],"special_seed":0,"relics":["Ring of the Snake","Strawberry","Art of War","Bag of Marbles","Ancient Tea Set","Cursed Key","Red Mask","Blue Candle","WarpedTongs","Runic Pyramid","OrangePellets","Letter Opener","Potion Belt","Shuriken"],"potions_floor_usage":[16,21,50,50,50,50,50,50,50,50,50],"damage_taken":[{"damage":5.0,"enemies":"Jaw Worm","floor":1.0,"turns":6.0},{"damage":0.0,"enemies":"2 Louse","floor":2.0,"turns":2.0},{"damage":0.0,"enemies":"Cultist","floor":5.0,"turns":3.0},{"damage":17.0,"enemies":"Lagavulin","floor":7.0,"turns":6.0},{"damage":0.0,"enemies":"3 Louse","floor":8.0,"turns":4.0},{"damage":0.0,"enemies":"Gremlin Gang","floor":10.0,"turns":6.0},{"damage":0.0,"enemies":"Gremlin Nob","floor":12.0,"turns":3.0},{"damage":0.0,"enemies":"2 Fungi Beasts","floor":13.0,"turns":2.0},{"damage":1.0,"enemies":"Exordium Thugs","floor":14.0,"turns":6.0},{"damage":27,"enemies":"Slime Boss","floor":16,"turns":11},{"damage":11,"enemies":"Spheric Guardian","floor":18,"turns":4},{"damage":23,"enemies":"Masked Bandits","floor":20,"turns":4},{"damage":8,"enemies":"2 Thieves","floor":21,"turns":4},{"damage":4,"enemies":"Snecko","floor":27,"turns":7},{"damage":3,"enemies":"Shelled Parasite and Fungi","floor":29,"turns":5},{"damage":0,"enemies":"Snake Plant","floor":31,"turns":4},{"damage":10,"enemies":"Champ","floor":33,"turns":14},{"damage":2,"enemies":"3 Shapes","floor":35,"turns":4},{"damage":1,"enemies":"3 Darklings","floor":39,"turns":4},{"damage":6,"enemies":"Nemesis","floor":41,"turns":11},{"damage":2,"enemies":"Jaw Worm Horde","floor":44,"turns":2},{"damage":3,"enemies":"Giant Head","floor":45,"turns":9},{"damage":3,"enemies":"Spire Growth","floor":46,"turns":5},{"damage":2,"enemies":"Time Eater","floor":50,"turns":13}],"seed_played":"-6454912894810103250","potions_obtained":[{"floor":2.0,"key":"LiquidBronze"},{"floor":5.0,"key":"FearPotion"},{"floor":8.0,"key":"Strength Potion"},{"floor":12.0,"key":"LiquidBronze"},{"floor":20,"key":"Regen Potion"},{"floor":21,"key":"EssenceOfSteel"},{"floor":33,"key":"EssenceOfSteel"},{"floor":45,"key":"EntropicBrew"}],"is_trial":false,"path_per_floor":["M","M","$","?","M","R","E","M","T","M","R","?","M","M","R","B",null,"M","$","?","M","?","R","$","?","T","M","R","M","?","M","R","B",null,"M","$","?","$","M","R","E","R","T","M","E","M","R","$","R","B",null],"character_chosen":"THE_SILENT","items_purchased":["Footwork","PowerPotion","Dagger Spray","Blur","Footwork","OrangePellets","Dexterity Potion"],"campfire_rested":1,"item_purchase_floors":[19,19,19,24,36,38,48],"current_hp_per_floor":[72,72,72,65,65,65,48,48,48,48,48,48,48,47,47,20,77,66,66,43,49,38,38,38,38,38,34,34,31,31,31,31,21,38,36,36,36,36,35,35,29,29,29,27,24,21,21,21,32,30],"gold":58,"neow_bonus":"RANDOM_COMMON_RELIC","is_prod":false,"is_daily":false,"chose_seed":false,"campfire_upgraded":9,"win_rate":1,"timestamp":1563547834,"path_taken":["M","M","$","?","M","R","E","M","T","M","R","?","M","M","R","BOSS","M","$","?","M","?","R","$","?","T","?","R","M","?","?","R","BOSS","M","$","?","?","M","R","E","R","T","M","E","M","R","$","R","BOSS"],"build_version":"2019-07-17","purchased_purges":3,"victory":true,"max_hp_per_floor":[77,77,77,77,77,77,77,77,77,77,77,77,77,77,77,77,77,77,77,77,77,38,38,38,38,38,38,38,38,38,38,38,38,38,38,38,38,38,38,38,38,38,38,38,38,38,38,38,38,38],"card_choices":[{"not_picked":["Outmaneuver","Dodge and Roll"],"picked":"Bane","floor":1.0},{"not_picked":["Dodge and Roll","Deflect"],"picked":"Bouncing Flask","floor":2.0},{"not_picked":["Acrobatics","Quick Slash"],"picked":"Flying Knee","floor":5.0},{"not_picked":["Cloak And Dagger","Dagger Throw"],"picked":"Bullet Time","floor":7.0},{"not_picked":["Flying Knee","Outmaneuver","Terror"],"picked":"SKIP","floor":8.0},{"not_picked":["Cloak And Dagger","Flying Knee"],"picked":"Expertise","floor":10.0},{"not_picked":["Masterful Stab","Concentrate"],"picked":"Escape Plan","floor":12.0},{"not_picked":["Backstab","Infinite Blades"],"picked":"Deflect","floor":13.0},{"not_picked":["Prepared","Backstab"],"picked":"Poisoned Stab","floor":14.0},{"not_picked":["Unload","A Thousand Cuts"],"picked":"Glass Knife","floor":16},{"not_picked":["Dodge and Roll","Deflect+1","Outmaneuver+1"],"picked":"SKIP","floor":18},{"not_picked":["Bane+1","Poisoned Stab"],"picked":"Deadly Poison","floor":21},{"not_picked":["Quick Slash","Endless Agony","Blade Dance"],"picked":"SKIP","floor":27},{"not_picked":["Blade Dance","Terror"],"picked":"Acrobatics","floor":29},{"not_picked":["Cloak And Dagger","Setup","Flechettes"],"picked":"SKIP","floor":31},{"not_picked":["Tools of the Trade","Grand Finale"],"picked":"Corpse Explosion","floor":33},{"not_picked":["Cloak And Dagger","Slice+1"],"picked":"Prepared+1","floor":35},{"not_picked":["Bane+1","All Out Attack+1","Predator+1"],"picked":"SKIP","floor":39},{"not_picked":["Deadly Poison","Flechettes"],"picked":"Backflip+1","floor":41},{"not_picked":["Sucker Punch","Finisher+1","Storm of Steel"],"picked":"SKIP","floor":44},{"not_picked":["Flying Knee+1","Tactician"],"picked":"Dash","floor":45},{"not_picked":["Concentrate+1","Eviscerate"],"picked":"Footwork+1","floor":46}],"player_experience":77311,"relics_obtained":[{"floor":7.0,"key":"Art of War"},{"floor":9.0,"key":"Bag of Marbles"},{"floor":20,"key":"Red Mask"},{"floor":26,"key":"Blue Candle"},{"floor":41,"key":"Letter Opener"},{"floor":43,"key":"Potion Belt"},{"floor":45,"key":"Shuriken"}],"event_choices":[{"cards_removed":["Strike_G"],"damage_healed":0.0,"max_hp_gain":0.0,"max_hp_loss":0.0,"gold_gain":0.0,"event_name":"Golden Wing","player_choice":"Card Removal","floor":4.0,"gold_loss":0.0,"damage_taken":7.0},{"damage_healed":0.0,"max_hp_gain":0.0,"max_hp_loss":0.0,"gold_gain":0.0,"event_name":"Dead Adventurer","player_choice":"Searched \u00272\u0027 times","floor":12.0,"gold_loss":0.0,"damage_taken":0.0,"relics_obtained":["Ancient Tea Set"]},{"damage_healed":0,"gold_gain":0,"player_choice":"Fought Bandits","damage_taken":0,"max_hp_gain":0,"max_hp_loss":0,"event_name":"Masked Bandits","floor":20,"gold_loss":0},{"damage_healed":0,"gold_gain":0,"player_choice":"Became a Ghost","damage_taken":0,"max_hp_gain":0,"max_hp_loss":39,"event_name":"Ghosts","floor":22,"gold_loss":0,"cards_obtained":["Ghostly","Ghostly","Ghostly","Ghostly","Ghostly"]},{"cards_removed":["Strike_G"],"damage_healed":0,"gold_gain":0,"player_choice":"Took Card","damage_taken":0,"max_hp_gain":0,"max_hp_loss":0,"event_name":"NoteForYourself","floor":25,"gold_loss":0,"cards_obtained":["Strike_B"]},{"damage_healed":0,"gold_gain":0,"player_choice":"Rummage","damage_taken":0,"relics_obtained":["WarpedTongs"],"max_hp_gain":0,"max_hp_loss":0,"event_name":"Accursed Blacksmith","floor":30,"gold_loss":0,"cards_obtained":["Pain"]},{"damage_healed":0,"gold_gain":222,"player_choice":"Wore Mask","damage_taken":0,"max_hp_gain":0,"max_hp_loss":0,"event_name":"Tomb of Lord Red Mask","floor":37,"gold_loss":0}],"is_beta":false,"boss_relics":[{"not_picked":["Eternal Feather","Orrery"],"picked":"Cursed Key"},{"not_picked":["HoveringKite","Pandora\u0027s Box"],"picked":"Runic Pyramid"}],"items_purged_floors":[3,19,48],"is_endless":false,"potions_floor_spawned":[2,5,8,12,14,20,21,29,33,35,45],"ascension_level":0}