{"gold_per_floor":[115,115,115,115,129,129,129,142,142,142,162,181,216,237,237,237],"floor_reached":16,"playtime":467,"items_purged":[],"score":204,"play_id":"c82d8f36-a1f9-426f-9bb5-caf03f9faff3","local_time":"20190803164214","is_ascension_mode":true,"campfire_choices":[{"data":"Crippling Poison","floor":6,"key":"SMITH"},{"data":"Neutralize","floor":10,"key":"SMITH"},{"data":"Bane","floor":15,"key":"SMITH"}],"neow_cost":"NONE","seed_source_timestamp":599675302899200,"circlet_count":0,"master_deck":["AscendersBane","Strike_G","Strike_G","Strike_G","Strike_G+1","Strike_G","Defend_G","Defend_G+1","Defend_G","Defend_G","Survivor","Neutralize+1","Flying Knee","Crippling Poison+1","Dagger Spray","Poisoned Stab","Predator","Bane+1"],"relics":["Ring of the Snake","Golden Idol","Pear","Toxic Egg 2"],"potions_floor_usage":[12,13,16],"damage_taken":[{"damage":1,"enemies":"Jaw Worm","floor":1,"turns":4},{"damage":0,"enemies":"2 Louse","floor":5,"turns":3},{"damage":1,"enemies":"Small Slimes","floor":8,"turns":3},{"damage":3,"enemies":"2 Fungi Beasts","floor":11,"turns":3},{"damage":3,"enemies":"Looter","floor":12,"turns":5},{"damage":34,"enemies":"3 Sentries","floor":13,"turns":6},{"damage":13,"enemies":"Exordium Thugs","floor":14,"turns":3},{"damage":14,"enemies":"Hexaghost","floor":16,"turns":7}],"seed_played":"-7916646389639428506","potions_obtained":[{"floor":11,"key":"Regen Potion"},{"floor":12,"key":"Weak Potion"},{"floor":13,"key":"EssenceOfSteel"}],"is_trial":false,"path_per_floor":["M","?","?","?","M","R","?","M","T","R","M","M","E","M","R","B"],"character_chosen":"THE_SILENT","items_purchased":[],"campfire_rested":0,"item_purchase_floors":[],"current_hp_per_floor":[64,64,57,57,57,57,37,36,46,46,43,55,21,8,8,0],"gold":237,"neow_bonus":"TEN_PERCENT_HP_BONUS","is_prod":false,"is_daily":false,"chose_seed":false,"campfire_upgraded":3,"win_rate":0,"timestamp":1564864934,"path_taken":["M","?","?","?","M","R","?","M","T","R","M","M","E","M","R","BOSS"],"build_version":"2019-07-17","purchased_purges":0,"victory":false,"max_hp_per_floor":[72,65,65,65,65,65,65,65,75,75,75,75,75,75,75,75],"card_choices":[{"not_picked":["Outmaneuver","PiercingWail"],"picked":"Flying Knee","floor":1},{"not_picked":["Slice","Blade Dance"],"picked":"Crippling Poison","floor":5},{"not_picked":["Slice","Prepared"],"picked":"Dagger Spray","floor":8},{"not_picked":["Flechettes","Endless Agony"],"picked":"Poisoned Stab","floor":11},{"not_picked":["Setup","Infinite Blades"],"picked":"Predator","floor":12},{"not_picked":["Dagger Throw","Backstab"],"picked":"Bane","floor":13},{"not_picked":["Dagger Spray","Flying Knee","Outmaneuver+1"],"picked":"SKIP","floor":14}],"player_experience":1421989,"relics_obtained":[{"floor":9,"key":"Pear"},{"floor":13,"key":"Toxic Egg 2"}],"event_choices":[{"damage_healed":0,"gold_gain":0,"player_choice":"Lose Max HP","damage_taken":0,"relics_obtained":["Golden Idol"],"max_hp_gain":0,"max_hp_loss":7,"event_name":"Golden Idol","floor":2,"gold_loss":0},{"cards_removed":["Defend_G"],"damage_healed":0,"gold_gain":0,"player_choice":"Card Removal","damage_taken":7,"max_hp_gain":0,"max_hp_loss":0,"event_name":"Golden Wing","floor":3,"gold_loss":0},{"damage_healed":0,"gold_gain":0,"player_choice":"Ignored","damage_taken":0,"max_hp_gain":0,"max_hp_loss":0,"event_name":"Liars Game","floor":4,"gold_loss":0},{"damage_healed":0,"gold_gain":0,"player_choice":"Entered Light","damage_taken":20,"max_hp_gain":0,"max_hp_loss":0,"event_name":"Shining Light","floor":7,"gold_loss":0,"cards_upgraded":["Strike_G","Defend_G"]}],"is_beta":false,"boss_relics":[],"items_purged_floors":[],"is_endless":false,"potions_floor_spawned":[11,12,13],"killed_by":"Hexaghost","ascension_level":20}