{"gold_per_floor":[112,125,125,185,301,301,334,1,1,17,67,99,117,144,144,144],"floor_reached":16,"playtime":478,"items_purged":["Strike_R"],"score":240,"play_id":"cb215374-dafb-47f1-92ae-85dbf4209e4d","local_time":"20190718070803","is_ascension_mode":true,"campfire_choices":[{"data":"Inflame","floor":6.0,"key":"SMITH"},{"data":"Pummel","floor":15.0,"key":"SMITH"}],"neow_cost":"NONE","seed_source_timestamp":311038319334400,"circlet_count":0,"master_deck":["AscendersBane","Strike_R","Strike_R+1","Strike_R","Strike_R","Defend_R","Defend_R","Defend_R","Defend_R","Bash","Pummel+1","Inflame+1","Combust","Pummel+1","Berserk","Flame Barrier","Armaments","Dual Wield"],"special_seed":0,"relics":["Burning Blood","SsserpentHead","Letter Opener","Whetstone","PreservedInsect","Shuriken","Bag of Marbles"],"potions_floor_usage":[16,16],"damage_taken":[{"damage":14.0,"enemies":"Jaw Worm","floor":1.0,"turns":5.0},{"damage":2.0,"enemies":"Cultist","floor":2.0,"turns":4.0},{"damage":10.0,"enemies":"Small Slimes","floor":4.0,"turns":3.0},{"damage":20.0,"enemies":"3 Sentries","floor":7.0,"turns":5.0},{"damage":6.0,"enemies":"Looter","floor":10.0,"turns":2.0},{"damage":17.0,"enemies":"Gremlin Nob","floor":12.0,"turns":3.0},{"damage":14.0,"enemies":"Exordium Thugs","floor":13.0,"turns":4.0},{"damage":14.0,"enemies":"3 Sentries","floor":14.0,"turns":4.0},{"damage":29,"enemies":"Slime Boss","floor":16,"turns":3}],"seed_played":"8307255178857337365","potions_obtained":[{"floor":4.0,"key":"Explosive Potion"},{"floor":7.0,"key":"Strength Potion"},{"floor":13.0,"key":"Swift Potion"}],"is_trial":false,"path_per_floor":["M","M","?","M","?","R","E","$","T","M","?","E","M","E","R","B"],"character_chosen":"IRONCLAD","items_purchased":["Fire Potion","Pummel","Whetstone"],"campfire_rested":0,"item_purchase_floors":[8,8,8],"current_hp_per_floor":[67,71,71,67,67,67,53,53,53,53,53,42,34,26,26,0],"gold":144,"neow_bonus":"TEN_PERCENT_HP_BONUS","is_prod":false,"is_daily":false,"chose_seed":false,"campfire_upgraded":2,"win_rate":0,"timestamp":1563448083,"path_taken":["M","M","?","?","?","R","E","$","T","M","?","E","M","E","R","BOSS"],"build_version":"2019-07-17","purchased_purges":1,"victory":false,"max_hp_per_floor":[82,82,82,82,82,82,82,82,82,82,82,82,82,82,82,82],"card_choices":[{"not_picked":["Heavy Blade","Sword Boomerang"],"picked":"Pummel","floor":1.0},{"not_picked":["Armaments","Havoc"],"picked":"Wild Strike","floor":2.0},{"not_picked":["Spot Weakness","Armaments"],"picked":"Inflame","floor":4.0},{"not_picked":["Wild Strike","Clash"],"picked":"Combust","floor":7.0},{"not_picked":["Second Wind","Sentinel"],"picked":"Berserk","floor":10.0},{"not_picked":["Wild Strike","Anger"],"picked":"Flame Barrier","floor":12.0},{"not_picked":["Blood for Blood","Thunderclap"],"picked":"Armaments","floor":13.0},{"not_picked":["Cleave","Body Slam"],"picked":"Dual Wield","floor":14.0}],"player_experience":1368965,"relics_obtained":[{"floor":7.0,"key":"Letter Opener"},{"floor":12.0,"key":"Shuriken"},{"floor":14.0,"key":"Bag of Marbles"}],"event_choices":[{"damage_healed":0.0,"max_hp_gain":0.0,"max_hp_loss":0.0,"gold_gain":0.0,"event_name":"FaceTrader","player_choice":"Trade","floor":3.0,"gold_loss":0.0,"damage_taken":0.0,"relics_obtained":["SsserpentHead"]},{"damage_healed":0.0,"max_hp_gain":0.0,"max_hp_loss":0.0,"gold_gain":66.0,"event_name":"Golden Wing","player_choice":"Gained Gold","floor":5.0,"gold_loss":0.0,"damage_taken":0.0},{"cards_removed":["Wild Strike"],"damage_healed":0.0,"max_hp_gain":0.0,"max_hp_loss":0.0,"gold_gain":0.0,"event_name":"WeMeetAgain","player_choice":"Gave Card","floor":11.0,"gold_loss":0.0,"damage_taken":0.0,"relics_obtained":["PreservedInsect"]}],"is_beta":false,"boss_relics":[],"items_purged_floors":[8],"is_endless":false,"potions_floor_spawned":[4,7,10,13],"killed_by":"Slime Boss","ascension_level":20}