{"gold_per_floor":[112,112,132,207,226,226,260,75,75,75,110,110,124,135,135,211,211,228,178,190,37,48,83,96,96,146,146,176,42,73,93,93,166,166,185,185,199,99,112,112,84,100,100,0,0,100,127,145,145,145],"floor_reached":50,"playtime":3056,"items_purged":["Strike_G","Strike_G"],"score":1180,"play_id":"a0cae14c-408f-4f8d-a1f6-75df82f89f45","local_time":"20190830080148","is_ascension_mode":true,"campfire_choices":[{"data":"Neutralize","floor":6.0,"key":"SMITH"},{"floor":10.0,"key":"REST"},{"floor":15.0,"key":"REST"},{"floor":25.0,"key":"REST"},{"floor":32.0,"key":"REST"},{"floor":40,"key":"RECALL"},{"data":"Catalyst","floor":49,"key":"SMITH"}],"neow_cost":"NONE","seed_source_timestamp":0,"circlet_count":0,"master_deck":["AscendersBane","Strike_G+1","Defend_G","Defend_G","Defend_G+1","Defend_G","Defend_G","Survivor","Neutralize+1","Backflip","Predator","After Image","Deadly Poison","Infinite Blades+1","Footwork+1","PiercingWail","Finisher","Deflect","Bullet Time","Wraith Form v2+1","Backflip","Dash","Catalyst+1","Noxious Fumes+1","Well Laid Plans+1","Bouncing Flask","Dodge and Roll+1","PiercingWail","Footwork+1","Blade Dance","Backflip","Crippling Poison","Regret","Prepared+1"],"special_seed":0,"relics":["Ring of the Snake","Calipers","Lantern","Prayer Wheel","Frozen Egg 2","Busted Crown","Shuriken","Bag of Marbles","Bag of Preparation","Vajra","Cursed Key","Red Mask","Tough Bandages","Blue Candle"],"potions_floor_usage":[37,37,50],"damage_taken":[{"damage":1.0,"enemies":"Small Slimes","floor":1.0,"turns":4.0},{"damage":0.0,"enemies":"2 Louse","floor":3.0,"turns":4.0},{"damage":0.0,"enemies":"Cultist","floor":5.0,"turns":4.0},{"damage":6.0,"enemies":"Gremlin Nob","floor":7.0,"turns":3.0},{"damage":17.0,"enemies":"Lagavulin","floor":11.0,"turns":8.0},{"damage":2.0,"enemies":"Red Slaver","floor":13.0,"turns":3.0},{"damage":7.0,"enemies":"Lots of Slimes","floor":14.0,"turns":5.0},{"damage":14.0,"enemies":"Slime Boss","floor":16.0,"turns":13.0},{"damage":2.0,"enemies":"2 Thieves","floor":18.0,"turns":4.0},{"damage":0.0,"enemies":"Shell Parasite","floor":20.0,"turns":6.0},{"damage":0.0,"enemies":"Snecko","floor":22.0,"turns":6.0},{"damage":8.0,"enemies":"Gremlin Leader","floor":23.0,"turns":7.0},{"damage":22.0,"enemies":"Shelled Parasite and Fungi","floor":24.0,"turns":6.0},{"damage":14.0,"enemies":"Slavers","floor":28.0,"turns":7.0},{"damage":0.0,"enemies":"Book of Stabbing","floor":30.0,"turns":5.0},{"damage":12.0,"enemies":"Cultist and Chosen","floor":31.0,"turns":6.0},{"damage":8.0,"enemies":"Champ","floor":33.0,"turns":11.0},{"damage":10.0,"enemies":"3 Shapes","floor":35.0,"turns":4.0},{"damage":24,"enemies":"3 Darklings","floor":37,"turns":6},{"damage":0,"enemies":"Sphere and 2 Shapes","floor":39,"turns":7},{"damage":1,"enemies":"Writhing Mass","floor":42,"turns":7},{"damage":6,"enemies":"Mind Bloom Boss Battle","floor":46,"turns":6},{"damage":1,"enemies":"Giant Head","floor":47,"turns":9},{"damage":1,"enemies":"3 Darklings","floor":48,"turns":5},{"damage":30,"enemies":"Awakened One","floor":50,"turns":3}],"seed_played":"3721716618080753639","potions_obtained":[{"floor":0.0,"key":"Strength Potion"},{"floor":0.0,"key":"FearPotion"},{"floor":1.0,"key":"Explosive Potion"},{"floor":13.0,"key":"SkillPotion"},{"floor":16.0,"key":"Fire Potion"},{"floor":22.0,"key":"Swift Potion"},{"floor":23.0,"key":"SpeedPotion"},{"floor":28.0,"key":"SteroidPotion"},{"floor":33.0,"key":"Regen Potion"},{"floor":37,"key":"Explosive Potion"},{"floor":46,"key":"Energy Potion"}],"is_trial":false,"path_per_floor":["M","?","M","?","M","R","E","$","T","R","E","?","M","M","R","B",null,"M","?","M","$","M","E","M","R","T","?","E","$","E","M","R","B",null,"M","?","M","$","M","R","$","M","T","?","$","?","E","M","R","B"],"character_chosen":"THE_SILENT","items_purchased":["Deadly Poison","Fire Potion","Explosive Potion","Well Laid Plans+1","Swift Potion","Footwork+1","Blade Dance","Backflip"],"campfire_rested":4,"item_purchase_floors":[8,8,21,29,29,38,38,41],"current_hp_per_floor":[58,40,40,29,29,29,23,23,23,42,25,25,23,16,35,21,55,53,53,53,53,53,45,23,42,42,47,33,33,33,21,40,32,58,48,48,39,39,39,39,39,38,38,38,38,32,31,30,30,0],"gold":145,"neow_bonus":"THREE_SMALL_POTIONS","is_prod":false,"is_daily":false,"chose_seed":false,"campfire_upgraded":2,"win_rate":0,"timestamp":1567166508,"path_taken":["M","?","M","?","M","R","E","$","T","R","E","?","?","M","R","BOSS","M","?","?","$","M","E","M","R","T","?","E","$","E","M","R","BOSS","M","?","M","$","M","R","$","M","T","?","?","?","E","M","R","BOSS"],"build_version":"2019-08-26","purchased_purges":2,"victory":false,"max_hp_per_floor":[66,66,66,66,66,66,66,66,66,66,66,66,66,66,66,66,66,66,66,66,66,66,66,66,66,66,66,66,66,66,66,66,66,66,66,66,66,66,66,66,66,66,66,66,66,66,66,66,66,66],"card_choices":[{"not_picked":["PiercingWail","Deflect"],"picked":"Backflip","floor":1.0},{"not_picked":["Prepared","Accuracy"],"picked":"Predator","floor":3.0},{"not_picked":["Sucker Punch","Bane"],"picked":"Flying Knee","floor":5.0},{"not_picked":["Dagger Throw","Die Die Die"],"picked":"After Image","floor":7.0},{"not_picked":["Escape Plan","Flying Knee"],"picked":"Infinite Blades","floor":11.0},{"not_picked":["Backflip","Underhanded Strike"],"picked":"PiercingWail","floor":13.0},{"not_picked":["Quick Slash","PiercingWail"],"picked":"Finisher","floor":13.0},{"not_picked":["PiercingWail","Slice"],"picked":"Deflect","floor":14.0},{"not_picked":["Quick Slash","Riddle With Holes"],"picked":"Bullet Time","floor":14.0},{"not_picked":["Venomology","Night Terror"],"picked":"Wraith Form v2+1","floor":16.0},{"not_picked":[],"picked":"Backflip","floor":18.0},{"not_picked":[],"picked":"Dash","floor":18.0},{"not_picked":[],"picked":"Catalyst","floor":20.0},{"not_picked":["Bane"],"picked":"SKIP","floor":20.0},{"not_picked":[],"picked":"Noxious Fumes+1","floor":22.0},{"not_picked":["Blade Dance"],"picked":"SKIP","floor":22.0},{"not_picked":["Sucker Punch"],"picked":"SKIP","floor":23.0},{"not_picked":["Cloak And Dagger"],"picked":"SKIP","floor":24.0},{"not_picked":["PiercingWail"],"picked":"SKIP","floor":24.0},{"not_picked":["Sucker Punch"],"picked":"SKIP","floor":28.0},{"not_picked":["Deflect"],"picked":"SKIP","floor":30.0},{"not_picked":["Cloak And Dagger"],"picked":"SKIP","floor":31.0},{"not_picked":["Flying Knee"],"picked":"SKIP","floor":31.0},{"not_picked":[],"picked":"Bouncing Flask","floor":35.0},{"not_picked":["Slice"],"picked":"SKIP","floor":35.0},{"not_picked":[],"picked":"Dodge and Roll+1","floor":37},{"not_picked":[],"picked":"PiercingWail","floor":37},{"not_picked":["Heel Hook+1"],"picked":"SKIP","floor":39},{"not_picked":["Blade Dance"],"picked":"SKIP","floor":39},{"not_picked":[],"picked":"Crippling Poison","floor":42},{"not_picked":["Bane+1"],"picked":"SKIP","floor":42},{"not_picked":["Bouncing Flask"],"picked":"SKIP","floor":47},{"not_picked":[],"picked":"Prepared+1","floor":48},{"not_picked":["Bane+1"],"picked":"SKIP","floor":48}],"player_experience":811616,"relics_obtained":[{"floor":7.0,"key":"Lantern"},{"floor":9.0,"key":"Prayer Wheel"},{"floor":11.0,"key":"Frozen Egg 2"},{"floor":23.0,"key":"Shuriken"},{"floor":26.0,"key":"Bag of Marbles"},{"floor":28.0,"key":"Bag of Preparation"},{"floor":30.0,"key":"Vajra"},{"floor":46,"key":"Tough Bandages"},{"floor":47,"key":"Blue Candle"}],"event_choices":[{"damage_healed":0.0,"max_hp_gain":0.0,"max_hp_loss":0.0,"gold_gain":0.0,"event_name":"Scrap Ooze","player_choice":"Success","floor":2.0,"gold_loss":0.0,"damage_taken":18.0,"relics_obtained":["Calipers"]},{"damage_healed":0.0,"max_hp_gain":0.0,"max_hp_loss":0.0,"gold_gain":75.0,"event_name":"World of Goop","player_choice":"Gather Gold","floor":4.0,"gold_loss":0.0,"damage_taken":11.0},{"damage_healed":0.0,"max_hp_gain":0.0,"max_hp_loss":0.0,"gold_gain":0.0,"cards_transformed":["Strike_G"],"event_name":"Transmorgrifier","player_choice":"Transformed","floor":12.0,"gold_loss":0.0,"damage_taken":0.0,"cards_obtained":["Footwork"]},{"damage_healed":0.0,"max_hp_gain":0.0,"max_hp_loss":0.0,"gold_gain":0.0,"event_name":"Designer","player_choice":"Upgraded Two","floor":19.0,"gold_loss":50.0,"damage_taken":0.0,"cards_upgraded":["Defend_G","Strike_G"]},{"cards_removed":["Flying Knee"],"damage_healed":5.0,"max_hp_gain":0.0,"max_hp_loss":0.0,"gold_gain":0.0,"event_name":"Bonfire Elementals","player_choice":"Offered Common","floor":27.0,"gold_loss":0.0,"damage_taken":0.0},{"cards_removed":["Flying Knee"],"damage_healed":5.0,"max_hp_gain":0.0,"max_hp_loss":0.0,"gold_gain":0.0,"event_name":"Bonfire Elementals","player_choice":"Offered Special","floor":27.0,"gold_loss":0.0,"damage_taken":0.0},{"cards_removed":["Strike_G"],"damage_healed":0.0,"max_hp_gain":0.0,"max_hp_loss":0.0,"gold_gain":0.0,"event_name":"Falling","player_choice":"Removed Attack","floor":36.0,"gold_loss":0.0,"damage_taken":0.0},{"damage_healed":0,"gold_gain":0,"player_choice":"Paid","damage_taken":0,"relics_obtained":["Red Mask"],"max_hp_gain":0,"max_hp_loss":0,"event_name":"Tomb of Lord Red Mask","floor":44,"gold_loss":100},{"damage_healed":0,"gold_gain":0,"player_choice":"Fight","damage_taken":0,"max_hp_gain":0,"max_hp_loss":0,"event_name":"MindBloom","floor":46,"gold_loss":0}],"is_beta":true,"boss_relics":[{"not_picked":["WristBlade","Empty Cage"],"picked":"Busted Crown"},{"not_picked":["Fusion Hammer","Ring of the Serpent"],"picked":"Cursed Key"}],"items_purged_floors":[8,21],"is_endless":false,"potions_floor_spawned":[1,3,13,16,22,23,28,33,35,37,46],"killed_by":"Awakened One","ascension_level":20}