{"gold_per_floor":[17,31,41,41,54,54,67,95,95,95,112,112,131,161,161,258,258,270,5,24,24,36,64,64,64,146,146,164,164,164,175,175,277,327,340,340,440,440,440,440,455,474,474,484,67,83,83,83,83,83],"floor_reached":51,"playtime":3020,"items_purged":["Strike_G"],"score":729,"play_id":"b491f0a2-8230-439f-9854-21956fb15f83","local_time":"20190820215103","is_ascension_mode":false,"campfire_choices":[{"data":"Bane","floor":6,"key":"SMITH"},{"data":"Bouncing Flask","floor":10,"key":"SMITH"},{"data":"Poisoned Stab","floor":12,"key":"SMITH"},{"data":"Envenom","floor":15,"key":"SMITH"},{"floor":24,"key":"REST"},{"data":"Well Laid Plans","floor":27,"key":"SMITH"},{"data":"Crippling Poison","floor":30,"key":"SMITH"},{"data":"Glass Knife","floor":32,"key":"SMITH"},{"data":"Wraith Form v2","floor":40,"key":"SMITH"},{"floor":47,"key":"REST"},{"floor":49,"key":"REST"}],"neow_cost":"NO_GOLD","seed_source_timestamp":9878762335300,"circlet_count":0,"master_deck":["Defend_G","Defend_G","Defend_G","Defend_G","Survivor","Poisoned Stab+1","Bouncing Flask+1","Acrobatics","Bane+1","Bane","Dash","Envenom+1","Glass Knife+1","Infinite Blades","Well Laid Plans+1","Deadly Poison","Outmaneuver","Crippling Poison+1","Predator+1","Escape Plan+1","Dodge and Roll","Wraith Form v2+1","Backflip+1","Acrobatics+1","Infinite Blades","Sucker Punch+1","Corpse Explosion","Escape Plan"],"relics":["Ring of the Snake","Calipers","Pear","Art of War","Velvet Choker","Medical Kit","Ice Cream","Molten Egg 2","Tiny House","Gambling Chip","Blue Candle","PrismaticShard","Kunai"],"potions_floor_usage":[31,33,41,44,50,50,50],"damage_taken":[{"damage":0,"enemies":"2 Louse","floor":1,"turns":3},{"damage":0,"enemies":"Small Slimes","floor":2,"turns":4},{"damage":0,"enemies":"Cultist","floor":3,"turns":3},{"damage":0,"enemies":"Large Slime","floor":5,"turns":11},{"damage":0,"enemies":"Looter","floor":7,"turns":4},{"damage":8,"enemies":"Lagavulin","floor":8,"turns":5},{"damage":3,"enemies":"Exordium Wildlife","floor":11,"turns":3},{"damage":4,"enemies":"Red Slaver","floor":13,"turns":3},{"damage":10,"enemies":"3 Sentries","floor":14,"turns":9},{"damage":0,"enemies":"Slime Boss","floor":16,"turns":6},{"damage":0,"enemies":"Chosen","floor":18,"turns":3},{"damage":0,"enemies":"3 Byrds","floor":20,"turns":4},{"damage":24,"enemies":"Sentry and Sphere","floor":22,"turns":5},{"damage":23,"enemies":"Book of Stabbing","floor":23,"turns":5},{"damage":2,"enemies":"Centurion and Healer","floor":28,"turns":5},{"damage":0,"enemies":"Snake Plant","floor":31,"turns":3},{"damage":42,"enemies":"Champ","floor":33,"turns":10},{"damage":3,"enemies":"3 Shapes","floor":35,"turns":5},{"damage":5,"enemies":"Mind Bloom Boss Battle","floor":37,"turns":6},{"damage":25,"enemies":"3 Darklings","floor":41,"turns":6},{"damage":0,"enemies":"Transient","floor":42,"turns":5},{"damage":2,"enemies":"Sphere and 2 Shapes","floor":44,"turns":6},{"damage":17,"enemies":"3 Darklings","floor":46,"turns":4},{"damage":24,"enemies":"Awakened One","floor":50,"turns":16}],"seed_played":"-6916660177892337056","potions_obtained":[{"floor":3,"key":"FearPotion"},{"floor":7,"key":"GhostInAJar"},{"floor":8,"key":"Weak Potion"},{"floor":16,"key":"Ancient Potion"},{"floor":31,"key":"SkillPotion"},{"floor":34,"key":"Dexterity Potion"},{"floor":41,"key":"SkillPotion"}],"is_trial":false,"path_per_floor":["M","M","M","?","M","R","M","E","T","R","M","R","M","E","R","B",null,"M","$","M","?","M","E","R","$","T","R","M","?","R","M","R","B",null,"M","?","?","$","?","R","M","M","T","M","$","M","R","T","R","B",null],"character_chosen":"THE_SILENT","items_purchased":["Medical Kit","LiquidBronze","Escape Plan","PrismaticShard","LiquidBronze"],"campfire_rested":3,"item_purchase_floors":[19,45,45,45,45],"current_hp_per_floor":[70,70,70,75,75,75,75,67,77,77,74,74,70,60,60,60,85,85,85,85,85,61,38,63,63,63,63,61,61,61,61,61,19,90,87,87,82,82,82,82,57,57,57,55,55,38,65,65,90,66],"gold":83,"neow_bonus":"REMOVE_TWO","is_prod":false,"is_daily":false,"chose_seed":false,"campfire_upgraded":8,"win_rate":1,"timestamp":1566305463,"path_taken":["M","M","M","?","M","R","M","E","T","R","M","R","M","E","R","BOSS","M","$","M","?","M","E","R","$","T","R","M","?","R","M","R","BOSS","M","?","?","$","?","R","?","M","T","M","?","M","R","?","R","BOSS"],"build_version":"2019-07-17","purchased_purges":1,"victory":true,"max_hp_per_floor":[70,70,70,75,75,75,75,75,85,85,85,85,85,85,85,85,85,85,85,85,85,85,85,85,85,85,85,85,85,85,85,85,85,90,90,90,90,90,90,90,90,90,90,90,90,90,90,90,90,90],"card_choices":[{"not_picked":["Dagger Throw","PiercingWail"],"picked":"Poisoned Stab","floor":1},{"not_picked":["Poisoned Stab","Blade Dance"],"picked":"Bouncing Flask","floor":2},{"not_picked":["Finisher","Phantasmal Killer"],"picked":"Acrobatics","floor":3},{"not_picked":["Acrobatics","Dodge and Roll"],"picked":"Bane","floor":5},{"not_picked":["Riddle With Holes","Endless Agony"],"picked":"Bane","floor":7},{"not_picked":["Choke","Accuracy","Setup"],"picked":"SKIP","floor":8},{"not_picked":["Acrobatics","Concentrate","Flechettes"],"picked":"SKIP","floor":11},{"not_picked":["Bane","Slice"],"picked":"Dash","floor":13},{"not_picked":["Slice","Leg Sweep"],"picked":"Envenom","floor":14},{"not_picked":["Wraith Form v2","Bullet Time"],"picked":"Glass Knife","floor":16},{"not_picked":["Dagger Throw","Quick Slash"],"picked":"Infinite Blades","floor":18},{"not_picked":["Dagger Spray+1","Crippling Poison+1"],"picked":"Well Laid Plans","floor":20},{"not_picked":["Acrobatics","Underhanded Strike"],"picked":"Crippling Poison","floor":22},{"not_picked":["Bane","Distraction"],"picked":"Predator+1","floor":23},{"not_picked":["Storm of Steel","Outmaneuver"],"picked":"Escape Plan","floor":28},{"not_picked":["Riddle With Holes+1","Flying Knee+1"],"picked":"Dodge and Roll","floor":31},{"not_picked":["Bullet Time","Envenom"],"picked":"Wraith Form v2","floor":33},{"not_picked":["Distraction","Catalyst"],"picked":"Backflip+1","floor":34},{"not_picked":["Flechettes+1","Dagger Throw+1"],"picked":"Acrobatics+1","floor":35},{"not_picked":["Distraction","Blade Dance+1"],"picked":"Infinite Blades","floor":41},{"not_picked":["Blade Dance+1","Deadly Poison+1"],"picked":"Sucker Punch+1","floor":42},{"not_picked":["Expertise","Accuracy+1"],"picked":"Corpse Explosion","floor":44},{"not_picked":["Thunderclap+1","Barrage+1","Acrobatics"],"picked":"SKIP","floor":46}],"player_experience":190121,"relics_obtained":[{"floor":8,"key":"Calipers"},{"floor":9,"key":"Pear"},{"floor":14,"key":"Art of War"},{"floor":23,"key":"Ice Cream"},{"floor":26,"key":"Molten Egg 2"},{"floor":37,"key":"Gambling Chip"},{"floor":43,"key":"Blue Candle"},{"floor":48,"key":"Kunai"}],"event_choices":[{"damage_healed":0,"gold_gain":0,"player_choice":"Donut","damage_taken":0,"max_hp_gain":5,"max_hp_loss":0,"event_name":"Big Fish","floor":4,"gold_loss":0},{"damage_healed":0,"gold_gain":0,"cards_transformed":["Strike_G","Strike_G"],"player_choice":"Became Test Subject","damage_taken":0,"max_hp_gain":0,"max_hp_loss":0,"event_name":"Drug Dealer","floor":21,"gold_loss":0,"cards_obtained":["Deadly Poison","Outmaneuver"]},{"cards_removed":["Defend_G"],"damage_healed":0,"gold_gain":0,"player_choice":"Purged","damage_taken":0,"max_hp_gain":0,"max_hp_loss":0,"event_name":"Purifier","floor":29,"gold_loss":0},{"damage_healed":0,"gold_gain":0,"player_choice":"Ignored","damage_taken":0,"max_hp_gain":0,"max_hp_loss":0,"event_name":"Mysterious Sphere","floor":36,"gold_loss":0},{"damage_healed":0,"gold_gain":0,"player_choice":"Fight","damage_taken":0,"max_hp_gain":0,"max_hp_loss":0,"event_name":"MindBloom","floor":37,"gold_loss":0},{"cards_removed":["Neutralize"],"damage_healed":0,"gold_gain":0,"player_choice":"Removed Attack","damage_taken":0,"max_hp_gain":0,"max_hp_loss":0,"event_name":"Falling","floor":39,"gold_loss":0}],"is_beta":false,"boss_relics":[{"not_picked":["Empty Cage","Orrery"],"picked":"Velvet Choker"},{"not_picked":["Black Star","Runic Dome"],"picked":"Tiny House"}],"items_purged_floors":[19],"is_endless":false,"potions_floor_spawned":[3,7,8,13,16,20,22,28,31,37,41,42,46],"ascension_level":0}