{"gold_per_floor":[110,121,141,141,152,152,178,190,266,276,292,292,307,338,338,467,467,452,8,8,8,8,8,8,8,8,8,8,8,8,8,8,8,8,8,0,0,0,0,0,0,0,0,0,0,0,0,0,0,0],"floor_reached":51,"playtime":1948,"items_purged":["Strike_R"],"score":738,"play_id":"45487b9e-9c7e-4247-91c2-e7195e1d3897","local_time":"20190707150642","is_ascension_mode":false,"campfire_choices":[{"data":"Spot Weakness","floor":6.0,"key":"SMITH"},{"floor":15.0,"key":"REST"},{"data":"Enlightenment","floor":23.0,"key":"SMITH"},{"data":"Evolve","floor":32.0,"key":"SMITH"},{"data":"Bludgeon","floor":40.0,"key":"SMITH"},{"floor":49.0,"key":"REST"}],"neow_cost":"NONE","seed_source_timestamp":1364548286602893,"circlet_count":0,"master_deck":["Strike_R","Defend_R","Defend_R","Defend_R","Defend_R","Bash+1","Twin Strike","Spot Weakness+1","Shockwave","Evolve+1","Armaments","True Grit","Pommel Strike","Pummel","Bludgeon+1","Immolate","Pommel Strike+1","Shrug It Off","Power Through","Enlightenment+1","Necronomicurse","Wild Strike+1","Shrug It Off","Power Through","Dark Embrace+1","Heavy Blade+1","Fire Breathing+1","Perfected Strike+1","Infernal Blade+1","Berserk+1","Fiend Fire","True Grit+1","Evolve+1","Flex+1"],"special_seed":0,"relics":["Burning Blood","Dream Catcher","Frozen Egg 2","Golden Idol","Turnip","Ectoplasm","PreservedInsect","Necronomicon","Mummified Hand","Potion Belt","Letter Opener","Astrolabe","Red Mask","Anchor","Blood Vial"],"potions_floor_usage":[50,50,50],"damage_taken":[{"damage":6.0,"enemies":"Cultist","floor":1.0,"turns":3.0},{"damage":0.0,"enemies":"Small Slimes","floor":2.0,"turns":3.0},{"damage":3.0,"enemies":"Jaw Worm","floor":3.0,"turns":3.0},{"damage":4.0,"enemies":"2 Fungi Beasts","floor":5.0,"turns":3.0},{"damage":21.0,"enemies":"Lagavulin","floor":7.0,"turns":6.0},{"damage":9.0,"enemies":"Large Slime","floor":8.0,"turns":6.0},{"damage":8.0,"enemies":"Red Slaver","floor":10.0,"turns":2.0},{"damage":16.0,"enemies":"Exordium Thugs","floor":11.0,"turns":6.0},{"damage":10.0,"enemies":"2 Fungi Beasts","floor":13.0,"turns":4.0},{"damage":17.0,"enemies":"Gremlin Nob","floor":14.0,"turns":5.0},{"damage":21.0,"enemies":"Slime Boss","floor":16.0,"turns":8.0},{"damage":2.0,"enemies":"2 Thieves","floor":18.0,"turns":2.0},{"damage":0.0,"enemies":"3 Byrds","floor":22.0,"turns":3.0},{"damage":35.0,"enemies":"Snake Plant","floor":24.0,"turns":3.0},{"damage":13.0,"enemies":"3 Cultists","floor":25.0,"turns":5.0},{"damage":0.0,"enemies":"Gremlin Leader","floor":27.0,"turns":3.0},{"damage":0.0,"enemies":"Snecko","floor":28.0,"turns":3.0},{"damage":1.0,"enemies":"Cultist and Chosen","floor":31.0,"turns":4.0},{"damage":36.0,"enemies":"Automaton","floor":33.0,"turns":9.0},{"damage":5.0,"enemies":"Orb Walker","floor":35.0,"turns":3.0},{"damage":29.0,"enemies":"3 Darklings","floor":37.0,"turns":4.0},{"damage":0.0,"enemies":"Spire Growth","floor":39.0,"turns":3.0},{"damage":45.0,"enemies":"Nemesis","floor":41.0,"turns":5.0},{"damage":0.0,"enemies":"Writhing Mass","floor":44.0,"turns":2.0},{"damage":0.0,"enemies":"Maw","floor":47.0,"turns":6.0},{"damage":33,"enemies":"Donu and Deca","floor":50,"turns":5}],"seed_played":"-2730461825381340406","potions_obtained":[{"floor":1.0,"key":"Poison Potion"},{"floor":3.0,"key":"Poison Potion"},{"floor":7.0,"key":"SpeedPotion"},{"floor":8.0,"key":"Block Potion"},{"floor":14.0,"key":"AttackPotion"},{"floor":21.0,"key":"PowerPotion"},{"floor":21.0,"key":"Dexterity Potion"},{"floor":28.0,"key":"SpeedPotion"},{"floor":39.0,"key":"Explosive Potion"},{"floor":41.0,"key":"Swift Potion"}],"is_trial":false,"path_per_floor":["M","M","M","?","M","R","E","M","T","M","M","?","M","E","R","B",null,"M","$","?","?","M","R","M","M","T","E","M","T","?","M","R","B",null,"M","?","M","$","M","R","E","$","T","M","$","?","M","?","R","B",null],"character_chosen":"IRONCLAD","items_purchased":["Shrug It Off","Power Through","PreservedInsect","PowerPotion","Enlightenment"],"campfire_rested":2,"item_purchase_floors":[19,19,19,19,19],"current_hp_per_floor":[88,88,88,88,88,88,73,70,70,68,58,36,32,21,47,32,88,88,88,72,72,78,78,49,42,42,48,54,54,54,59,59,29,88,88,88,65,65,71,71,32,32,32,40,40,40,48,48,73,48],"gold":0,"neow_bonus":"TEN_PERCENT_HP_BONUS","is_prod":false,"is_daily":false,"chose_seed":false,"campfire_upgraded":4,"win_rate":1,"timestamp":1562479602,"path_taken":["M","M","?","?","M","R","E","M","T","M","M","?","M","E","R","BOSS","M","$","?","?","M","R","M","M","T","E","?","?","?","M","R","BOSS","M","?","M","?","M","R","E","$","T","M","$","?","?","?","R","BOSS"],"build_version":"2019-07-05","purchased_purges":1,"victory":true,"max_hp_per_floor":[88,88,88,88,88,88,88,88,88,88,88,88,88,88,88,88,88,88,88,88,88,88,88,88,88,88,88,88,88,88,88,88,88,88,88,88,88,88,88,88,88,88,88,88,88,88,88,84,84,84],"card_choices":[{"not_picked":["Seeing Red","Feel No Pain"],"picked":"Twin Strike","floor":1.0},{"not_picked":["Sever Soul","Entrench"],"picked":"Spot Weakness","floor":2.0},{"not_picked":["Anger","Thunderclap"],"picked":"Shockwave","floor":3.0},{"not_picked":["Heavy Blade","Pommel Strike"],"picked":"Evolve","floor":5.0},{"not_picked":["Havoc","Cleave"],"picked":"Armaments","floor":7.0},{"not_picked":["Ghostly Armor","Twin Strike"],"picked":"True Grit","floor":8.0},{"not_picked":["Rupture+1","Heavy Blade"],"picked":"Pommel Strike","floor":10.0},{"not_picked":["Havoc","Heavy Blade","Rage"],"picked":"SKIP","floor":11.0},{"not_picked":["Warcry","Bloodletting"],"picked":"Pummel","floor":13.0},{"not_picked":["Cleave","Shrug It Off"],"picked":"Bludgeon","floor":14.0},{"not_picked":["Juggernaut+1","Double Tap"],"picked":"Immolate","floor":16.0},{"not_picked":["Flex","Armaments"],"picked":"Pommel Strike+1","floor":18.0},{"not_picked":["True Grit","Sever Soul+1"],"picked":"Wild Strike+1","floor":22.0},{"not_picked":["Havoc","Second Wind+1"],"picked":"Shrug It Off","floor":24.0},{"not_picked":["Combust+1","Clash","Fire Breathing+1"],"picked":"SKIP","floor":25.0},{"not_picked":["Anger+1","Thunderclap","Fire Breathing+1"],"picked":"SKIP","floor":27.0},{"not_picked":["Dropkick","Carnage"],"picked":"Power Through","floor":28.0},{"not_picked":["Bloodletting","Twin Strike+1"],"picked":"Dark Embrace+1","floor":31.0},{"not_picked":["Body Slam+1","Heavy Blade"],"picked":"Infernal Blade+1","floor":35.0},{"not_picked":["Second Wind","Sword Boomerang","Iron Wave"],"picked":"SKIP","floor":37.0},{"not_picked":["Twin Strike+1","Heavy Blade"],"picked":"Berserk+1","floor":39.0},{"not_picked":["Iron Wave+1","Sentinel+1"],"picked":"Fiend Fire","floor":41.0},{"not_picked":["Intimidate+1","Clash"],"picked":"True Grit+1","floor":44.0},{"not_picked":["Cleave+1","Body Slam+1"],"picked":"Flex+1","floor":47.0}],"player_experience":47591,"relics_obtained":[{"floor":7.0,"key":"Dream Catcher"},{"floor":9.0,"key":"Frozen Egg 2"},{"floor":14.0,"key":"Turnip"},{"floor":20.0,"key":"Necronomicon"},{"floor":26.0,"key":"Mummified Hand"},{"floor":27.0,"key":"Potion Belt"},{"floor":29.0,"key":"Letter Opener"},{"floor":41.0,"key":"Anchor"},{"floor":43.0,"key":"Blood Vial"}],"event_choices":[{"damage_healed":0.0,"max_hp_gain":0.0,"max_hp_loss":0.0,"gold_gain":0.0,"event_name":"Living Wall","player_choice":"Grow","floor":4.0,"gold_loss":0.0,"damage_taken":0.0,"cards_upgraded":["Bash"]},{"damage_healed":0.0,"max_hp_gain":0.0,"max_hp_loss":0.0,"gold_gain":0.0,"event_name":"Golden Idol","player_choice":"Take Damage","floor":12.0,"gold_loss":0.0,"damage_taken":22.0,"relics_obtained":["Golden Idol"]},{"damage_healed":0.0,"max_hp_gain":0.0,"max_hp_loss":0.0,"gold_gain":0.0,"event_name":"Cursed Tome","player_choice":"Obtained Book","floor":20.0,"gold_loss":0.0,"damage_taken":16.0},{"damage_healed":0.0,"max_hp_gain":0.0,"max_hp_loss":0.0,"gold_gain":0.0,"event_name":"Lab","player_choice":"Got Potions","floor":21.0,"gold_loss":0.0,"damage_taken":0.0},{"damage_healed":0.0,"max_hp_gain":0.0,"max_hp_loss":0.0,"gold_gain":0.0,"event_name":"Tomb of Lord Red Mask","player_choice":"Paid","floor":36.0,"gold_loss":8.0,"damage_taken":0.0,"relics_obtained":["Red Mask"]},{"damage_healed":0.0,"max_hp_gain":0.0,"max_hp_loss":0.0,"gold_gain":0.0,"event_name":"Duplicator","player_choice":"Copied","floor":46.0,"gold_loss":0.0,"damage_taken":0.0,"cards_obtained":["Evolve"]},{"damage_healed":0.0,"max_hp_gain":0.0,"max_hp_loss":4.0,"gold_gain":0.0,"event_name":"Winding Halls","player_choice":"Max HP","floor":48.0,"gold_loss":0.0,"damage_taken":0.0}],"is_beta":false,"boss_relics":[{"not_picked":["Cursed Key","Calling Bell"],"picked":"Ectoplasm"},{"not_picked":["Tiny House","Mark of Pain"],"picked":"Astrolabe"}],"items_purged_floors":[19],"is_endless":false,"potions_floor_spawned":[1,3,7,8,14,22,25,28,39,41],"ascension_level":0}