{"gold_per_floor":[211,222,239,314,124,124,150,150,150,150,150,150,182,24,24,24],"floor_reached":16,"playtime":897,"items_purged":["Strike_G","Strike_G"],"score":212,"play_id":"2bb1ff78-61c6-41ed-b0b7-8199c537bfa6","local_time":"20190709174454","is_ascension_mode":true,"campfire_choices":[{"data":"Poisoned Stab","floor":6,"key":"SMITH"},{"floor":8,"key":"REST"},{"data":"Neutralize","floor":10,"key":"SMITH"},{"data":"Deadly Poison","floor":15,"key":"SMITH"}],"neow_cost":"NONE","seed_source_timestamp":165682446164700,"circlet_count":0,"master_deck":["AscendersBane","Strike_G","Strike_G","Strike_G","Defend_G","Defend_G","Defend_G","Defend_G","Defend_G","Survivor","Neutralize+1","Sucker Punch","Poisoned Stab+1","Flying Knee","PiercingWail","Dagger Spray","Infinite Blades","PiercingWail","Deadly Poison+1","Footwork"],"special_seed":0,"relics":["Ring of the Snake","Sundial","Juzu Bracelet","Smiling Mask","Ancient Tea Set"],"potions_floor_usage":[7,16],"damage_taken":[{"damage":12.0,"enemies":"Small Slimes","floor":1.0,"turns":5.0},{"damage":7,"enemies":"Jaw Worm","floor":2,"turns":5},{"damage":4,"enemies":"2 Louse","floor":3,"turns":3},{"damage":34,"enemies":"Lagavulin","floor":7,"turns":7},{"damage":34,"enemies":"3 Sentries","floor":13,"turns":9},{"damage":11,"enemies":"Hexaghost","floor":16,"turns":10}],"seed_played":"3625819579633093749","potions_obtained":[{"floor":3,"key":"Regen Potion"},{"floor":13,"key":"Weak Potion"}],"is_trial":false,"path_per_floor":["M","M","M","?","$","R","E","R","T","R","?","?","E","$","R","B"],"character_chosen":"THE_SILENT","items_purchased":["PiercingWail","Dagger Spray","Deadly Poison","Footwork"],"campfire_rested":1,"item_purchase_floors":[5,5,14,14],"current_hp_per_floor":[47,40,36,25,25,25,6,25,25,25,47,42,8,8,8,0],"gold":24,"neow_bonus":"HUNDRED_GOLD","is_prod":false,"is_daily":false,"chose_seed":false,"campfire_upgraded":3,"win_rate":0,"timestamp":1562708694,"path_taken":["M","M","M","?","?","R","E","R","T","R","?","?","E","$","R","BOSS"],"build_version":"2019-07-05","purchased_purges":2,"victory":false,"max_hp_per_floor":[66,66,66,66,66,66,66,66,66,66,66,66,66,66,66,66],"card_choices":[{"not_picked":["Calculated Gamble","Blade Dance"],"picked":"Sucker Punch","floor":1.0},{"not_picked":["Underhanded Strike","Sucker Punch"],"picked":"Poisoned Stab","floor":2},{"not_picked":["Flechettes","Caltrops"],"picked":"Flying Knee","floor":3},{"not_picked":["Dagger Spray","Tools of the Trade"],"picked":"Infinite Blades","floor":7},{"not_picked":["Underhanded Strike","Cloak And Dagger"],"picked":"PiercingWail","floor":13}],"player_experience":1325770,"relics_obtained":[{"floor":7,"key":"Sundial"},{"floor":9,"key":"Juzu Bracelet"},{"floor":13,"key":"Ancient Tea Set"}],"event_choices":[{"damage_healed":0,"gold_gain":75,"player_choice":"Gather Gold","damage_taken":11,"max_hp_gain":0,"max_hp_loss":0,"event_name":"World of Goop","floor":4,"gold_loss":0},{"damage_healed":22,"gold_gain":0,"player_choice":"Banana","damage_taken":0,"max_hp_gain":0,"max_hp_loss":0,"event_name":"Big Fish","floor":11,"gold_loss":0},{"damage_healed":0,"gold_gain":0,"player_choice":"Success","damage_taken":5,"relics_obtained":["Smiling Mask"],"max_hp_gain":0,"max_hp_loss":0,"event_name":"Scrap Ooze","floor":12,"gold_loss":0}],"is_beta":false,"boss_relics":[],"items_purged_floors":[5,14],"is_endless":false,"potions_floor_spawned":[3,13],"killed_by":"Hexaghost","ascension_level":20}