{"gold_per_floor":[19,38,53,3,23,23,49,49,49,89,118,141,153,90,90,192,192,207,306,10,25,38,38,38,57,57,9,9,109,120,133,133,228,278,289,307,407,424,424,424,434,449,449,449,461,313,313,332,332,332],"floor_reached":51,"playtime":3581,"items_purged":["Strike_R","Strike_R","Defend_R"],"score":763,"play_id":"1fe04a3e-9394-4642-9426-e2aafad51882","local_time":"20190720112545","is_ascension_mode":false,"campfire_choices":[{"data":"Uppercut","floor":6.0,"key":"SMITH"},{"data":"Bash","floor":8.0,"key":"SMITH"},{"data":"Evolve","floor":15.0,"key":"SMITH"},{"floor":23.0,"key":"REST"},{"floor":32.0,"key":"REST"},{"floor":40,"key":"REST"},{"floor":47,"key":"REST"},{"floor":49,"key":"REST"}],"neow_cost":"NO_GOLD","seed_source_timestamp":19943895771600,"circlet_count":0,"master_deck":["Defend_R","Defend_R","Defend_R","Bash+1","Clash","Cleave","Uppercut+1","Dropkick","Dropkick+1","Dropkick","Evolve+1","Feed","Burning Pact+1","Warcry+1","Power Through+1","Havoc+1","Berserk+1","Thunderclap+1","Seeing Red+1","Shrug It Off+1","Intimidate+1","Fire Breathing+1","Dark Shackles+1","True Grit+1","Shrug It Off+1","Headbutt+1","Dark Embrace"],"special_seed":0,"relics":["Burning Blood","Omamori","MawBank","Toxic Egg 2","Dream Catcher","Runic Pyramid","HandDrill","Anchor","Blue Candle","Tiny House","Champion Belt","Self Forming Clay"],"potions_floor_usage":[36,45,50,50,50],"damage_taken":[{"damage":7.0,"enemies":"2 Louse","floor":1.0,"turns":4.0},{"damage":0.0,"enemies":"Jaw Worm","floor":2.0,"turns":3.0},{"damage":5.0,"enemies":"Small Slimes","floor":3.0,"turns":3.0},{"damage":0.0,"enemies":"Exordium Wildlife","floor":5.0,"turns":3.0},{"damage":26.0,"enemies":"Lagavulin","floor":7.0,"turns":4.0},{"damage":4.0,"enemies":"Gremlin Nob","floor":10.0,"turns":3.0},{"damage":0.0,"enemies":"2 Fungi Beasts","floor":11.0,"turns":2.0},{"damage":5.0,"enemies":"Lots of Slimes","floor":12.0,"turns":2.0},{"damage":0.0,"enemies":"Slime Boss","floor":16.0,"turns":5.0},{"damage":22.0,"enemies":"Spheric Guardian","floor":18.0,"turns":4.0},{"damage":20.0,"enemies":"2 Thieves","floor":21.0,"turns":3.0},{"damage":32.0,"enemies":"Snake Plant","floor":22.0,"turns":3.0},{"damage":20.0,"enemies":"Sentry and Sphere","floor":25.0,"turns":5.0},{"damage":10.0,"enemies":"3 Cultists","floor":30.0,"turns":4.0},{"damage":0.0,"enemies":"Centurion and Healer","floor":31.0,"turns":3.0},{"damage":12.0,"enemies":"Champ","floor":33.0,"turns":3.0},{"damage":46,"enemies":"3 Darklings","floor":35,"turns":7},{"damage":0,"enemies":"3 Shapes","floor":36,"turns":8},{"damage":0,"enemies":"Mind Bloom Boss Battle","floor":37,"turns":5},{"damage":0,"enemies":"Transient","floor":38,"turns":5},{"damage":14,"enemies":"Writhing Mass","floor":41,"turns":8},{"damage":8,"enemies":"Sphere and 2 Shapes","floor":42,"turns":8},{"damage":18,"enemies":"Transient","floor":45,"turns":5},{"damage":4,"enemies":"4 Shapes","floor":48,"turns":7},{"damage":20,"enemies":"Time Eater","floor":50,"turns":8}],"seed_played":"7235513378789396100","potions_obtained":[{"floor":2.0,"key":"AttackPotion"},{"floor":5.0,"key":"LiquidBronze"},{"floor":7.0,"key":"Block Potion"},{"floor":16.0,"key":"AttackPotion"},{"floor":22.0,"key":"Block Potion"},{"floor":31.0,"key":"Weak Potion"},{"floor":34.0,"key":"Energy Potion"},{"floor":36,"key":"PowerPotion"},{"floor":45,"key":"Poison Potion"}],"is_trial":false,"path_per_floor":["M","M","M","?","M","R","E","R","T","E","M","M","?","$","R","B",null,"M","?","$","M","M","R","?","M","T","$","?","?","M","M","R","B",null,"M","M","?","M","?","R","M","M","T","?","M","$","R","M","R","B",null],"character_chosen":"IRONCLAD","items_purchased":["HandDrill","FearPotion","Shrug It Off+1"],"campfire_rested":5,"item_purchase_floors":[20,27,46],"current_hp_per_floor":[79,80,80,80,80,80,60,60,60,62,68,69,69,69,69,75,80,67,67,67,56,33,59,59,48,48,48,30,30,29,38,68,62,108,68,77,83,92,92,114,109,110,110,110,98,98,120,123,123,112],"gold":332,"neow_bonus":"REMOVE_TWO","is_prod":false,"is_daily":false,"chose_seed":false,"campfire_upgraded":3,"win_rate":1,"timestamp":1563589545,"path_taken":["M","M","M","?","M","R","E","R","T","E","M","M","?","$","R","BOSS","M","?","$","M","M","R","?","M","T","$","?","?","M","?","R","BOSS","M","M","?","M","?","R","M","?","T","?","M","$","R","M","R","BOSS"],"build_version":"2019-07-17","purchased_purges":3,"victory":true,"max_hp_per_floor":[80,80,80,80,80,80,80,80,80,80,80,80,80,80,80,80,80,83,83,83,86,89,89,89,92,92,92,97,97,100,103,103,103,108,108,111,111,114,114,114,117,120,120,120,120,120,120,123,123,126],"card_choices":[{"not_picked":["Anger","Havoc"],"picked":"Clash","floor":1.0},{"not_picked":["Iron Wave","Wild Strike"],"picked":"Cleave","floor":2.0},{"not_picked":["Headbutt","Anger"],"picked":"Uppercut","floor":3.0},{"not_picked":["Heavy Blade","Ghostly Armor"],"picked":"Dropkick","floor":5.0},{"not_picked":["Metallicize","Thunderclap"],"picked":"Dropkick","floor":7.0},{"not_picked":["Thunderclap","Body Slam","Pommel Strike"],"picked":"SKIP","floor":10.0},{"not_picked":["Sentinel+1","Bloodletting+1"],"picked":"Dropkick","floor":11.0},{"not_picked":["Wild Strike","Flex+1"],"picked":"Evolve","floor":12.0},{"not_picked":["Limit Break+1","Barricade"],"picked":"Feed","floor":16.0},{"not_picked":["Body Slam+1","Clothesline+1"],"picked":"Burning Pact+1","floor":18.0},{"not_picked":["Anger+1","Infernal Blade+1"],"picked":"Warcry+1","floor":21.0},{"not_picked":["Body Slam","Iron Wave+1","Uppercut+1"],"picked":"SKIP","floor":22.0},{"not_picked":["Uppercut+1","Iron Wave","Heavy Blade"],"picked":"SKIP","floor":25.0},{"not_picked":["Exhume+1","Entrench+1","Twin Strike+1"],"picked":"SKIP","floor":30.0},{"not_picked":["Wild Strike","Shrug It Off+1"],"picked":"Power Through+1","floor":31.0},{"not_picked":["Searing Blow+1","Perfected Strike+1"],"picked":"Havoc+1","floor":32.0},{"not_picked":["Bludgeon","Dark Embrace"],"picked":"Berserk","floor":33.0},{"not_picked":["Flex+1","Flame Barrier+1"],"picked":"Thunderclap+1","floor":34.0},{"not_picked":["Dual Wield+1","Havoc+1"],"picked":"Seeing Red+1","floor":35},{"not_picked":["Bloodletting+1","Wild Strike+1"],"picked":"Shrug It Off+1","floor":36},{"not_picked":["Body Slam","Flex+1","Sword Boomerang+1"],"picked":"SKIP","floor":38},{"not_picked":["Cleave+1","Whirlwind"],"picked":"Intimidate+1","floor":40},{"not_picked":["Sword Boomerang","Shrug It Off+1","Flex+1"],"picked":"SKIP","floor":41},{"not_picked":["Twin Strike+1","Combust+1"],"picked":"Fire Breathing+1","floor":42},{"not_picked":["Forethought+1","Jack Of All Trades+1"],"picked":"Dark Shackles+1","floor":44},{"not_picked":["Pommel Strike","Headbutt+1"],"picked":"True Grit+1","floor":45},{"not_picked":["Flex+1","Havoc+1"],"picked":"Headbutt+1","floor":47},{"not_picked":["Twin Strike+1","Warcry+1"],"picked":"Dark Embrace","floor":48}],"player_experience":82869,"relics_obtained":[{"floor":7.0,"key":"Omamori"},{"floor":9.0,"key":"MawBank"},{"floor":10.0,"key":"Toxic Egg 2"},{"floor":26.0,"key":"Blue Candle"},{"floor":37,"key":"Champion Belt"},{"floor":43,"key":"Self Forming Clay"}],"event_choices":[{"cards_removed":["Strike_R"],"damage_healed":0.0,"max_hp_gain":0.0,"max_hp_loss":0.0,"gold_gain":0.0,"event_name":"The Cleric","player_choice":"Card Removal","floor":4.0,"gold_loss":50.0,"damage_taken":0.0},{"damage_healed":0.0,"max_hp_gain":0.0,"max_hp_loss":0.0,"gold_gain":0.0,"event_name":"Big Fish","player_choice":"Box","floor":13.0,"gold_loss":0.0,"damage_taken":0.0,"relics_obtained":["Dream Catcher"],"cards_obtained":["Regret"]},{"damage_healed":0.0,"max_hp_gain":0.0,"max_hp_loss":0.0,"gold_gain":99.0,"event_name":"Nest","player_choice":"Stole From Cult","floor":19.0,"gold_loss":0.0,"damage_taken":0.0},{"damage_healed":0.0,"max_hp_gain":0.0,"max_hp_loss":0.0,"gold_gain":0.0,"event_name":"Addict","player_choice":"Stole Relic","floor":24.0,"gold_loss":0.0,"damage_taken":0.0,"relics_obtained":["Anchor"],"cards_obtained":["Shame"]},{"damage_healed":0.0,"max_hp_gain":5.0,"max_hp_loss":0.0,"gold_gain":0.0,"event_name":"Forgotten Altar","player_choice":"Shed Blood","floor":28.0,"gold_loss":0.0,"damage_taken":23.0},{"damage_healed":0.0,"max_hp_gain":0.0,"max_hp_loss":0.0,"gold_gain":100.0,"event_name":"Golden Shrine","player_choice":"Pray","floor":29.0,"gold_loss":0.0,"damage_taken":0.0},{"damage_healed":0,"gold_gain":0,"player_choice":"Fight","damage_taken":0,"max_hp_gain":0,"max_hp_loss":0,"event_name":"MindBloom","floor":37,"gold_loss":0},{"damage_healed":0,"gold_gain":0,"player_choice":"Upgraded","damage_taken":0,"max_hp_gain":0,"max_hp_loss":0,"event_name":"Upgrade Shrine","floor":39,"gold_loss":0,"cards_upgraded":["Berserk"]},{"damage_healed":0,"gold_gain":0,"player_choice":"Memory 1","damage_taken":0,"max_hp_gain":0,"max_hp_loss":0,"event_name":"SensoryStone","floor":44,"gold_loss":0}],"is_beta":false,"boss_relics":[{"not_picked":["Ectoplasm","Snecko Eye"],"picked":"Runic Pyramid"},{"not_picked":["Coffee Dripper","Pandora\u0027s Box"],"picked":"Tiny House"}],"items_purged_floors":[14,20,46],"is_endless":false,"potions_floor_spawned":[2,5,7,16,18,22,31,36,45,48],"ascension_level":0}