{"gold_per_floor":[115,115,135,149,16,16,48,48,48,48,48,48,82,94,94,168,168,183,183,197,208,123,123,148,148,148,8,8,8,40,51,51,51],"floor_reached":33,"playtime":1610,"items_purged":[],"score":657,"play_id":"7ee0a150-d538-43ed-920b-9df37bdeeb52","local_time":"20190723155240","is_ascension_mode":true,"campfire_choices":[{"floor":6.0,"key":"REST"},{"data":"Crippling Poison","floor":8.0,"key":"SMITH"},{"floor":10.0,"key":"REST"},{"data":"Caltrops","floor":15.0,"key":"SMITH"},{"data":"Noxious Fumes","floor":23.0,"key":"SMITH"},{"data":"Well Laid Plans","floor":25.0,"key":"SMITH"},{"data":"Strike_G","floor":28.0,"key":"PURGE"},{"data":"Strike_G","floor":32,"key":"PURGE"}],"neow_cost":"PERCENT_DAMAGE","seed_source_timestamp":773674579936900,"circlet_count":0,"master_deck":["AscendersBane","Defend_G","Defend_G","Defend_G","Defend_G","Survivor","Neutralize+1","Noxious Fumes+1","PiercingWail","PiercingWail","Crippling Poison+1","Well Laid Plans+1","Dash","Caltrops+1","Malaise","Deadly Poison+1","Underhanded Strike+1","Riddle With Holes+1","Dagger Spray","Malaise","Flying Knee+1","Noxious Fumes+1"],"special_seed":0,"relics":["Ring of the Snake","Nunchaku","Pocketwatch","Pen Nib","Boot","Astrolabe","MutagenicStrength","Molten Egg 2","Mango","Peace Pipe","Darkstone Periapt"],"potions_floor_usage":[33],"damage_taken":[{"damage":36.0,"enemies":"Jaw Worm","floor":1.0,"turns":9.0},{"damage":0.0,"enemies":"2 Louse","floor":3.0,"turns":3.0},{"damage":1.0,"enemies":"Cultist","floor":4.0,"turns":5.0},{"damage":23.0,"enemies":"3 Sentries","floor":7.0,"turns":7.0},{"damage":13.0,"enemies":"Lagavulin","floor":13.0,"turns":7.0},{"damage":0.0,"enemies":"Blue Slaver","floor":14.0,"turns":5.0},{"damage":10.0,"enemies":"The Guardian","floor":16.0,"turns":10.0},{"damage":2.0,"enemies":"Chosen","floor":18.0,"turns":5.0},{"damage":0.0,"enemies":"Spheric Guardian","floor":20.0,"turns":5.0},{"damage":6.0,"enemies":"Cultist and Chosen","floor":21.0,"turns":6.0},{"damage":26.0,"enemies":"Slavers","floor":24.0,"turns":5.0},{"damage":0.0,"enemies":"Gremlin Leader","floor":30.0,"turns":6.0},{"damage":3,"enemies":"Centurion and Healer","floor":31,"turns":4},{"damage":44,"enemies":"Automaton","floor":33,"turns":10}],"seed_played":"5107139916788192003","potions_obtained":[{"floor":1.0,"key":"EntropicBrew"},{"floor":14.0,"key":"Swift Potion"},{"floor":18.0,"key":"Explosive Potion"},{"floor":20.0,"key":"SpeedPotion"}],"is_trial":false,"path_per_floor":["M","?","M","M","$","R","E","R","T","R","?","T","E","M","R","B",null,"M","?","M","M","?","R","E","R","T","$","R","?","E","M","R","B"],"character_chosen":"THE_SILENT","items_purchased":["Crippling Poison","Energy Potion","Flying Knee+1","Fruit Juice"],"campfire_rested":2,"item_purchase_floors":[5,5,27,27],"current_hp_per_floor":[20,20,20,19,19,42,19,19,19,42,35,35,22,22,22,12,62,60,60,60,54,54,54,42,42,42,42,47,47,47,44,44,0],"gold":51,"neow_bonus":"TWENTY_PERCENT_HP_BONUS","is_prod":false,"is_daily":false,"chose_seed":false,"campfire_upgraded":4,"win_rate":0,"timestamp":1563911560,"path_taken":["M","?","M","M","$","R","E","R","T","R","?","?","E","?","R","BOSS","M","?","M","M","?","R","E","R","T","$","R","?","E","M","R","BOSS"],"build_version":"2019-07-17","purchased_purges":0,"victory":false,"max_hp_per_floor":[78,78,78,78,78,78,78,78,78,78,78,78,78,78,78,78,78,78,78,78,78,78,78,92,92,92,92,97,97,97,97,97,97],"card_choices":[{"not_picked":["Eviscerate","Blade Dance"],"picked":"Noxious Fumes","floor":1.0},{"not_picked":["Dagger Throw","Underhanded Strike"],"picked":"PiercingWail","floor":3.0},{"not_picked":["Setup","Endless Agony"],"picked":"PiercingWail","floor":4.0},{"not_picked":["Poisoned Stab","Dagger Throw"],"picked":"Well Laid Plans","floor":7.0},{"not_picked":["Concentrate","Distraction"],"picked":"Dash","floor":13.0},{"not_picked":["Underhanded Strike","Sucker Punch"],"picked":"Caltrops","floor":14.0},{"not_picked":["Tools of the Trade","Doppelganger"],"picked":"Malaise","floor":16.0},{"not_picked":["Deadly Poison","Expertise","Sucker Punch+1"],"picked":"SKIP","floor":18.0},{"not_picked":["Setup","Dodge and Roll"],"picked":"Dagger Spray","floor":20.0},{"not_picked":["Underhanded Strike","Eviscerate","Backflip"],"picked":"SKIP","floor":21.0},{"not_picked":["Quick Slash+1","Cloak And Dagger"],"picked":"Malaise","floor":24.0},{"not_picked":["Bane+1","Caltrops","Slice+1"],"picked":"SKIP","floor":30.0},{"not_picked":["Prepared","Choke+1","Dodge and Roll"],"picked":"SKIP","floor":31}],"player_experience":1386438,"relics_obtained":[{"floor":7.0,"key":"Nunchaku"},{"floor":9.0,"key":"Pocketwatch"},{"floor":12.0,"key":"Pen Nib"},{"floor":13.0,"key":"Boot"},{"floor":24.0,"key":"Mango"},{"floor":26.0,"key":"Peace Pipe"},{"floor":30.0,"key":"Darkstone Periapt"}],"event_choices":[{"damage_healed":0.0,"max_hp_gain":0.0,"max_hp_loss":0.0,"gold_gain":0.0,"event_name":"Living Wall","player_choice":"Grow","floor":2.0,"gold_loss":0.0,"damage_taken":0.0,"cards_upgraded":["Neutralize"]},{"cards_removed":["Strike_G"],"damage_healed":0.0,"max_hp_gain":0.0,"max_hp_loss":0.0,"gold_gain":0.0,"event_name":"Golden Wing","player_choice":"Card Removal","floor":11.0,"gold_loss":0.0,"damage_taken":7.0},{"damage_healed":0.0,"max_hp_gain":0.0,"max_hp_loss":0.0,"gold_gain":0.0,"event_name":"Drug Dealer","player_choice":"Inject Mutagens","floor":19.0,"gold_loss":0.0,"damage_taken":0.0,"relics_obtained":["MutagenicStrength"]},{"damage_healed":0.0,"max_hp_gain":0.0,"max_hp_loss":0.0,"gold_gain":0.0,"event_name":"Addict","player_choice":"Obtained Relic","floor":22.0,"gold_loss":85.0,"damage_taken":0.0,"relics_obtained":["Molten Egg 2"]},{"damage_healed":0.0,"max_hp_gain":0.0,"max_hp_loss":0.0,"gold_gain":0.0,"event_name":"Duplicator","player_choice":"Copied","floor":29.0,"gold_loss":0.0,"damage_taken":0.0,"cards_obtained":["Noxious Fumes"]}],"is_beta":false,"boss_relics":[{"not_picked":["Empty Cage","Coffee Dripper"],"picked":"Astrolabe"}],"items_purged_floors":[],"is_endless":false,"potions_floor_spawned":[1,14,18,20],"killed_by":"Automaton","ascension_level":20}