{"gold_per_floor":[116,18,18,18,32,32,94,51,51,61,80,107,107,107],"floor_reached":14,"playtime":324,"items_purged":[],"score":246,"play_id":"3e7bfe18-f922-4906-94fb-a6d8f3d33345","local_time":"20190812212150","is_ascension_mode":true,"campfire_choices":[{"data":"Armaments","floor":6.0,"key":"SMITH"}],"neow_cost":"NONE","seed_source_timestamp":250378489878700,"circlet_count":0,"master_deck":["AscendersBane","Strike_R","Strike_R","Strike_R","Strike_R","Defend_R","Defend_R","Defend_R","Bash","Spot Weakness+1","Shrug It Off","Feel No Pain","Armaments+1","Flame Barrier","Sword Boomerang+1"],"special_seed":0,"relics":["Burning Blood","NeowsBlessing","Tiny Chest","Molten Egg 2","Omamori"],"potions_floor_usage":[11],"damage_taken":[{"damage":0.0,"enemies":"Cultist","floor":1.0,"turns":1.0},{"damage":0.0,"enemies":"2 Louse","floor":5.0,"turns":1.0},{"damage":0.0,"enemies":"3 Sentries","floor":7.0,"turns":1.0},{"damage":0.0,"enemies":"Small Slimes","floor":10.0,"turns":3.0},{"damage":17,"enemies":"Gremlin Gang","floor":11,"turns":6},{"damage":61,"enemies":"Gremlin Nob","floor":12,"turns":5},{"damage":9,"enemies":"Lots of Slimes","floor":14,"turns":1}],"seed_played":"4771082280082041154","potions_obtained":[{"floor":1.0,"key":"Fire Potion"},{"floor":7.0,"key":"Dexterity Potion"}],"is_trial":false,"path_per_floor":["M","$","?","?","M","R","E","$","T","M","M","E","?","M"],"character_chosen":"IRONCLAD","items_purchased":["Shrug It Off","Feel No Pain","Flame Barrier"],"campfire_rested":0,"item_purchase_floors":[2,2,8],"current_hp_per_floor":[74,74,67,67,73,73,75,75,75,75,64,9,9,0],"gold":107,"neow_bonus":"THREE_ENEMY_KILL","is_prod":false,"is_daily":false,"chose_seed":false,"campfire_upgraded":1,"win_rate":0,"timestamp":1565659310,"path_taken":["M","$","?","?","?","R","E","$","T","M","M","E","?","M"],"build_version":"2019-07-17","purchased_purges":0,"victory":false,"max_hp_per_floor":[75,75,75,75,75,75,75,75,75,75,75,75,75,75],"card_choices":[{"not_picked":["Rupture","Wild Strike"],"picked":"Spot Weakness","floor":1.0},{"not_picked":["Rage","Flex"],"picked":"Armaments","floor":5.0},{"not_picked":["Iron Wave","Anger","Armaments"],"picked":"SKIP","floor":7.0},{"not_picked":["Rampage+1","Thunderclap+1"],"picked":"Sword Boomerang+1","floor":10.0},{"not_picked":["Power Through","Rupture","Anger+1"],"picked":"SKIP","floor":11},{"not_picked":["Flex","Power Through","Exhume"],"picked":"SKIP","floor":12}],"player_experience":1467759,"relics_obtained":[{"floor":7.0,"key":"Tiny Chest"},{"floor":9.0,"key":"Molten Egg 2"},{"floor":12,"key":"Omamori"}],"event_choices":[{"cards_removed":["Defend_R"],"damage_healed":0.0,"max_hp_gain":0.0,"max_hp_loss":0.0,"gold_gain":0.0,"event_name":"Golden Wing","player_choice":"Card Removal","floor":3.0,"gold_loss":0.0,"damage_taken":7.0},{"cards_removed":["Strike_R"],"damage_healed":0.0,"max_hp_gain":0.0,"max_hp_loss":0.0,"gold_gain":0.0,"event_name":"Purifier","player_choice":"Purged","floor":4.0,"gold_loss":0.0,"damage_taken":0.0},{"damage_healed":0,"gold_gain":0,"player_choice":"Grow","damage_taken":0,"max_hp_gain":0,"max_hp_loss":0,"event_name":"Living Wall","floor":13,"gold_loss":0,"cards_upgraded":["Spot Weakness"]}],"is_beta":false,"boss_relics":[],"items_purged_floors":[],"is_endless":false,"potions_floor_spawned":[1,7],"killed_by":"Lots of Slimes","ascension_level":20}