{"gold_per_floor":[219,235,235,246,22,22,51,51,77,77,96,106,106,56,56,151,201,219,144,156,0,14,14,24,37,37,37,55,66,66,66,66,166,166,180,180,180,196,206,206,274,274,274,286,325,357,329,358,370,382],"floor_reached":51,"playtime":2286,"items_purged":["Strike_R"],"score":729,"play_id":"b59b7aa0-6ec2-43c9-a408-a6c7359bfae9","local_time":"20190717220549","is_ascension_mode":false,"campfire_choices":[{"data":"Bash","floor":6.0,"key":"SMITH"},{"data":"Searing Blow","floor":8.0,"key":"SMITH"},{"data":"Searing Blow+1","floor":10.0,"key":"SMITH"},{"data":"Searing Blow+2","floor":15.0,"key":"SMITH"},{"data":"Searing Blow+3","floor":23.0,"key":"SMITH"},{"data":"Searing Blow+4","floor":27.0,"key":"SMITH"},{"data":"Searing Blow+5","floor":30.0,"key":"SMITH"},{"data":"Searing Blow+6","floor":32.0,"key":"SMITH"},{"data":"Searing Blow+7","floor":40,"key":"SMITH"},{"data":"Searing Blow+8","floor":42,"key":"SMITH"},{"data":"Searing Blow+9","floor":44,"key":"SMITH"},{"data":"Apotheosis","floor":49,"key":"SMITH"}],"neow_cost":"NONE","seed_source_timestamp":588085842021676,"circlet_count":0,"master_deck":["Strike_R+1","Defend_R","Defend_R","Defend_R","Defend_R","Bash+1","Searing Blow+10","Metallicize","Clothesline","Whirlwind","Evolve","Wild Strike","Feel No Pain+1","True Grit+1","Double Tap","True Grit","Shrug It Off","Barricade","Offering","Madness","Apotheosis+1","Panacea","Decay","Battle Trance","Shockwave+1","Disarm","Power Through+1"],"special_seed":0,"relics":["Burning Blood","Oddly Smooth Stone","Vajra","Bag of Marbles","Tiny House","Self Forming Clay","Runic Dome","Meat on the Bone","MawBank","Pen Nib"],"potions_floor_usage":[33,47,50,50],"damage_taken":[{"damage":2.0,"enemies":"2 Louse","floor":1.0,"turns":3.0},{"damage":1.0,"enemies":"Jaw Worm","floor":2.0,"turns":3.0},{"damage":0.0,"enemies":"Small Slimes","floor":4.0,"turns":5.0},{"damage":54.0,"enemies":"3 Sentries","floor":7.0,"turns":22.0},{"damage":11.0,"enemies":"Exordium Thugs","floor":11.0,"turns":4.0},{"damage":0.0,"enemies":"Blue Slaver","floor":12.0,"turns":5.0},{"damage":26.0,"enemies":"Hexaghost","floor":16.0,"turns":10.0},{"damage":12.0,"enemies":"Shell Parasite","floor":18.0,"turns":12.0},{"damage":1.0,"enemies":"Chosen","floor":20.0,"turns":6.0},{"damage":2.0,"enemies":"Snecko","floor":22.0,"turns":4.0},{"damage":9.0,"enemies":"Snake Plant","floor":24.0,"turns":4.0},{"damage":21.0,"enemies":"Centurion and Healer","floor":25.0,"turns":9.0},{"damage":10.0,"enemies":"Chosen and Byrds","floor":28.0,"turns":5.0},{"damage":6.0,"enemies":"Cultist and Chosen","floor":29.0,"turns":11.0},{"damage":66,"enemies":"Collector","floor":33,"turns":11},{"damage":8,"enemies":"3 Shapes","floor":35,"turns":5},{"damage":0,"enemies":"Orb Walker","floor":38,"turns":2},{"damage":2,"enemies":"Sphere and 2 Shapes","floor":39,"turns":2},{"damage":11,"enemies":"Giant Head","floor":45,"turns":6},{"damage":43,"enemies":"3 Darklings","floor":46,"turns":4},{"damage":20,"enemies":"Jaw Worm Horde","floor":48,"turns":3},{"damage":25,"enemies":"Awakened One","floor":50,"turns":10}],"seed_played":"-528901468960750001","potions_obtained":[{"floor":7.0,"key":"PowerPotion"},{"floor":12.0,"key":"SpeedPotion"},{"floor":16.0,"key":"Weak Potion"},{"floor":17.0,"key":"Swift Potion"},{"floor":38,"key":"LiquidBronze"},{"floor":47,"key":"Fruit Juice"},{"floor":47,"key":"Fruit Juice"},{"floor":47,"key":"SmokeBomb"}],"is_trial":false,"path_per_floor":["M","M","?","M","$","R","E","R","T","R","M","M","?","?","R","B",null,"M","?","M","$","M","R","M","M","T","R","M","M","R","?","R","B",null,"M","?","?","M","M","R","T","R","T","R","E","M","?","M","R","B",null],"character_chosen":"IRONCLAD","items_purchased":["Oddly Smooth Stone","Double Tap"],"campfire_rested":0,"item_purchase_floors":[5,21],"current_hp_per_floor":[80,80,85,85,85,85,37,37,37,37,32,38,31,31,31,11,90,84,84,89,89,90,90,87,72,72,72,68,68,68,68,68,8,90,88,78,78,84,88,88,88,88,88,88,83,58,63,61,61,54],"gold":394,"neow_bonus":"HUNDRED_GOLD","is_prod":false,"is_daily":false,"chose_seed":false,"campfire_upgraded":12,"win_rate":1,"timestamp":1563368749,"path_taken":["M","M","?","M","$","R","E","R","T","R","M","M","?","?","R","BOSS","M","?","M","$","M","R","M","M","T","R","M","M","R","?","R","BOSS","M","?","?","?","M","R","?","R","T","R","E","M","?","?","R","BOSS"],"build_version":"2019-07-05","purchased_purges":1,"victory":true,"max_hp_per_floor":[80,80,85,85,85,85,85,85,85,85,85,85,85,85,85,85,90,90,90,90,90,90,90,90,90,90,90,90,90,90,90,90,90,90,90,90,90,90,90,90,90,90,90,90,90,90,95,95,95,95],"card_choices":[{"not_picked":["Havoc","Flex"],"picked":"Searing Blow","floor":1.0},{"not_picked":["Anger","Thunderclap"],"picked":"Metallicize","floor":2.0},{"not_picked":["Perfected Strike","Sentinel","Bloodletting"],"picked":"SKIP","floor":4.0},{"not_picked":["Warcry","Iron Wave"],"picked":"Clothesline","floor":7.0},{"not_picked":["Havoc","Carnage"],"picked":"Whirlwind","floor":11.0},{"not_picked":["Whirlwind","Iron Wave"],"picked":"Evolve","floor":12.0},{"not_picked":["Headbutt","Heavy Blade"],"picked":"Wild Strike","floor":17.0},{"not_picked":["Wild Strike","Hemokinesis"],"picked":"Feel No Pain+1","floor":18.0},{"not_picked":["Wild Strike+1","Warcry"],"picked":"True Grit+1","floor":20.0},{"not_picked":["Rage","Heavy Blade"],"picked":"True Grit","floor":22.0},{"not_picked":["Wild Strike","Flex","Body Slam"],"picked":"SKIP","floor":24.0},{"not_picked":["Searing Blow","Heavy Blade+1"],"picked":"Shrug It Off","floor":25.0},{"not_picked":["Wild Strike","Ghostly Armor"],"picked":"Barricade","floor":28.0},{"not_picked":["Clothesline","Fire Breathing","Rupture+1"],"picked":"SKIP","floor":29.0},{"not_picked":["Immolate","Brutality"],"picked":"Offering","floor":33},{"not_picked":["Blood for Blood","Clothesline","Havoc+1"],"picked":"SKIP","floor":35},{"not_picked":["Impatience","Master of Strategy"],"picked":"Madness","floor":36},{"not_picked":["The Bomb","Violence"],"picked":"Apotheosis","floor":36},{"not_picked":["Swift Strike","Bandage Up"],"picked":"Panacea","floor":36},{"not_picked":["Pommel Strike+1","Dual Wield+1"],"picked":"Battle Trance","floor":38},{"not_picked":["Corruption+1","Cleave+1"],"picked":"Shockwave+1","floor":39},{"not_picked":["Power Through+1","Twin Strike"],"picked":"Disarm","floor":45},{"not_picked":["Whirlwind","Perfected Strike+1","Sword Boomerang"],"picked":"SKIP","floor":46},{"not_picked":["True Grit","Anger"],"picked":"Power Through+1","floor":48}],"player_experience":66723,"relics_obtained":[{"floor":7.0,"key":"Vajra"},{"floor":9.0,"key":"Bag of Marbles"},{"floor":26.0,"key":"Self Forming Clay"},{"floor":41,"key":"Meat on the Bone"},{"floor":43,"key":"MawBank"},{"floor":45,"key":"Pen Nib"}],"event_choices":[{"damage_healed":0.0,"max_hp_gain":5.0,"max_hp_loss":0.0,"gold_gain":0.0,"event_name":"Big Fish","player_choice":"Donut","floor":3.0,"gold_loss":0.0,"damage_taken":0.0},{"cards_removed":["Strike_R"],"damage_healed":0.0,"max_hp_gain":0.0,"max_hp_loss":0.0,"gold_gain":0.0,"event_name":"Golden Wing","player_choice":"Card Removal","floor":13.0,"gold_loss":0.0,"damage_taken":7.0},{"cards_removed":["Strike_R"],"damage_healed":0.0,"max_hp_gain":0.0,"max_hp_loss":0.0,"gold_gain":0.0,"event_name":"The Cleric","player_choice":"Card Removal","floor":14.0,"gold_loss":50.0,"damage_taken":0.0},{"cards_removed":["Strike_R"],"damage_healed":0.0,"max_hp_gain":0.0,"max_hp_loss":0.0,"gold_gain":0.0,"event_name":"Beggar","player_choice":"Gave Gold","floor":19.0,"gold_loss":75.0,"damage_taken":0.0},{"damage_healed":0.0,"max_hp_gain":0.0,"max_hp_loss":0.0,"gold_gain":0.0,"event_name":"Vampires","player_choice":"Ignored","floor":31.0,"gold_loss":0.0,"damage_taken":0.0},{"damage_healed":0,"gold_gain":0,"player_choice":"Memory 3","damage_taken":10,"max_hp_gain":0,"max_hp_loss":0,"event_name":"SensoryStone","floor":36,"gold_loss":0},{"damage_healed":0,"gold_gain":0,"player_choice":"Cursed","damage_taken":0,"max_hp_gain":0,"max_hp_loss":0,"event_name":"Wheel of Change","floor":37,"gold_loss":0,"cards_obtained":["Decay"]},{"damage_healed":0,"gold_gain":0,"player_choice":"Bought 3 Potions","damage_taken":0,"max_hp_gain":0,"max_hp_loss":0,"event_name":"The Woman in Blue","floor":47,"gold_loss":0}],"is_beta":false,"boss_relics":[{"not_picked":["Lizard Tail","Runic Cube"],"picked":"Tiny House"},{"not_picked":["Empty Cage","Orrery"],"picked":"Runic Dome"}],"items_purged_floors":[5],"is_endless":false,"potions_floor_spawned":[7,12,16,25,28,38],"ascension_level":0}