{"gold_per_floor":[110,110,31,31,31,31,31,43,43,68,81,81,93,107,107,179,229,241,241,241,141,151,151,101,181,181,207,0,18,18,47,47,47],"floor_reached":33,"playtime":1302,"items_purged":["Strike_B","Strike_B","Strike_B"],"score":566,"play_id":"e38a7235-eeb8-4f1a-99db-fcefb6f76131","local_time":"20190630124123","is_ascension_mode":true,"campfire_choices":[{"data":"Loop","floor":6.0,"key":"SMITH"},{"floor":12.0,"key":"REST"},{"data":"Capacitor","floor":15.0,"key":"SMITH"},{"floor":23.0,"key":"REST"},{"floor":30,"key":"REST"},{"data":"Defragment","floor":32,"key":"SMITH"}],"neow_cost":"NONE","seed_source_timestamp":835882359052700,"circlet_count":0,"master_deck":["AscendersBane","Defend_B+1","Defend_B+1","Defend_B","Zap+1","Dualcast","Loop+1","Cold Snap","Streamline+1","Conserve Battery","Capacitor+1","Hologram","Ball Lightning","Core Surge","Go for the Eyes","Coolheaded","Go for the Eyes+1","Ball Lightning","Defragment+1"],"special_seed":0,"relics":["Cracked Core","Smiling Mask","Regal Pillow","Anchor","Tiny House","Pantograph","PreservedInsect","The Courier","Ancient Tea Set"],"potions_floor_usage":[],"damage_taken":[{"damage":4.0,"enemies":"Small Slimes","floor":1.0,"turns":3.0},{"damage":2.0,"enemies":"Jaw Worm","floor":8.0,"turns":3.0},{"damage":28.0,"enemies":"Gremlin Nob","floor":10.0,"turns":4.0},{"damage":0.0,"enemies":"Cultist","floor":11.0,"turns":3.0},{"damage":4.0,"enemies":"Red Slaver","floor":13.0,"turns":4.0},{"damage":1.0,"enemies":"Blue Slaver","floor":14.0,"turns":4.0},{"damage":24.0,"enemies":"The Guardian","floor":16.0,"turns":10.0},{"damage":12.0,"enemies":"2 Thieves","floor":18.0,"turns":3.0},{"damage":0.0,"enemies":"3 Byrds","floor":20.0,"turns":2.0},{"damage":12.0,"enemies":"Snake Plant","floor":22.0,"turns":6.0},{"damage":35.0,"enemies":"Book of Stabbing","floor":27.0,"turns":7.0},{"damage":20,"enemies":"Sentry and Sphere","floor":29,"turns":6},{"damage":33,"enemies":"Slavers","floor":31,"turns":4},{"damage":67,"enemies":"Champ","floor":33,"turns":11}],"seed_played":"5760813810349044193","potions_obtained":[{"floor":8.0,"key":"SmokeBomb"},{"floor":13.0,"key":"Weak Potion"},{"floor":17.0,"key":"Explosive Potion"},{"floor":31,"key":"Fire Potion"}],"is_trial":false,"path_per_floor":["M","?","$","?","?","R","?","M","T","E","M","R","M","M","R","B",null,"M","?","M","$","M","R","$","T","T","E","?","M","R","E","R","B"],"character_chosen":"DEFECT","items_purchased":["Cold Snap","Coolheaded"],"campfire_rested":3,"item_purchase_floors":[3,21],"current_hp_per_floor":[60,39,39,39,39,39,32,30,30,2,2,38,34,33,33,9,61,49,49,49,49,37,74,74,74,74,39,39,19,56,23,23,0],"gold":47,"neow_bonus":"RANDOM_COMMON_RELIC","is_prod":false,"is_daily":false,"chose_seed":false,"campfire_upgraded":3,"win_rate":0,"timestamp":1561912883,"path_taken":["M","?","$","?","?","R","?","M","T","E","?","R","M","M","R","BOSS","M","?","?","$","M","R","$","?","T","E","?","M","R","E","R","BOSS"],"build_version":"2019-01-23","purchased_purges":3,"victory":false,"max_hp_per_floor":[71,71,71,71,71,71,71,71,71,71,71,71,71,71,71,71,76,76,76,76,76,76,76,76,76,76,76,76,76,76,76,76,76],"card_choices":[{"not_picked":["Streamline","Leap"],"picked":"Loop","floor":1.0},{"not_picked":["Sweeping Beam","Turbo"],"picked":"Streamline","floor":8.0},{"not_picked":["Storm","Go for the Eyes"],"picked":"Conserve Battery","floor":10.0},{"not_picked":["Sweeping Beam","Redo"],"picked":"Capacitor","floor":11.0},{"not_picked":["Redo","Gash"],"picked":"Hologram","floor":13.0},{"not_picked":["Steam","Hologram"],"picked":"Ball Lightning","floor":14.0},{"not_picked":["Fission","Reboot"],"picked":"Core Surge","floor":16.0},{"not_picked":["Barrage","Coolheaded"],"picked":"Go for the Eyes","floor":17.0},{"not_picked":["Lockon","Beam Cell","Sweeping Beam"],"picked":"SKIP","floor":18.0},{"not_picked":["Turbo","Stack"],"picked":"Go for the Eyes+1","floor":22.0},{"not_picked":["Stack+1","Reinforced Body"],"picked":"Ball Lightning","floor":27.0},{"not_picked":["Reinforced Body","BootSequence"],"picked":"Defragment","floor":29},{"not_picked":["Gash","Rebound","FTL"],"picked":"SKIP","floor":31}],"player_experience":1251417,"relics_obtained":[{"floor":9.0,"key":"Regal Pillow"},{"floor":10.0,"key":"Anchor"},{"floor":25.0,"key":"Pantograph"},{"floor":26.0,"key":"PreservedInsect"},{"floor":27.0,"key":"The Courier"},{"floor":31,"key":"Ancient Tea Set"}],"event_choices":[{"damage_healed":0.0,"max_hp_gain":0.0,"max_hp_loss":0.0,"gold_gain":0.0,"event_name":"Shining Light","player_choice":"Entered Light","floor":2.0,"gold_loss":0.0,"damage_taken":21.0,"cards_upgraded":["Defend_B","Defend_B"]},{"damage_healed":0.0,"max_hp_gain":0.0,"max_hp_loss":0.0,"gold_gain":0.0,"event_name":"The Cleric","player_choice":"Leave","floor":4.0,"gold_loss":0.0,"damage_taken":0.0},{"damage_healed":0.0,"max_hp_gain":0.0,"max_hp_loss":0.0,"gold_gain":0.0,"event_name":"Living Wall","player_choice":"Grow","floor":5.0,"gold_loss":0.0,"damage_taken":0.0,"cards_upgraded":["Zap"]},{"cards_removed":["Defend_B"],"damage_healed":0.0,"max_hp_gain":0.0,"max_hp_loss":0.0,"gold_gain":0.0,"event_name":"Golden Wing","player_choice":"Card Removal","floor":7.0,"gold_loss":0.0,"damage_taken":7.0},{"cards_removed":["Strike_B"],"damage_healed":0.0,"max_hp_gain":0.0,"max_hp_loss":0.0,"gold_gain":0.0,"event_name":"Purifier","player_choice":"Purged","floor":19.0,"gold_loss":0.0,"damage_taken":0.0},{"damage_healed":0,"gold_gain":0,"player_choice":"Paid Fearfully","damage_taken":0,"max_hp_gain":0,"max_hp_loss":0,"event_name":"Masked Bandits","floor":28,"gold_loss":207}],"is_beta":false,"boss_relics":[{"not_picked":["Fusion Hammer","Pandora\u0027s Box"],"picked":"Tiny House"}],"items_purged_floors":[3,21,24],"is_endless":false,"potions_floor_spawned":[8,13,20,31],"killed_by":"Champ","ascension_level":20}