{"gold_per_floor":[213,288,10,25,35,60,75,75,75,75,22,40,40,14,14,88,138,153,181,181,181,181],"floor_reached":22,"playtime":4269,"items_purged":[],"score":364,"play_id":"9a7a2b3c-dedf-4b89-a5cc-aaf4d708f302","local_time":"20190621225428","is_ascension_mode":true,"campfire_choices":[{"data":"Inflame","floor":8.0,"key":"SMITH"},{"data":"True Grit","floor":10.0,"key":"SMITH"},{"data":"Bash","floor":15.0,"key":"SMITH"}],"neow_cost":"NONE","seed_source_timestamp":91953322716400,"circlet_count":0,"master_deck":["AscendersBane","Strike_R","Strike_R","Strike_R","Strike_R","Strike_R","Defend_R","Defend_R+1","Defend_R+1","Defend_R","Bash+1","Pommel Strike","Thunderclap","Sword Boomerang","True Grit+1","Wild Strike","Inflame+1","Sword Boomerang+1","Warcry","Limit Break+1","Flex","Heavy Blade","Pommel Strike+1"],"special_seed":0,"relics":["Burning Blood","Bag of Preparation","Meat on the Bone","Gremlin Horn","War Paint","Tiny House","Red Mask","MutagenicStrength"],"potions_floor_usage":[19],"damage_taken":[{"damage":9.0,"enemies":"2 Louse","floor":1.0,"turns":3.0},{"damage":1.0,"enemies":"Cultist","floor":4.0,"turns":3.0},{"damage":2.0,"enemies":"Jaw Worm","floor":5.0,"turns":3.0},{"damage":35.0,"enemies":"Lagavulin","floor":6.0,"turns":7.0},{"damage":20.0,"enemies":"Exordium Thugs","floor":7.0,"turns":6.0},{"damage":1.0,"enemies":"Large Slime","floor":12.0,"turns":5.0},{"damage":40.0,"enemies":"Hexaghost","floor":16.0,"turns":9.0},{"damage":36.0,"enemies":"Chosen","floor":18.0,"turns":6.0},{"damage":46,"enemies":"Masked Bandits","floor":19,"turns":5},{"damage":15,"enemies":"Shell Parasite","floor":22,"turns":1}],"seed_played":"4079653827634902715","potions_obtained":[{"floor":4.0,"key":"Fire Potion"},{"floor":6.0,"key":"EssenceOfSteel"},{"floor":17.0,"key":"FairyPotion"},{"floor":18.0,"key":"GamblersBrew"},{"floor":19,"key":"Ancient Potion"}],"is_trial":false,"path_per_floor":["M","?","$","M","M","E","M","R","T","R","?","M","?","$","R","B",null,"M","?","?","?","M"],"character_chosen":"IRONCLAD","items_purchased":["Bag of Preparation","Poison Potion","Thunderclap","Warcry"],"campfire_rested":0,"item_purchase_floors":[3,3,3,14],"current_hp_per_floor":[65,54,54,59,63,34,32,32,32,32,32,49,49,49,49,27,68,50,22,8,8,0],"gold":181,"neow_bonus":"HUNDRED_GOLD","is_prod":false,"is_daily":false,"chose_seed":false,"campfire_upgraded":3,"win_rate":0,"timestamp":1561172068,"path_taken":["M","?","$","M","M","E","M","R","T","R","?","?","?","$","R","BOSS","M","?","?","?","M"],"build_version":"2019-01-23","purchased_purges":0,"victory":false,"max_hp_per_floor":[75,75,75,75,75,75,75,75,75,75,75,75,75,75,75,75,80,80,80,85,85,85],"card_choices":[{"not_picked":["Havoc","Sentinel"],"picked":"Pommel Strike","floor":1.0},{"not_picked":["Body Slam","Iron Wave"],"picked":"Sword Boomerang","floor":4.0},{"not_picked":["Sever Soul","Rupture"],"picked":"True Grit","floor":5.0},{"not_picked":["Fire Breathing","Havoc"],"picked":"Wild Strike","floor":6.0},{"not_picked":["Heavy Blade","Warcry"],"picked":"Inflame","floor":7.0},{"not_picked":["Rage","Seeing Red"],"picked":"Sword Boomerang","floor":12.0},{"not_picked":["Bludgeon","Juggernaut"],"picked":"Limit Break","floor":16.0},{"not_picked":["Body Slam","Anger"],"picked":"Flex","floor":17.0},{"not_picked":["Anger","Iron Wave"],"picked":"Heavy Blade","floor":18.0},{"not_picked":["Rampage","Thunderclap"],"picked":"Pommel Strike+1","floor":19}],"player_experience":1201262,"relics_obtained":[{"floor":6.0,"key":"Meat on the Bone"},{"floor":9.0,"key":"Gremlin Horn"},{"floor":19,"key":"Red Mask"}],"event_choices":[{"damage_healed":0.0,"max_hp_gain":0.0,"max_hp_loss":0.0,"gold_gain":75.0,"event_name":"World of Goop","player_choice":"Gather Gold","floor":2.0,"gold_loss":0.0,"damage_taken":11.0},{"damage_healed":0.0,"max_hp_gain":0.0,"max_hp_loss":0.0,"gold_gain":0.0,"event_name":"WeMeetAgain","player_choice":"Paid Gold","floor":11.0,"gold_loss":53.0,"damage_taken":0.0,"relics_obtained":["War Paint"]},{"damage_healed":0.0,"max_hp_gain":0.0,"max_hp_loss":0.0,"gold_gain":0.0,"event_name":"Accursed Blacksmith","player_choice":"Forge","floor":13.0,"gold_loss":0.0,"damage_taken":0.0,"cards_upgraded":["Sword Boomerang"]},{"damage_healed":0,"gold_gain":0,"player_choice":"Fought Bandits","damage_taken":0,"max_hp_gain":0,"max_hp_loss":0,"event_name":"Masked Bandits","floor":19,"gold_loss":0},{"damage_healed":0,"gold_gain":0,"player_choice":"Shed Blood","damage_taken":28,"max_hp_gain":5,"max_hp_loss":0,"event_name":"Forgotten Altar","floor":20,"gold_loss":0},{"damage_healed":0,"gold_gain":0,"player_choice":"Inject Mutagens","damage_taken":0,"relics_obtained":["MutagenicStrength"],"max_hp_gain":0,"max_hp_loss":0,"event_name":"Drug Dealer","floor":21,"gold_loss":0}],"is_beta":false,"boss_relics":[{"not_picked":["Eternal Feather","Black Blood"],"picked":"Tiny House"}],"items_purged_floors":[],"is_endless":false,"potions_floor_spawned":[4,6,18,19],"killed_by":"Shell Parasite","ascension_level":20}