{"gold_per_floor":[111,186,186,196,206,206,234,234,234,234,249,249,277,126,126,222,222,239,257,270,95,106,106,106,106,106,56,56,81,96,113,113,212,212,232,252,23,39,39,71,89,89,89,99,99,112,130,130,130,130],"floor_reached":51,"playtime":2667,"items_purged":["Strike_B","Strike_B"],"score":708,"play_id":"7fb21dc5-0d41-41b2-a087-93138c044623","local_time":"20190828012840","is_ascension_mode":false,"campfire_choices":[{"data":"Zap","floor":6.0,"key":"SMITH"},{"floor":8.0,"key":"REST"},{"data":"White Noise","floor":10.0,"key":"SMITH"},{"floor":15.0,"key":"REST"},{"data":"Defragment","floor":23.0,"key":"SMITH"},{"data":"Loop","floor":25.0,"key":"SMITH"},{"data":"Auto Shields","floor":28.0,"key":"SMITH"},{"data":"Echo Form","floor":32.0,"key":"SMITH"},{"data":"Loop","floor":42,"key":"SMITH"},{"floor":45,"key":"REST"},{"data":"Creative AI","floor":49,"key":"SMITH"}],"neow_cost":"NONE","seed_source_timestamp":628077350297800,"circlet_count":0,"master_deck":["Strike_B+1","Defend_B","Defend_B","Defend_B","Defend_B","Zap+1","Dualcast","White Noise+1","Sweeping Beam+1","Hologram","Loop+1","Undo","Gash","Strike_B","Loop+1","Core Surge","Ball Lightning+1","Cold Snap","Defragment+1","Auto Shields+1","Echo Form+1","Steam","Go for the Eyes+1","Leap+1","Meteor Strike","Coolheaded","Cold Snap+1","Discovery","Chaos+1","Glacier","Impatience","Blizzard+1","Stack+1","Creative AI+1"],"special_seed":0,"relics":["Cracked Core","Happy Flower","Bottled Flame","Letter Opener","Cursed Key","FaceOfCleric","Kunai","Sozu","Bronze Scales","Dream Catcher","Bottled Lightning","Spirit Poop"],"potions_floor_usage":[50,50,50],"damage_taken":[{"damage":1.0,"enemies":"Jaw Worm","floor":1.0,"turns":3.0},{"damage":6.0,"enemies":"2 Louse","floor":4.0,"turns":2.0},{"damage":10.0,"enemies":"Small Slimes","floor":5.0,"turns":3.0},{"damage":21.0,"enemies":"Lagavulin","floor":7.0,"turns":6.0},{"damage":0.0,"enemies":"Gremlin Gang","floor":11.0,"turns":2.0},{"damage":23.0,"enemies":"Gremlin Nob","floor":13.0,"turns":4.0},{"damage":28.0,"enemies":"The Guardian","floor":16.0,"turns":7.0},{"damage":5.0,"enemies":"Chosen","floor":18.0,"turns":3.0},{"damage":7.0,"enemies":"2 Thieves","floor":19.0,"turns":2.0},{"damage":15.0,"enemies":"Centurion and Healer","floor":20.0,"turns":6.0},{"damage":7.0,"enemies":"Chosen and Byrds","floor":22.0,"turns":5.0},{"damage":10.0,"enemies":"Book of Stabbing","floor":29.0,"turns":5.0},{"damage":2.0,"enemies":"Snecko","floor":30.0,"turns":4.0},{"damage":0.0,"enemies":"3 Cultists","floor":31.0,"turns":5.0},{"damage":29.0,"enemies":"Champ","floor":33.0,"turns":12.0},{"damage":0.0,"enemies":"3 Shapes","floor":35.0,"turns":4.0},{"damage":9.0,"enemies":"Orb Walker","floor":36.0,"turns":4.0},{"damage":0.0,"enemies":"4 Shapes","floor":38.0,"turns":5.0},{"damage":7,"enemies":"Nemesis","floor":40,"turns":7},{"damage":6,"enemies":"Transient","floor":41,"turns":5},{"damage":8,"enemies":"Spire Growth","floor":44,"turns":5},{"damage":0,"enemies":"Sphere and 2 Shapes","floor":46,"turns":6},{"damage":0,"enemies":"4 Shapes","floor":47,"turns":6},{"damage":16,"enemies":"Awakened One","floor":50,"turns":14}],"seed_played":"-6110740577442266355","potions_obtained":[{"floor":11.0,"key":"SkillPotion"},{"floor":16.0,"key":"Weak Potion"},{"floor":22.0,"key":"Strength Potion"},{"floor":29.0,"key":"FocusPotion"}],"is_trial":false,"path_per_floor":["M","?","?","M","M","R","E","R","T","R","M","?","E","$","R","B",null,"M","M","M","$","M","R","?","R","T","$","R","E","M","M","R","B",null,"M","M","$","M","?","E","M","R","T","M","R","M","M","?","R","B",null],"character_chosen":"DEFECT","items_purchased":["EssenceOfSteel","Auto Shields","Fire Potion","Bronze Scales","Discovery"],"campfire_rested":3,"item_purchase_floors":[14,21,27,37,37],"current_hp_per_floor":[74,63,48,42,32,32,11,33,33,33,33,33,10,10,32,4,75,70,63,48,48,41,41,41,41,41,41,41,32,31,32,32,4,79,80,72,72,73,73,67,62,62,62,55,80,81,82,82,82,67],"gold":130,"neow_bonus":"THREE_CARDS","is_prod":false,"is_daily":false,"chose_seed":false,"campfire_upgraded":8,"win_rate":0,"timestamp":1566923320,"path_taken":["M","?","?","M","M","R","E","R","T","R","M","?","E","$","R","BOSS","M","M","?","$","M","R","?","R","T","?","R","E","M","M","R","BOSS","M","M","$","M","?","E","?","R","T","M","R","M","M","?","R","BOSS"],"build_version":"2019-07-17","purchased_purges":2,"victory":true,"max_hp_per_floor":[75,75,75,75,75,75,75,75,75,75,75,75,75,75,75,75,75,75,75,75,75,75,75,75,75,75,75,75,76,77,78,78,79,79,80,81,81,82,82,83,84,84,84,85,85,86,87,87,87,88],"card_choices":[{"not_picked":["Darkness","Double Energy"],"picked":"White Noise","floor":0.0},{"not_picked":["Redo","Barrage"],"picked":"Sweeping Beam","floor":1.0},{"not_picked":["Scrape","Steam"],"picked":"Hologram","floor":4.0},{"not_picked":["Steam","Hologram"],"picked":"Loop","floor":5.0},{"not_picked":["Darkness","Leap"],"picked":"Undo","floor":7.0},{"not_picked":["Hyperbeam","Steam"],"picked":"Gash","floor":11.0},{"not_picked":["Static Discharge","Barrage"],"picked":"Loop","floor":13.0},{"not_picked":["Seek","Rainbow"],"picked":"Core Surge","floor":16.0},{"not_picked":["Barrage","Redo"],"picked":"Ball Lightning+1","floor":18.0},{"not_picked":["Static Discharge","Leap"],"picked":"Cold Snap","floor":19.0},{"not_picked":["Steam","Chaos+1"],"picked":"Defragment","floor":20.0},{"not_picked":["Hello World","Turbo"],"picked":"Echo Form","floor":22.0},{"not_picked":["Barrage+1","Streamline"],"picked":"Steam","floor":29.0},{"not_picked":["Steam+1","Compile Driver"],"picked":"Go for the Eyes+1","floor":30.0},{"not_picked":["Reprogram+1","Sweeping Beam"],"picked":"Leap+1","floor":31.0},{"not_picked":["Core Surge","Rainbow"],"picked":"Meteor Strike","floor":33.0},{"not_picked":["Stack+1","Ball Lightning+1"],"picked":"Coolheaded","floor":35.0},{"not_picked":["Steam Power+1","Streamline+1"],"picked":"Cold Snap+1","floor":36.0},{"not_picked":["Rebound","Conserve Battery+1"],"picked":"Chaos+1","floor":38.0},{"not_picked":["BootSequence","Sunder+1"],"picked":"Blizzard+1","floor":40},{"not_picked":["Cold Snap+1","Streamline"],"picked":"Stack+1","floor":41},{"not_picked":["Conserve Battery","Stack","Beam Cell+1"],"picked":"SKIP","floor":44},{"not_picked":["Glacier","Go for the Eyes+1"],"picked":"Creative AI","floor":46},{"not_picked":["Rebound","Streamline+1","Conserve Battery"],"picked":"SKIP","floor":47}],"player_experience":248843,"relics_obtained":[{"floor":7.0,"key":"Happy Flower"},{"floor":9.0,"key":"Bottled Flame"},{"floor":13.0,"key":"Letter Opener"},{"floor":29.0,"key":"Kunai"},{"floor":40,"key":"Dream Catcher"},{"floor":43,"key":"Bottled Lightning"}],"event_choices":[{"damage_healed":0.0,"max_hp_gain":0.0,"max_hp_loss":0.0,"gold_gain":75.0,"event_name":"World of Goop","player_choice":"Gather Gold","floor":2.0,"gold_loss":0.0,"damage_taken":11.0},{"damage_healed":0.0,"max_hp_gain":0.0,"max_hp_loss":0.0,"gold_gain":0.0,"event_name":"Shining Light","player_choice":"Entered Light","floor":3.0,"gold_loss":0.0,"damage_taken":15.0,"cards_upgraded":["Sweeping Beam","Strike_B"]},{"cards_removed":["Strike_B"],"damage_healed":0.0,"max_hp_gain":0.0,"max_hp_loss":0.0,"gold_gain":0.0,"event_name":"NoteForYourself","player_choice":"Took Card","floor":12.0,"gold_loss":0.0,"damage_taken":0.0,"cards_obtained":["Strike_B"]},{"damage_healed":0.0,"max_hp_gain":0.0,"max_hp_loss":0.0,"gold_gain":0.0,"event_name":"FaceTrader","player_choice":"Trade","floor":24.0,"gold_loss":0.0,"damage_taken":0.0,"relics_obtained":["FaceOfCleric"]},{"damage_healed":0,"gold_gain":0,"player_choice":"2 cards matched","damage_taken":0,"max_hp_gain":0,"max_hp_loss":0,"event_name":"Match and Keep!","floor":39,"gold_loss":0,"cards_obtained":["Glacier","Impatience"]},{"cards_removed":["Shame"],"damage_healed":0,"gold_gain":0,"player_choice":"Offered Curse","damage_taken":0,"relics_obtained":["Spirit Poop"],"max_hp_gain":0,"max_hp_loss":0,"event_name":"Bonfire Elementals","floor":48,"gold_loss":0}],"is_beta":false,"boss_relics":[{"not_picked":["Ectoplasm","White Beast Statue"],"picked":"Cursed Key"},{"not_picked":["Runic Pyramid","Calling Bell"],"picked":"Sozu"}],"items_purged_floors":[14,21],"is_endless":false,"potions_floor_spawned":[11,16,22,29,33,36,46],"ascension_level":0}