{"gold_per_floor":[17,17,30,45,45,80,98,98,98,131,131,175,175,188,188,317,317,341,362,44,64,87,87,111,111,111,111,111,132,146,162,162,292,292,313,0,0,18,36,36,71,71,71,89,129,147,147,46,46,46],"floor_reached":51,"playtime":2752,"items_purged":["Strike_G+1","Strike_G+1"],"score":731,"play_id":"5a4a444f-2e7d-47be-83fc-61dccb2ff628","local_time":"20190828001337","is_ascension_mode":false,"campfire_choices":[{"floor":8,"key":"REST"},{"data":"Caltrops","floor":11,"key":"SMITH"},{"data":"Neutralize","floor":13,"key":"SMITH"},{"floor":15,"key":"REST"},{"floor":23,"key":"REST"},{"data":"Apotheosis","floor":25,"key":"SMITH"},{"data":"Malaise","floor":32,"key":"SMITH"},{"data":"Adrenaline","floor":40,"key":"SMITH"},{"data":"Envenom","floor":42,"key":"SMITH"},{"floor":49,"key":"REST"}],"neow_cost":"NO_GOLD","seed_source_timestamp":622665392678400,"circlet_count":0,"master_deck":["Strike_G+1","Defend_G+1","Defend_G+1","Defend_G+1","Defend_G+1","Defend_G+1","Survivor","Neutralize+1","Flying Knee","Caltrops+1","Quick Slash","Slice","PiercingWail","Cloak And Dagger","Envenom+1","Dodge and Roll","Dodge and Roll+1","Apotheosis+1","Malaise+1","Dagger Spray","Predator","Poisoned Stab","PiercingWail","Cloak And Dagger","Backflip","Adrenaline+1","Deadly Poison+1","Well Laid Plans+1","Backflip","Catalyst+1","PiercingWail+1","PiercingWail","Malaise"],"relics":["Ring of the Snake","Golden Idol","Smiling Mask","Bronze Scales","Mummified Hand","Potion Belt","Philosopher\u0027s Stone","Vajra","Cursed Key","Chemical X","Mercury Hourglass","Paper Crane"],"potions_floor_usage":[10,12,12,22,28,33,38,41,41,50],"damage_taken":[{"damage":0,"enemies":"Cultist","floor":1,"turns":4},{"damage":0,"enemies":"Jaw Worm","floor":3,"turns":4},{"damage":0,"enemies":"Small Slimes","floor":4,"turns":2},{"damage":21,"enemies":"Gremlin Nob","floor":6,"turns":5},{"damage":10,"enemies":"Red Slaver","floor":7,"turns":6},{"damage":2,"enemies":"Lagavulin","floor":10,"turns":8},{"damage":12,"enemies":"Gremlin Nob","floor":12,"turns":4},{"damage":2,"enemies":"Blue Slaver","floor":14,"turns":3},{"damage":5,"enemies":"The Guardian","floor":16,"turns":13},{"damage":22,"enemies":"Chosen","floor":18,"turns":6},{"damage":1,"enemies":"Shell Parasite","floor":19,"turns":6},{"damage":4,"enemies":"Snecko","floor":21,"turns":7},{"damage":18,"enemies":"Cultist and Chosen","floor":22,"turns":7},{"damage":3,"enemies":"Snake Plant","floor":24,"turns":4},{"damage":1,"enemies":"Snecko","floor":29,"turns":5},{"damage":6,"enemies":"Cultist and Chosen","floor":30,"turns":4},{"damage":0,"enemies":"Centurion and Healer","floor":31,"turns":6},{"damage":3,"enemies":"Automaton","floor":33,"turns":12},{"damage":0,"enemies":"3 Shapes","floor":35,"turns":3},{"damage":0,"enemies":"3 Darklings","floor":38,"turns":5},{"damage":0,"enemies":"Sphere and 2 Shapes","floor":39,"turns":6},{"damage":25,"enemies":"Reptomancer","floor":41,"turns":3},{"damage":0,"enemies":"Transient","floor":44,"turns":5},{"damage":2,"enemies":"Giant Head","floor":45,"turns":9},{"damage":19,"enemies":"Maw","floor":46,"turns":6},{"damage":10,"enemies":"Awakened One","floor":50,"turns":15}],"seed_played":"980712775748980244","potions_obtained":[{"floor":3,"key":"SteroidPotion"},{"floor":7,"key":"Fire Potion"},{"floor":10,"key":"AttackPotion"},{"floor":21,"key":"Explosive Potion"},{"floor":22,"key":"Swift Potion"},{"floor":28,"key":"Fruit Juice"},{"floor":28,"key":"Poison Potion"},{"floor":28,"key":"SteroidPotion"},{"floor":30,"key":"PowerPotion"},{"floor":35,"key":"Fire Potion"}],"is_trial":false,"path_per_floor":["M","?","M","M","$","E","M","R","T","E","R","E","R","M","R","B",null,"M","M","$","M","M","R","M","R","T","?","?","M","M","M","R","B",null,"M","$","?","M","M","R","E","R","T","M","E","M","T","$","R","B",null],"character_chosen":"THE_SILENT","items_purchased":["Apotheosis","Malaise","Chemical X","Well Laid Plans","Strength Potion"],"campfire_rested":4,"item_purchase_floors":[20,20,36,36,48],"current_hp_per_floor":[70,53,53,53,53,32,22,43,43,41,41,29,29,27,48,43,70,48,47,47,43,25,46,43,43,43,43,48,47,41,41,41,38,75,75,75,75,75,75,75,50,50,50,50,48,29,29,29,51,41],"gold":46,"neow_bonus":"TRANSFORM_TWO_CARDS","is_prod":false,"is_daily":false,"chose_seed":false,"campfire_upgraded":6,"win_rate":1,"timestamp":1566918817,"path_taken":["M","?","M","M","$","E","M","R","T","E","R","E","R","M","R","BOSS","M","M","$","M","M","R","M","R","T","?","?","M","?","M","R","BOSS","M","$","?","M","M","R","E","R","T","?","E","M","?","$","R","BOSS"],"build_version":"2019-07-17","purchased_purges":2,"victory":true,"max_hp_per_floor":[70,70,70,70,70,70,70,70,70,70,70,70,70,70,70,70,70,70,70,70,70,70,70,70,70,70,70,75,75,75,75,75,75,75,75,75,75,75,75,75,75,75,75,75,75,75,75,75,75,75],"card_choices":[{"not_picked":["Concentrate","Blade Dance"],"picked":"Quick Slash","floor":1},{"not_picked":["Deflect","Outmaneuver"],"picked":"Slice","floor":3},{"not_picked":["Quick Slash","Night Terror"],"picked":"PiercingWail","floor":4},{"not_picked":["Heel Hook","Deflect","Bane"],"picked":"SKIP","floor":6},{"not_picked":["PiercingWail","Dodge and Roll"],"picked":"Cloak And Dagger","floor":7},{"not_picked":["Bane","Setup","Outmaneuver"],"picked":"SKIP","floor":10},{"not_picked":["Phantasmal Killer","Flying Knee","Choke"],"picked":"SKIP","floor":12},{"not_picked":["Tactician","All Out Attack","Bane"],"picked":"SKIP","floor":14},{"not_picked":["Phantasmal Killer","A Thousand Cuts"],"picked":"Envenom","floor":16},{"not_picked":["Tactician","Concentrate"],"picked":"Dodge and Roll","floor":18},{"not_picked":["Backflip","Caltrops"],"picked":"Dodge and Roll+1","floor":19},{"not_picked":["Setup","Tactician"],"picked":"Dagger Spray","floor":21},{"not_picked":["Concentrate","Slice+1"],"picked":"Predator","floor":22},{"not_picked":["Quick Slash","Outmaneuver+1"],"picked":"Poisoned Stab","floor":24},{"not_picked":["Poisoned Stab+1","Cloak And Dagger"],"picked":"PiercingWail","floor":29},{"not_picked":["Quick Slash+1","All Out Attack"],"picked":"Cloak And Dagger","floor":30},{"not_picked":["Cloak And Dagger","Accuracy"],"picked":"Backflip","floor":31},{"not_picked":["Burst","Tools of the Trade"],"picked":"Adrenaline","floor":33},{"not_picked":["Outmaneuver","Caltrops"],"picked":"Deadly Poison+1","floor":35},{"not_picked":["Deadly Poison","Dagger Spray"],"picked":"Backflip","floor":38},{"not_picked":["Slice","Backstab+1"],"picked":"Catalyst+1","floor":39},{"not_picked":["Quick Slash","Sucker Punch+1"],"picked":"PiercingWail+1","floor":41},{"not_picked":["Infinite Blades+1","Riddle With Holes+1"],"picked":"PiercingWail","floor":44},{"not_picked":["Flying Knee","Calculated Gamble","Flechettes"],"picked":"SKIP","floor":45},{"not_picked":["Outmaneuver+1","Underhanded Strike+1"],"picked":"Malaise","floor":46}],"player_experience":246091,"relics_obtained":[{"floor":6,"key":"Smiling Mask"},{"floor":9,"key":"Bronze Scales"},{"floor":10,"key":"Mummified Hand"},{"floor":12,"key":"Potion Belt"},{"floor":26,"key":"Vajra"},{"floor":41,"key":"Mercury Hourglass"},{"floor":45,"key":"Paper Crane"}],"event_choices":[{"damage_healed":0,"gold_gain":0,"player_choice":"Take Damage","damage_taken":17,"relics_obtained":["Golden Idol"],"max_hp_gain":0,"max_hp_loss":0,"event_name":"Golden Idol","floor":2,"gold_loss":0},{"damage_healed":0,"gold_gain":0,"player_choice":"Simplicity","damage_taken":0,"max_hp_gain":0,"max_hp_loss":0,"event_name":"Back to Basics","floor":27,"gold_loss":0,"cards_upgraded":["Strike_G","Strike_G","Strike_G","Defend_G","Defend_G","Defend_G","Defend_G","Defend_G"]},{"damage_healed":0,"gold_gain":0,"player_choice":"Got Potions","damage_taken":0,"max_hp_gain":0,"max_hp_loss":0,"event_name":"Lab","floor":28,"gold_loss":0},{"damage_healed":0,"gold_gain":0,"player_choice":"Forge","damage_taken":0,"max_hp_gain":0,"max_hp_loss":0,"event_name":"Accursed Blacksmith","floor":37,"gold_loss":0,"cards_upgraded":["Well Laid Plans"]}],"is_beta":false,"boss_relics":[{"not_picked":["HoveringKite","WristBlade"],"picked":"Philosopher\u0027s Stone"},{"not_picked":["Calling Bell","Empty Cage"],"picked":"Cursed Key"}],"items_purged_floors":[36,48],"is_endless":false,"potions_floor_spawned":[3,7,10,21,22,30,35],"ascension_level":0}