{"gold_per_floor":[212,226,3,15,15,15,44,63,63,76,93,93,93,124,124,203,203,214,51,63,63,78,78,104,104,104,104,154,180,180,180],"floor_reached":31,"playtime":1498,"items_purged":["Strike_G"],"score":616,"play_id":"a5736bc2-7d08-4d89-ad4c-8ca5aef8e4e2","local_time":"20190723145038","is_ascension_mode":true,"campfire_choices":[{"data":"Catalyst","floor":6.0,"key":"SMITH"},{"floor":12.0,"key":"REST"},{"data":"Caltrops","floor":15.0,"key":"SMITH"},{"floor":23.0,"key":"REST"},{"floor":25.0,"key":"REST"},{"data":"Footwork","floor":27.0,"key":"SMITH"}],"neow_cost":"NONE","seed_source_timestamp":769898145646700,"circlet_count":0,"master_deck":["AscendersBane","Strike_G+1","Strike_G+1","Defend_G","Defend_G","Defend_G","Defend_G","Defend_G","Survivor","Neutralize","Deadly Poison","Deadly Poison","Catalyst+1","Eviscerate","Leg Sweep","Cloak And Dagger","Dagger Spray","Caltrops+1","Tools of the Trade","Footwork+1","Deflect","Escape Plan","Predator","Dodge and Roll","Catalyst"],"special_seed":0,"relics":["Ring of the Snake","Happy Flower","Whetstone","Ancient Tea Set","Mercury Hourglass","StoneCalendar","Philosopher\u0027s Stone","Shuriken","Bottled Tornado","PreservedInsect"],"potions_floor_usage":[29],"damage_taken":[{"damage":0.0,"enemies":"2 Louse","floor":1.0,"turns":2.0},{"damage":3.0,"enemies":"Cultist","floor":2.0,"turns":4.0},{"damage":3.0,"enemies":"Small Slimes","floor":4.0,"turns":4.0},{"damage":32.0,"enemies":"Gremlin Nob","floor":7.0,"turns":4.0},{"damage":5.0,"enemies":"Gremlin Gang","floor":8.0,"turns":7.0},{"damage":7.0,"enemies":"3 Louse","floor":10.0,"turns":5.0},{"damage":1.0,"enemies":"2 Fungi Beasts","floor":11.0,"turns":3.0},{"damage":2.0,"enemies":"3 Sentries","floor":14.0,"turns":4.0},{"damage":6.0,"enemies":"Hexaghost","floor":16.0,"turns":8.0},{"damage":0.0,"enemies":"3 Byrds","floor":18.0,"turns":2.0},{"damage":16.0,"enemies":"2 Thieves","floor":20.0,"turns":5.0},{"damage":27.0,"enemies":"Snake Plant","floor":22.0,"turns":3.0},{"damage":24.0,"enemies":"Slavers","floor":24.0,"turns":5.0},{"damage":0,"enemies":"Gremlin Leader","floor":29,"turns":8},{"damage":28,"enemies":"Slavers","floor":31,"turns":2}],"seed_played":"-3771215305688167949","potions_obtained":[{"floor":7.0,"key":"AttackPotion"},{"floor":10.0,"key":"Explosive Potion"},{"floor":14.0,"key":"SmokeBomb"},{"floor":16.0,"key":"Energy Potion"},{"floor":18.0,"key":"Explosive Potion"},{"floor":24.0,"key":"AttackPotion"}],"is_trial":false,"path_per_floor":["M","M","$","M","?","R","E","M","T","M","M","R","?","E","R","B",null,"M","$","M","?","M","R","E","R","T","R","?","E","?","E"],"character_chosen":"THE_SILENT","items_purchased":["Happy Flower","PowerPotion","Footwork"],"campfire_rested":3,"item_purchase_floors":[3,3,19],"current_hp_per_floor":[59,56,56,53,53,53,21,16,16,9,8,27,16,14,14,8,52,52,52,36,36,9,28,4,23,23,23,23,23,23,0],"gold":180,"neow_bonus":"HUNDRED_GOLD","is_prod":false,"is_daily":false,"chose_seed":false,"campfire_upgraded":3,"win_rate":0,"timestamp":1563907838,"path_taken":["M","M","$","M","?","R","E","M","T","M","?","R","?","E","R","BOSS","M","$","M","?","?","R","E","R","T","R","?","E","?","E"],"build_version":"2019-07-17","purchased_purges":1,"victory":false,"max_hp_per_floor":[66,66,66,66,66,66,66,66,66,66,66,66,66,66,66,66,66,66,66,66,66,66,66,66,66,66,66,66,66,66,66],"card_choices":[{"not_picked":["Acrobatics","Deflect"],"picked":"Deadly Poison","floor":1.0},{"not_picked":["Terror","Prepared"],"picked":"Deadly Poison","floor":2.0},{"not_picked":["Predator","Dash"],"picked":"Catalyst","floor":4.0},{"not_picked":["Expertise","Deadly Poison"],"picked":"Leg Sweep","floor":7.0},{"not_picked":["Flechettes","Distraction","All Out Attack"],"picked":"SKIP","floor":8.0},{"not_picked":["Backflip","Distraction"],"picked":"Cloak And Dagger","floor":10.0},{"not_picked":["Slice","Blade Dance"],"picked":"Dagger Spray","floor":11.0},{"not_picked":["Backflip","Blade Dance"],"picked":"Caltrops","floor":14.0},{"not_picked":["Unload","Phantasmal Killer"],"picked":"Tools of the Trade","floor":16.0},{"not_picked":["Eviscerate","Terror","Bane"],"picked":"SKIP","floor":18.0},{"not_picked":["Slice+1","All Out Attack"],"picked":"Deflect","floor":20.0},{"not_picked":["Backstab","Dodge and Roll"],"picked":"Predator","floor":22.0},{"not_picked":["Calculated Gamble","Dagger Throw"],"picked":"Dodge and Roll","floor":24.0},{"not_picked":["Concentrate","Outmaneuver"],"picked":"Catalyst","floor":29}],"player_experience":1384940,"relics_obtained":[{"floor":7.0,"key":"Whetstone"},{"floor":9.0,"key":"Ancient Tea Set"},{"floor":14.0,"key":"StoneCalendar"},{"floor":24.0,"key":"Shuriken"},{"floor":26.0,"key":"Bottled Tornado"},{"floor":29,"key":"PreservedInsect"}],"event_choices":[{"damage_healed":0.0,"max_hp_gain":0.0,"max_hp_loss":0.0,"gold_gain":0.0,"cards_transformed":["Strike_G"],"event_name":"Transmorgrifier","player_choice":"Transformed","floor":5.0,"gold_loss":0.0,"damage_taken":0.0,"cards_obtained":["Eviscerate"]},{"damage_healed":0.0,"max_hp_gain":0.0,"max_hp_loss":0.0,"gold_gain":0.0,"event_name":"Scrap Ooze","player_choice":"Success","floor":13.0,"gold_loss":0.0,"damage_taken":11.0,"relics_obtained":["Mercury Hourglass"]},{"damage_healed":0.0,"max_hp_gain":0.0,"max_hp_loss":0.0,"gold_gain":0.0,"cards_transformed":["Strike_G"],"event_name":"Transmorgrifier","player_choice":"Transformed","floor":21.0,"gold_loss":0.0,"damage_taken":0.0,"cards_obtained":["Escape Plan"]},{"damage_healed":0.0,"max_hp_gain":0.0,"max_hp_loss":0.0,"gold_gain":50.0,"event_name":"Nest","player_choice":"Stole From Cult","floor":28.0,"gold_loss":0.0,"damage_taken":0.0},{"damage_healed":0,"gold_gain":0,"player_choice":"Ignored","damage_taken":0,"max_hp_gain":0,"max_hp_loss":0,"event_name":"Vampires","floor":30,"gold_loss":0}],"is_beta":false,"boss_relics":[{"not_picked":["Eternal Feather","HoveringKite"],"picked":"Philosopher\u0027s Stone"}],"items_purged_floors":[19],"is_endless":false,"potions_floor_spawned":[7,10,14,16,18,24],"killed_by":"Slavers","ascension_level":20}