{"gold_per_floor":[111,126,144,17,17,17,50,50,50,50,81,81,100,8,8,85,85,95,109,109,9,21,21,33,33,33,50,69,69,69,82,82,82],"floor_reached":33,"playtime":1147,"items_purged":["Strike_R","Strike_R"],"score":629,"play_id":"a911a577-e21e-43a7-a90f-27495e13273c","local_time":"20190718175650","is_ascension_mode":true,"campfire_choices":[{"data":"Searing Blow+1","floor":6.0,"key":"SMITH"},{"data":"Searing Blow+2","floor":8.0,"key":"SMITH"},{"data":"Searing Blow+3","floor":12.0,"key":"SMITH"},{"data":"Searing Blow+4","floor":15.0,"key":"SMITH"},{"data":"Searing Blow+6","floor":23.0,"key":"SMITH"},{"data":"Searing Blow+7","floor":25.0,"key":"SMITH"},{"data":"Searing Blow+8","floor":30.0,"key":"SMITH"},{"data":"Corruption","floor":32.0,"key":"SMITH"}],"neow_cost":"NONE","seed_source_timestamp":348887525595100,"circlet_count":0,"master_deck":["AscendersBane","Strike_R","Defend_R","Defend_R","Defend_R","Defend_R","Bash+1","True Grit","Searing Blow+9","True Grit","Armaments","Headbutt","Ghostly Armor","Feel No Pain","Evolve","Berserk","Corruption+1","Armaments","Shrug It Off","Shrug It Off","Flame Barrier"],"special_seed":0,"relics":["Burning Blood","Charon\u0027s Ashes","Mango","Empty Cage","Pear"],"potions_floor_usage":[33],"damage_taken":[{"damage":1.0,"enemies":"Cultist","floor":1.0,"turns":3.0},{"damage":0.0,"enemies":"2 Louse","floor":2.0,"turns":5.0},{"damage":7.0,"enemies":"Jaw Worm","floor":3.0,"turns":4.0},{"damage":55.0,"enemies":"3 Sentries","floor":7.0,"turns":9.0},{"damage":23.0,"enemies":"Lagavulin","floor":11.0,"turns":7.0},{"damage":10.0,"enemies":"3 Louse","floor":13.0,"turns":3.0},{"damage":13.0,"enemies":"Slime Boss","floor":16.0,"turns":7.0},{"damage":24.0,"enemies":"Shell Parasite","floor":18.0,"turns":8.0},{"damage":22.0,"enemies":"Spheric Guardian","floor":19.0,"turns":4.0},{"damage":14.0,"enemies":"Cultist and Chosen","floor":22.0,"turns":5.0},{"damage":13.0,"enemies":"Centurion and Healer","floor":24.0,"turns":6.0},{"damage":8.0,"enemies":"Snecko","floor":27.0,"turns":5.0},{"damage":0.0,"enemies":"Sentry and Sphere","floor":28.0,"turns":4.0},{"damage":0.0,"enemies":"Slavers","floor":29.0,"turns":1.0},{"damage":9.0,"enemies":"Cultist and Chosen","floor":31.0,"turns":4.0},{"damage":56,"enemies":"Automaton","floor":33,"turns":8}],"seed_played":"1108355681574266078","potions_obtained":[{"floor":2.0,"key":"AttackPotion"},{"floor":19.0,"key":"Poison Potion"},{"floor":24.0,"key":"SmokeBomb"},{"floor":27.0,"key":"LiquidBronze"},{"floor":28.0,"key":"Swift Potion"}],"is_trial":false,"path_per_floor":["M","M","M","$","?","R","E","R","T","$","E","R","M","$","R","B",null,"M","M","?","$","M","R","M","R","T","M","M","E","R","M","R","B"],"character_chosen":"IRONCLAD","items_purchased":["Armaments","Evolve","SkillPotion"],"campfire_rested":0,"item_purchase_floors":[4,14,14],"current_hp_per_floor":[73,75,74,74,74,74,25,25,25,25,22,22,18,18,18,11,70,52,36,36,36,28,28,21,21,31,29,35,41,41,38,38,0],"gold":82,"neow_bonus":"UPGRADE_CARD","is_prod":false,"is_daily":false,"chose_seed":false,"campfire_upgraded":8,"win_rate":0,"timestamp":1563487010,"path_taken":["M","?","M","$","?","R","E","R","T","$","E","R","M","?","R","BOSS","M","M","?","$","M","R","M","R","T","?","M","E","R","?","R","BOSS"],"build_version":"2019-07-17","purchased_purges":2,"victory":false,"max_hp_per_floor":[75,75,75,75,75,75,75,75,75,75,89,89,89,89,89,89,89,89,89,89,89,89,89,89,89,99,99,99,99,99,99,99,99],"card_choices":[{"not_picked":["Warcry","Heavy Blade"],"picked":"True Grit","floor":1.0},{"not_picked":["Uppercut","Wild Strike"],"picked":"Searing Blow","floor":2.0},{"not_picked":["Twin Strike","Wild Strike"],"picked":"True Grit","floor":3.0},{"not_picked":["Flex","Spot Weakness"],"picked":"Headbutt","floor":7.0},{"not_picked":["Hemokinesis","Rampage"],"picked":"Ghostly Armor","floor":11.0},{"not_picked":["Combust","Perfected Strike"],"picked":"Feel No Pain","floor":13.0},{"not_picked":["Reaper","Demon Form"],"picked":"Berserk","floor":16.0},{"not_picked":["Thunderclap","True Grit"],"picked":"Corruption","floor":18.0},{"not_picked":["Wild Strike","Perfected Strike"],"picked":"Armaments","floor":19.0},{"not_picked":["True Grit","Brutality"],"picked":"Shrug It Off","floor":22.0},{"not_picked":["Cleave","Spot Weakness"],"picked":"Shrug It Off","floor":24.0},{"not_picked":["Twin Strike","Iron Wave+1","Headbutt"],"picked":"SKIP","floor":27.0},{"not_picked":["Perfected Strike","Sword Boomerang","Headbutt"],"picked":"SKIP","floor":28.0},{"not_picked":["Armaments","Rupture"],"picked":"Flame Barrier","floor":31.0}],"player_experience":1369944,"relics_obtained":[{"floor":7.0,"key":"Charon\u0027s Ashes"},{"floor":11.0,"key":"Mango"},{"floor":26.0,"key":"Pear"}],"event_choices":[{"damage_healed":0.0,"max_hp_gain":0.0,"max_hp_loss":0.0,"gold_gain":0.0,"event_name":"Living Wall","player_choice":"Grow","floor":5.0,"gold_loss":0.0,"damage_taken":0.0,"cards_upgraded":["Searing Blow"]},{"damage_healed":0.0,"max_hp_gain":0.0,"max_hp_loss":0.0,"gold_gain":0.0,"event_name":"Accursed Blacksmith","player_choice":"Forge","floor":20.0,"gold_loss":0.0,"damage_taken":0.0,"cards_upgraded":["Searing Blow"]}],"is_beta":false,"boss_relics":[{"not_picked":["Black Star","Eternal Feather"],"picked":"Empty Cage"}],"items_purged_floors":[4,21],"is_endless":false,"potions_floor_spawned":[2,19,24,27,28],"killed_by":"Automaton","ascension_level":20}