{"gold_per_floor":[112,112,129,94,114,114,129,164,218,244,260,260,289,299,299,378,378,391,391,391,426,426,426,426,426],"floor_reached":25,"playtime":860,"items_purged":[],"score":538,"play_id":"ea7a0e08-123f-4513-80be-e103f1fd33b2","local_time":"20190830120217","is_ascension_mode":true,"campfire_choices":[{"data":"Zap","floor":6.0,"key":"SMITH"},{"floor":12.0,"key":"REST"},{"data":"Buffer","floor":15.0,"key":"SMITH"},{"floor":23,"key":"REST"}],"neow_cost":"NONE","seed_source_timestamp":101516048718600,"circlet_count":0,"master_deck":["AscendersBane","Strike_B","Strike_B","Strike_B","Strike_B","Defend_B","Defend_B","Defend_B","Defend_B","Zap+1","Dualcast","Cold Snap","White Noise+1","Auto Shields+1","Consume+1","Cold Snap","Ball Lightning","Buffer+1","Rip and Tear","Thunder Strike","Streamline","Ghostly+1","Ghostly+1","Ghostly+1","Coolheaded+1"],"special_seed":0,"relics":["Cracked Core","Toxic Egg 2","Smiling Mask","DataDisk","Omamori","Shuriken","Sozu","Red Mask","Bottled Tornado"],"potions_floor_usage":[21,21],"damage_taken":[{"damage":0.0,"enemies":"Cultist","floor":1.0,"turns":3.0},{"damage":4.0,"enemies":"Small Slimes","floor":3.0,"turns":3.0},{"damage":12.0,"enemies":"Jaw Worm","floor":5.0,"turns":3.0},{"damage":5.0,"enemies":"Large Slime","floor":7.0,"turns":8.0},{"damage":15.0,"enemies":"Lagavulin","floor":8.0,"turns":6.0},{"damage":20.0,"enemies":"Gremlin Nob","floor":10.0,"turns":4.0},{"damage":0.0,"enemies":"Looter","floor":11.0,"turns":3.0},{"damage":15.0,"enemies":"3 Sentries","floor":13.0,"turns":14.0},{"damage":1.0,"enemies":"2 Fungi Beasts","floor":14.0,"turns":3.0},{"damage":0.0,"enemies":"The Guardian","floor":16.0,"turns":12.0},{"damage":15.0,"enemies":"Chosen","floor":18.0,"turns":6.0},{"damage":18,"enemies":"Masked Bandits","floor":21,"turns":5},{"damage":23,"enemies":"Slavers","floor":25,"turns":5}],"seed_played":"-441119689704718272","potions_obtained":[{"floor":0.0,"key":"LiquidBronze"},{"floor":0.0,"key":"SpeedPotion"},{"floor":3.0,"key":"SteroidPotion"},{"floor":8.0,"key":"FocusPotion"},{"floor":16.0,"key":"Dexterity Potion"}],"is_trial":false,"path_per_floor":["M","T","M","?","M","R","M","E","T","E","M","R","E","M","R","B",null,"M","?","?","?","?","R","T","E"],"character_chosen":"DEFECT","items_purchased":[],"campfire_rested":2,"item_purchase_floors":[],"current_hp_per_floor":[64,64,60,71,59,59,54,39,39,19,19,40,25,24,24,24,59,44,24,24,6,6,17,17,0],"gold":426,"neow_bonus":"THREE_SMALL_POTIONS","is_prod":false,"is_daily":false,"chose_seed":false,"campfire_upgraded":2,"win_rate":0,"timestamp":1567180937,"path_taken":["M","?","M","?","M","R","M","E","T","E","M","R","E","M","R","BOSS","M","?","?","?","?","R","?","E"],"build_version":"2019-08-26","purchased_purges":0,"victory":false,"max_hp_per_floor":[71,71,71,71,71,71,71,71,71,71,71,71,71,71,71,71,71,71,76,38,38,38,38,38,38],"card_choices":[{"not_picked":["Hello World","Stack"],"picked":"Cold Snap","floor":1.0},{"not_picked":["Chaos+1","Streamline"],"picked":"White Noise+1","floor":3.0},{"not_picked":["Redo+1","Compile Driver"],"picked":"Auto Shields+1","floor":5.0},{"not_picked":["Blizzard","Hello World"],"picked":"Consume+1","floor":7.0},{"not_picked":["Steam Power+1","Static Discharge"],"picked":"Cold Snap","floor":8.0},{"not_picked":["Skim+1","Blizzard"],"picked":"Ball Lightning","floor":10.0},{"not_picked":["Hologram+1","Go for the Eyes"],"picked":"Buffer","floor":11.0},{"not_picked":["Steam Power+1","Hello World","Gash"],"picked":"SKIP","floor":13.0},{"not_picked":["Redo+1","Beam Cell"],"picked":"Rip and Tear","floor":14.0},{"not_picked":["Fission+1","Machine Learning"],"picked":"Thunder Strike","floor":16.0},{"not_picked":["BootSequence+1","Redo+1"],"picked":"Streamline","floor":18.0},{"not_picked":["Turbo+1","Blizzard"],"picked":"Coolheaded+1","floor":21}],"player_experience":815474,"relics_obtained":[{"floor":2.0,"key":"Toxic Egg 2"},{"floor":8.0,"key":"Smiling Mask"},{"floor":9.0,"key":"DataDisk"},{"floor":10.0,"key":"Omamori"},{"floor":13.0,"key":"Shuriken"},{"floor":21,"key":"Red Mask"},{"floor":24,"key":"Bottled Tornado"}],"event_choices":[{"damage_healed":17.0,"max_hp_gain":0.0,"max_hp_loss":0.0,"gold_gain":0.0,"event_name":"The Cleric","player_choice":"Healed","floor":4.0,"gold_loss":35.0,"damage_taken":0.0},{"damage_healed":0.0,"max_hp_gain":5.0,"max_hp_loss":0.0,"gold_gain":0.0,"event_name":"Forgotten Altar","player_choice":"Shed Blood","floor":19.0,"gold_loss":0.0,"damage_taken":25.0},{"damage_healed":0.0,"max_hp_gain":0.0,"max_hp_loss":38.0,"gold_gain":0.0,"event_name":"Ghosts","player_choice":"Became a Ghost","floor":20.0,"gold_loss":0.0,"damage_taken":0.0,"cards_obtained":["Ghostly","Ghostly","Ghostly"]},{"damage_healed":0,"gold_gain":0,"player_choice":"Fought Bandits","damage_taken":0,"max_hp_gain":0,"max_hp_loss":0,"event_name":"Masked Bandits","floor":21,"gold_loss":0},{"damage_healed":0,"gold_gain":0,"player_choice":"Ignored","damage_taken":0,"max_hp_gain":0,"max_hp_loss":0,"event_name":"Vampires","floor":22,"gold_loss":0}],"is_beta":true,"boss_relics":[{"not_picked":["Runic Pyramid","Tiny House"],"picked":"Sozu"}],"items_purged_floors":[],"is_endless":false,"potions_floor_spawned":[1,3,8,16],"killed_by":"Slavers","ascension_level":20}