{"gold_per_floor":[109,284,304,32,32,32,43,43,43,43,54,86,6,23,23,128,128,112,112,142,162,197,197,208,208,235,235,86,115,115,115,115,215,215,232,454,465,76,90,90,140,172,198,198,119,145,164,14,14,14],"floor_reached":51,"playtime":2870,"items_purged":["Doubt","Writhe","Strike_B","Strike_B"],"score":819,"play_id":"8c78f108-c8b0-41ea-981c-ebe4a8bd9e42","local_time":"20190709200900","is_ascension_mode":false,"campfire_choices":[{"data":"Zap","floor":6.0,"key":"SMITH"},{"data":"White Noise","floor":8.0,"key":"SMITH"},{"data":"Melter","floor":15.0,"key":"SMITH"},{"data":"Hologram","floor":23.0,"key":"SMITH"},{"data":"Amplify","floor":25.0,"key":"SMITH"},{"data":"Undo","floor":27.0,"key":"SMITH"},{"floor":30.0,"key":"REST"},{"data":"Hologram","floor":32.0,"key":"SMITH"},{"data":"Dualcast","floor":40,"key":"SMITH"},{"floor":44,"key":"REST"},{"data":"Defend_B","floor":49,"key":"SMITH"}],"neow_cost":"NONE","seed_source_timestamp":1554536088630588,"circlet_count":0,"master_deck":["Strike_B","Strike_B","Defend_B+1","Defend_B","Defend_B","Defend_B","Zap+1","Dualcast+1","White Noise+1","Genetic Algorithm","Genetic Algorithm","Defragment+1","Ball Lightning","Undo+1","Hologram+1","Loop+1","Glacier","Melter+1","Creative AI+1","FTL","Amplify+1","Hologram+1","Echo Form+1","FTL+1","Glacier","Cold Snap","Stack+1","Stack+1","Heatsinks+1","Loop+1"],"special_seed":0,"relics":["Cracked Core","NeowsBlessing","Frozen Egg 2","Thread and Needle","Sozu","Matryoshka","Tiny Chest","StoneCalendar","Red Mask","Lantern","Pen Nib","Sundial","Runic Pyramid","PreservedInsect","Turnip","Gambling Chip","Vajra","Bronze Scales"],"potions_floor_usage":[],"damage_taken":[{"damage":0.0,"enemies":"Jaw Worm","floor":1.0,"turns":1.0},{"damage":0.0,"enemies":"2 Louse","floor":3.0,"turns":1.0},{"damage":0.0,"enemies":"Small Slimes","floor":7.0,"turns":1.0},{"damage":20.0,"enemies":"Exordium Thugs","floor":11.0,"turns":4.0},{"damage":15.0,"enemies":"Lagavulin","floor":12.0,"turns":5.0},{"damage":0.0,"enemies":"3 Louse","floor":14.0,"turns":4.0},{"damage":0.0,"enemies":"The Guardian","floor":16.0,"turns":10.0},{"damage":0.0,"enemies":"2 Thieves","floor":18.0,"turns":4.0},{"damage":0.0,"enemies":"Spheric Guardian","floor":21.0,"turns":3.0},{"damage":45.0,"enemies":"Masked Bandits","floor":22.0,"turns":4.0},{"damage":0.0,"enemies":"Snake Plant","floor":24.0,"turns":4.0},{"damage":10.0,"enemies":"Slavers","floor":29.0,"turns":7.0},{"damage":38,"enemies":"Collector","floor":33,"turns":9},{"damage":2,"enemies":"3 Shapes","floor":35,"turns":6},{"damage":9,"enemies":"3 Darklings","floor":37,"turns":7},{"damage":0,"enemies":"Sphere and 2 Shapes","floor":39,"turns":6},{"damage":19,"enemies":"2 Orb Walkers","floor":41,"turns":7},{"damage":0,"enemies":"Nemesis","floor":42,"turns":7},{"damage":0,"enemies":"Reptomancer","floor":46,"turns":9},{"damage":0,"enemies":"Transient","floor":47,"turns":5},{"damage":29,"enemies":"Time Eater","floor":50,"turns":13}],"seed_played":"-5545409885092083931","potions_obtained":[{"floor":1.0,"key":"Swift Potion"},{"floor":3.0,"key":"EssenceOfSteel"},{"floor":16.0,"key":"FairyPotion"}],"is_trial":false,"path_per_floor":["M","?","M","$","?","R","M","R","T","?","M","E","$","M","R","B",null,"M","?","T","M","?","R","M","R","T","R","$","E","R","?","R","B",null,"M","?","M","$","M","R","?","E","T","R","$","E","M","$","R","B",null],"character_chosen":"DEFECT","items_purchased":["Genetic Algorithm","Defragment","Ball Lightning","Glacier","Hologram","Glacier","PreservedInsect","Cold Snap","Heatsinks+1"],"campfire_rested":2,"item_purchase_floors":[4,4,4,13,28,38,38,38,45],"current_hp_per_floor":[75,75,75,75,75,75,75,75,75,75,55,40,40,40,40,40,75,75,75,75,75,30,30,30,30,30,30,30,20,42,42,42,4,75,73,73,64,64,64,64,45,45,45,67,67,67,67,67,67,38],"gold":14,"neow_bonus":"THREE_ENEMY_KILL","is_prod":false,"is_daily":false,"chose_seed":false,"campfire_upgraded":9,"win_rate":0,"timestamp":1562670540,"path_taken":["M","?","M","$","?","R","M","R","T","?","M","E","$","M","R","BOSS","M","?","?","M","?","R","M","R","T","R","$","E","R","?","R","BOSS","M","?","M","$","M","R","?","E","T","R","$","E","M","$","R","BOSS"],"build_version":"2019-07-05","purchased_purges":4,"victory":true,"max_hp_per_floor":[75,75,75,75,75,75,75,75,75,75,75,75,75,75,75,75,75,75,75,75,75,75,75,75,75,75,75,75,75,75,75,75,75,75,75,75,75,75,75,75,75,75,75,75,75,75,75,75,75,75],"card_choices":[{"not_picked":["Hello World","Turbo"],"picked":"White Noise","floor":1.0},{"not_picked":["Steam","Barrage"],"picked":"Genetic Algorithm","floor":3.0},{"not_picked":["Chaos","Static Discharge"],"picked":"Undo","floor":7.0},{"not_picked":["Beam Cell","Stack"],"picked":"Hologram","floor":11.0},{"not_picked":["Sweeping Beam","Conserve Battery"],"picked":"Loop+1","floor":12.0},{"not_picked":["Undo","Beam Cell"],"picked":"Melter","floor":14.0},{"not_picked":["Machine Learning+1","Amplify"],"picked":"Creative AI+1","floor":16.0},{"not_picked":["Turbo","Beam Cell","Streamline"],"picked":"SKIP","floor":18.0},{"not_picked":["Hello World+1","Aggregate"],"picked":"FTL","floor":21.0},{"not_picked":["Cold Snap","Turbo"],"picked":"Amplify","floor":24.0},{"not_picked":["Leap","Rebound","Ball Lightning"],"picked":"SKIP","floor":29.0},{"not_picked":["Fission","All For One"],"picked":"Echo Form+1","floor":33},{"not_picked":["Turbo","Tempest+1"],"picked":"FTL+1","floor":35},{"not_picked":["Sweeping Beam+1","Streamline","Barrage+1"],"picked":"SKIP","floor":37},{"not_picked":["Redo+1","Turbo"],"picked":"Stack+1","floor":39},{"not_picked":["Streamline","Chaos"],"picked":"Stack+1","floor":41},{"not_picked":["Skim","Beam Cell+1","Streamline"],"picked":"SKIP","floor":42},{"not_picked":["Leap+1","Cold Snap","Beam Cell+1"],"picked":"SKIP","floor":46},{"not_picked":["Streamline+1","Lockon+1"],"picked":"Loop+1","floor":47}],"player_experience":53580,"relics_obtained":[{"floor":9.0,"key":"Frozen Egg 2"},{"floor":12.0,"key":"Thread and Needle"},{"floor":20.0,"key":"Tiny Chest"},{"floor":20.0,"key":"StoneCalendar"},{"floor":22.0,"key":"Red Mask"},{"floor":26.0,"key":"Lantern"},{"floor":26.0,"key":"Pen Nib"},{"floor":29.0,"key":"Sundial"},{"floor":41,"key":"Turnip"},{"floor":42,"key":"Gambling Chip"},{"floor":43,"key":"Vajra"},{"floor":46,"key":"Bronze Scales"}],"event_choices":[{"damage_healed":0.0,"max_hp_gain":0.0,"max_hp_loss":0.0,"gold_gain":175.0,"event_name":"Liars Game","player_choice":"AGREE","floor":2.0,"gold_loss":0.0,"damage_taken":0.0,"cards_obtained":["Doubt"]},{"damage_healed":0.0,"max_hp_gain":0.0,"max_hp_loss":0.0,"gold_gain":0.0,"event_name":"Living Wall","player_choice":"Grow","floor":5.0,"gold_loss":0.0,"damage_taken":0.0,"cards_upgraded":["Defragment"]},{"damage_healed":0.0,"max_hp_gain":0.0,"max_hp_loss":0.0,"gold_gain":0.0,"event_name":"The Cleric","player_choice":"Leave","floor":10.0,"gold_loss":0.0,"damage_taken":0.0},{"damage_healed":0.0,"max_hp_gain":0.0,"max_hp_loss":0.0,"gold_gain":0.0,"event_name":"The Mausoleum","player_choice":"Opened","floor":19.0,"gold_loss":0.0,"damage_taken":0.0,"relics_obtained":["Matryoshka"],"cards_obtained":["Writhe"]},{"damage_healed":0.0,"max_hp_gain":0.0,"max_hp_loss":0.0,"gold_gain":0.0,"event_name":"Masked Bandits","player_choice":"Fought Bandits","floor":22.0,"gold_loss":0.0,"damage_taken":0.0},{"damage_healed":0.0,"max_hp_gain":0.0,"max_hp_loss":0.0,"gold_gain":0.0,"event_name":"Cursed Tome","player_choice":"Ignored","floor":31.0,"gold_loss":0.0,"damage_taken":0.0},{"damage_healed":0,"gold_gain":222,"player_choice":"Wore Mask","damage_taken":0,"max_hp_gain":0,"max_hp_loss":0,"event_name":"Tomb of Lord Red Mask","floor":36,"gold_loss":0},{"damage_healed":0,"gold_gain":0,"player_choice":"Fight","damage_taken":0,"max_hp_gain":0,"max_hp_loss":0,"event_name":"Mysterious Sphere","floor":41,"gold_loss":0}],"is_beta":false,"boss_relics":[{"not_picked":["Velvet Choker","Busted Crown"],"picked":"Sozu"},{"not_picked":["Astrolabe","Nuclear Battery"],"picked":"Runic Pyramid"}],"items_purged_floors":[4,28,38,48],"is_endless":false,"potions_floor_spawned":[1,3,16,21,22,29,33,35,37],"ascension_level":0}