{"gold_per_floor":[110,124,124,46,59,59,93,105,105,105,168,184,212,224,224,301,301,318,318,159,173,190,190,205,105,105,105],"floor_reached":27,"playtime":2298,"items_purged":["Strike_R","Strike_R"],"score":450,"play_id":"be2a3437-6fee-4404-96f3-007bc8e11d73","local_time":"20190902191320","is_ascension_mode":true,"campfire_choices":[{"data":"Uppercut","floor":6,"key":"SMITH"},{"data":"Armaments","floor":10,"key":"SMITH"},{"data":"Bash","floor":15,"key":"SMITH"},{"floor":23,"key":"REST"}],"neow_cost":"NONE","seed_source_timestamp":360182635725000,"circlet_count":0,"master_deck":["AscendersBane","Strike_R","Strike_R","Defend_R+1","Defend_R+1","Defend_R","Defend_R","Bash+1","Shrug It Off","Twin Strike","Uppercut+1","Power Through","Armaments+1","Hemokinesis","Battle Trance","Feel No Pain","Second Wind","Evolve","Fiend Fire","Inflame+1","Spot Weakness","Fiend Fire","Whirlwind","Shockwave"],"relics":["Burning Blood","War Paint","Matryoshka","Magic Flower","Bottled Tornado","Cursed Key"],"potions_floor_usage":[7,11,11,27],"damage_taken":[{"damage":6,"enemies":"Cultist","floor":1,"turns":3},{"damage":4,"enemies":"Small Slimes","floor":2,"turns":4},{"damage":2,"enemies":"Jaw Worm","floor":5,"turns":5},{"damage":24,"enemies":"Gremlin Nob","floor":7,"turns":4},{"damage":0,"enemies":"Looter","floor":8,"turns":3},{"damage":9,"enemies":"Gremlin Nob","floor":11,"turns":3},{"damage":1,"enemies":"Exordium Wildlife","floor":12,"turns":4},{"damage":19,"enemies":"3 Sentries","floor":13,"turns":11},{"damage":1,"enemies":"Blue Slaver","floor":14,"turns":7},{"damage":32,"enemies":"Slime Boss","floor":16,"turns":11},{"damage":9,"enemies":"Shell Parasite","floor":18,"turns":6},{"damage":31,"enemies":"3 Byrds","floor":21,"turns":6},{"damage":46,"enemies":"Centurion and Healer","floor":22,"turns":8},{"damage":24,"enemies":"Snecko","floor":24,"turns":6},{"damage":24,"enemies":"3 Cultists","floor":27,"turns":4}],"seed_played":"3216064257475615828","potions_obtained":[{"floor":2,"key":"FearPotion"},{"floor":5,"key":"Swift Potion"},{"floor":7,"key":"Swift Potion"},{"floor":13,"key":"SpeedPotion"},{"floor":14,"key":"Poison Potion"},{"floor":21,"key":"Explosive Potion"}],"is_trial":false,"path_per_floor":["M","M","?","$","M","R","E","M","T","R","?","M","E","M","R","B",null,"M","?","$","M","M","R","M","$","T","M"],"character_chosen":"IRONCLAD","items_purchased":["Uppercut","Fiend Fire"],"campfire_rested":1,"item_purchase_floors":[4,20],"current_hp_per_floor":[75,77,77,77,81,81,63,69,69,69,66,74,64,72,72,49,74,74,74,74,52,15,39,24,24,24,0],"gold":105,"neow_bonus":"TEN_PERCENT_HP_BONUS","is_prod":false,"is_daily":false,"chose_seed":false,"campfire_upgraded":3,"win_rate":0,"timestamp":1567419200,"path_taken":["M","M","?","$","M","R","E","?","T","R","?","M","E","M","R","BOSS","M","?","$","M","M","R","M","$","T","M"],"build_version":"2019-07-17","purchased_purges":2,"victory":false,"max_hp_per_floor":[82,82,82,82,82,82,82,82,82,82,82,82,82,82,82,82,82,82,82,82,82,82,82,82,82,82,82],"card_choices":[{"not_picked":["Warcry","Body Slam"],"picked":"Shrug It Off","floor":1},{"not_picked":["Seeing Red","Fire Breathing"],"picked":"Twin Strike","floor":2},{"not_picked":["Blood for Blood","Clash"],"picked":"Power Through","floor":5},{"not_picked":["Power Through","Pommel Strike"],"picked":"Armaments","floor":7},{"not_picked":["Iron Wave","Flame Barrier"],"picked":"Hemokinesis","floor":8},{"not_picked":["Ghostly Armor","Heavy Blade"],"picked":"Battle Trance","floor":11},{"not_picked":["Clash","Flame Barrier"],"picked":"Feel No Pain","floor":12},{"not_picked":["Perfected Strike","Fire Breathing"],"picked":"Second Wind","floor":13},{"not_picked":["Anger","Clothesline"],"picked":"Evolve","floor":14},{"not_picked":["Double Tap","Reaper"],"picked":"Fiend Fire","floor":16},{"not_picked":["Armaments+1","Anger"],"picked":"Inflame+1","floor":18},{"not_picked":["Wild Strike","Hemokinesis"],"picked":"Whirlwind","floor":21},{"not_picked":["Havoc","True Grit"],"picked":"Shockwave","floor":22},{"not_picked":["Rage","Flex","Pummel"],"picked":"SKIP","floor":24}],"player_experience":575324,"relics_obtained":[{"floor":7,"key":"War Paint"},{"floor":9,"key":"Matryoshka"},{"floor":11,"key":"Magic Flower"},{"floor":13,"key":"Bottled Tornado"}],"event_choices":[{"cards_removed":["Strike_R"],"damage_healed":0,"gold_gain":0,"player_choice":"Card Removal","damage_taken":0,"max_hp_gain":0,"max_hp_loss":0,"event_name":"Wheel of Change","floor":3,"gold_loss":0},{"damage_healed":0,"gold_gain":0,"player_choice":"Searched \u00272\u0027 times","damage_taken":0,"max_hp_gain":0,"max_hp_loss":0,"event_name":"Dead Adventurer","floor":11,"gold_loss":0},{"damage_healed":0,"gold_gain":0,"player_choice":"Read","damage_taken":0,"max_hp_gain":0,"max_hp_loss":0,"event_name":"The Library","floor":19,"gold_loss":0,"cards_obtained":["Spot Weakness"]}],"is_beta":false,"boss_relics":[{"not_picked":["Astrolabe","Eternal Feather"],"picked":"Cursed Key"}],"items_purged_floors":[20,25],"is_endless":false,"potions_floor_spawned":[2,5,7,13,14,21,22,24],"killed_by":"3 Cultists","ascension_level":20}