{"gold_per_floor":[116,133,8,22,22,22,45,62,88,88,1,21,38,3,3,98,98,111,161,177,190,43,72,72,72,72,91,5,5,5,22,22,120,120,132,148,162,179,0,29,29,29,55,70,88,102,16,16,16,16],"floor_reached":51,"playtime":20472,"items_purged":["Defend_R","Defend_R"],"score":691,"play_id":"298407e9-f478-45b7-9578-aca4890e4be0","local_time":"20190901021140","is_ascension_mode":false,"campfire_choices":[{"data":"Perfected Strike","floor":6.0,"key":"SMITH"},{"data":"Metallicize","floor":10.0,"key":"SMITH"},{"data":"Dramatic Entrance","floor":15.0,"key":"SMITH"},{"data":"Berserk","floor":24.0,"key":"SMITH"},{"data":"RitualDagger","floor":29.0,"key":"SMITH"},{"floor":32.0,"key":"REST"},{"floor":42,"key":"REST"},{"floor":49,"key":"REST"}],"neow_cost":"PERCENT_DAMAGE","seed_source_timestamp":0,"circlet_count":0,"master_deck":["Strike_R","Strike_R+1","Strike_R","Strike_R","Strike_R","Bash+1","Metallicize+1","Cleave","Perfected Strike+1","Rage","Iron Wave","Dramatic Entrance+1","Berserk+1","Pommel Strike","Demon Form","Pommel Strike","Combust","Sword Boomerang","Shrug It Off","Shrug It Off","RitualDagger+1","Battle Trance","Searing Blow","True Grit","Necronomicurse","Spot Weakness+1","Offering","Twin Strike+1","Clothesline","Warcry+1","Headbutt","Shrug It Off+1","Clothesline+1","Bludgeon","Shockwave+1","Bandage Up"],"special_seed":0,"relics":["Burning Blood","Odd Mushroom","Orichalcum","Sozu","Juzu Bracelet","Question Card","Necronomicon","Empty Cage","Red Mask","Strawberry","Boot"],"potions_floor_usage":[50],"damage_taken":[{"damage":1.0,"enemies":"2 Louse","floor":1.0,"turns":3.0},{"damage":0.0,"enemies":"Small Slimes","floor":2.0,"turns":2.0},{"damage":6.0,"enemies":"Jaw Worm","floor":4.0,"turns":3.0},{"damage":14.0,"enemies":"The Mushroom Lair","floor":7.0,"turns":4.0},{"damage":6.0,"enemies":"Large Slime","floor":8.0,"turns":5.0},{"damage":2.0,"enemies":"3 Louse","floor":12.0,"turns":4.0},{"damage":4.0,"enemies":"Gremlin Gang","floor":13.0,"turns":3.0},{"damage":28.0,"enemies":"Slime Boss","floor":16.0,"turns":10.0},{"damage":6.0,"enemies":"Chosen","floor":18.0,"turns":3.0},{"damage":1.0,"enemies":"Spheric Guardian","floor":20.0,"turns":3.0},{"damage":9.0,"enemies":"3 Cultists","floor":21.0,"turns":4.0},{"damage":34.0,"enemies":"Gremlin Leader","floor":23.0,"turns":6.0},{"damage":10.0,"enemies":"Chosen and Byrds","floor":27.0,"turns":4.0},{"damage":10.0,"enemies":"Shelled Parasite and Fungi","floor":31.0,"turns":3.0},{"damage":58.0,"enemies":"Automaton","floor":33.0,"turns":7.0},{"damage":9.0,"enemies":"Orb Walker","floor":35.0,"turns":2.0},{"damage":27,"enemies":"3 Darklings","floor":36,"turns":3},{"damage":39,"enemies":"Writhing Mass","floor":37,"turns":3},{"damage":0,"enemies":"Transient","floor":38,"turns":5},{"damage":27,"enemies":"Reptomancer","floor":40,"turns":3},{"damage":7,"enemies":"4 Shapes","floor":44,"turns":5},{"damage":21,"enemies":"Maw","floor":45,"turns":5},{"damage":4,"enemies":"Transient","floor":46,"turns":5},{"damage":41,"enemies":"Time Eater","floor":50,"turns":8}],"seed_played":"-6832598667375975975","potions_obtained":[{"floor":1.0,"key":"Explosive Potion"},{"floor":2.0,"key":"SkillPotion"},{"floor":16.0,"key":"PowerPotion"}],"is_trial":false,"path_per_floor":["M","M","$","M","?","R","?","M","T","R","$","M","M","?","R","B",null,"M","?","M","M","$","E","R","?","T","M","$","R","?","M","R","B",null,"M","M","M","M","?","E","?","R","T","M","M","M","$","?","R","B",null],"character_chosen":"IRONCLAD","items_purchased":["Perfected Strike","Dramatic Entrance","Shrug It Off","Searing Blow","True Grit","Bandage Up"],"campfire_rested":3,"item_purchase_floors":[3,11,22,28,28,47],"current_hp_per_floor":[77,83,83,83,64,64,56,56,56,56,56,60,62,86,86,64,96,96,96,96,93,93,65,65,59,59,55,55,55,39,35,63,11,96,93,72,39,45,45,31,31,61,61,60,45,47,47,47,76,45],"gold":16,"neow_bonus":"TWENTY_PERCENT_HP_BONUS","is_prod":false,"is_daily":false,"chose_seed":false,"campfire_upgraded":5,"win_rate":0,"timestamp":1567296700,"path_taken":["M","M","$","M","?","R","?","M","T","R","?","M","M","?","R","BOSS","M","?","?","M","$","E","R","?","T","M","$","R","?","M","R","BOSS","M","M","M","M","?","E","?","R","T","M","M","M","$","?","R","BOSS"],"build_version":"2019-07-17","purchased_purges":2,"victory":true,"max_hp_per_floor":[96,96,96,96,96,96,96,96,96,96,96,96,96,96,96,96,96,96,96,96,96,96,96,96,96,96,96,96,96,96,96,96,96,96,96,96,96,96,96,103,103,103,103,103,103,103,103,98,98,98],"card_choices":[{"not_picked":["Hemokinesis","Armaments"],"picked":"Metallicize","floor":1.0},{"not_picked":["Headbutt","Fire Breathing"],"picked":"Cleave","floor":2.0},{"not_picked":["Burning Pact","Thunderclap"],"picked":"Rage","floor":4.0},{"not_picked":["Thunderclap","Sword Boomerang"],"picked":"Iron Wave","floor":7.0},{"not_picked":["Heavy Blade","Sword Boomerang","Body Slam"],"picked":"SKIP","floor":8.0},{"not_picked":["Dual Wield","Searing Blow"],"picked":"Berserk","floor":12.0},{"not_picked":["Inflame","Twin Strike"],"picked":"Pommel Strike","floor":13.0},{"not_picked":["Limit Break","Juggernaut"],"picked":"Demon Form","floor":16.0},{"not_picked":["Anger","Clothesline"],"picked":"Pommel Strike","floor":18.0},{"not_picked":["Dual Wield","Iron Wave"],"picked":"Combust","floor":20.0},{"not_picked":["Searing Blow+1","Warcry"],"picked":"Sword Boomerang","floor":21.0},{"not_picked":["Juggernaut","Dropkick"],"picked":"Shrug It Off","floor":23.0},{"not_picked":["Infernal Blade","Clash","Body Slam"],"picked":"Battle Trance","floor":27.0},{"not_picked":["Anger","Warcry","Flex"],"picked":"Spot Weakness+1","floor":31.0},{"not_picked":["Dark Embrace","Impervious","Brutality"],"picked":"Offering","floor":33.0},{"not_picked":["Bloodletting+1","Wild Strike","Sword Boomerang"],"picked":"Twin Strike+1","floor":35},{"not_picked":["Rupture","Sword Boomerang+1","Feel No Pain"],"picked":"Clothesline","floor":36},{"not_picked":["Inflame","Rampage","Sword Boomerang"],"picked":"Warcry+1","floor":37},{"not_picked":["Body Slam","Anger","Perfected Strike"],"picked":"Headbutt","floor":38},{"not_picked":["Clothesline","Hemokinesis+1","True Grit+1"],"picked":"Shrug It Off+1","floor":40},{"not_picked":["Reckless Charge","Intimidate","True Grit"],"picked":"Clothesline+1","floor":44},{"not_picked":["Rage","Iron Wave+1","Body Slam+1"],"picked":"Bludgeon","floor":45},{"not_picked":["Pummel","Warcry","Disarm+1"],"picked":"Shockwave+1","floor":46}],"player_experience":169301,"relics_obtained":[{"floor":7.0,"key":"Odd Mushroom"},{"floor":9.0,"key":"Orichalcum"},{"floor":23.0,"key":"Juzu Bracelet"},{"floor":26.0,"key":"Question Card"},{"floor":30.0,"key":"Necronomicon"},{"floor":40,"key":"Strawberry"},{"floor":43,"key":"Boot"}],"event_choices":[{"damage_healed":0.0,"max_hp_gain":0.0,"max_hp_loss":0.0,"gold_gain":0.0,"event_name":"Shining Light","player_choice":"Entered Light","floor":5.0,"gold_loss":0.0,"damage_taken":19.0,"cards_upgraded":["Strike_R","Bash"]},{"damage_healed":0.0,"max_hp_gain":0.0,"max_hp_loss":0.0,"gold_gain":0.0,"event_name":"Mushrooms","player_choice":"Fought Mushrooms","floor":7.0,"gold_loss":0.0,"damage_taken":0.0},{"damage_healed":24.0,"max_hp_gain":0.0,"max_hp_loss":0.0,"gold_gain":0.0,"event_name":"The Cleric","player_choice":"Healed","floor":14.0,"gold_loss":35.0,"damage_taken":0.0},{"damage_healed":0.0,"max_hp_gain":0.0,"max_hp_loss":0.0,"gold_gain":100.0,"event_name":"The Joust","player_choice":"Bet on Murderer","floor":19.0,"gold_loss":50.0,"damage_taken":0.0},{"damage_healed":0.0,"max_hp_gain":0.0,"max_hp_loss":0.0,"gold_gain":0.0,"event_name":"Nest","player_choice":"Joined the Cult","floor":25.0,"gold_loss":0.0,"damage_taken":6.0,"cards_obtained":["RitualDagger"]},{"damage_healed":0.0,"max_hp_gain":0.0,"max_hp_loss":0.0,"gold_gain":0.0,"event_name":"Cursed Tome","player_choice":"Obtained Book","floor":30.0,"gold_loss":0.0,"damage_taken":16.0},{"damage_healed":0,"gold_gain":0,"player_choice":"Paid","damage_taken":0,"relics_obtained":["Red Mask"],"max_hp_gain":0,"max_hp_loss":0,"event_name":"Tomb of Lord Red Mask","floor":39,"gold_loss":179},{"damage_healed":0,"gold_gain":0,"player_choice":"Got Potions","damage_taken":0,"max_hp_gain":0,"max_hp_loss":0,"event_name":"Lab","floor":41,"gold_loss":0},{"damage_healed":0,"gold_gain":0,"player_choice":"Max HP","damage_taken":0,"max_hp_gain":0,"max_hp_loss":5,"event_name":"Winding Halls","floor":48,"gold_loss":0}],"is_beta":false,"boss_relics":[{"not_picked":["Runic Pyramid","Ectoplasm"],"picked":"Sozu"},{"not_picked":["Philosopher\u0027s Stone","Mark of Pain"],"picked":"Empty Cage"}],"items_purged_floors":[3,22],"is_endless":false,"potions_floor_spawned":[1,2,16,21,23,27,31,33,36,38,44],"ascension_level":0}