{"gold_per_floor":[11,111,128,139,153,182,182,193,193,228,228,228,240,260,260,357,357,367,367,367,380,400,400,435,435,435,435,449,481,493,493,493,597,597,617,717,27,27,27,59,59,87,87,112,130,130,130,150,150,150],"floor_reached":51,"playtime":3925,"items_purged":[],"score":1566,"play_id":"c45d054d-75ec-46f0-92f7-0bfc12952e8f","local_time":"20190903173439","is_ascension_mode":true,"campfire_choices":[{"data":"Neutralize","floor":7.0,"key":"SMITH"},{"data":"Sucker Punch","floor":11.0,"key":"SMITH"},{"data":"Deadly Poison","floor":15.0,"key":"SMITH"},{"data":"Adrenaline","floor":23.0,"key":"SMITH"},{"data":"Footwork","floor":25.0,"key":"SMITH"},{"data":"Wraith Form v2","floor":27.0,"key":"SMITH"},{"data":"Dagger Spray","floor":32.0,"key":"SMITH"},{"data":"A Thousand Cuts","floor":41,"key":"SMITH"},{"data":"Panache","floor":47,"key":"SMITH"},{"data":"Cloak And Dagger","floor":49,"key":"SMITH"}],"neow_cost":"NO_GOLD","seed_source_timestamp":0,"circlet_count":0,"master_deck":["AscendersBane","Strike_G+1","Strike_G+1","Defend_G+1","Defend_G+1","Defend_G+1","Defend_G+1","Survivor","Neutralize+1","Quick Slash","Riddle With Holes","Poisoned Stab","Sucker Punch+1","Well Laid Plans+1","Dash","Deflect","Deadly Poison+1","Slice","Wraith Form v2+1","Dagger Spray+1","Footwork+1","Adrenaline+1","Dodge and Roll+1","Acrobatics","After Image","Adrenaline","Cloak And Dagger+1","Panache+1","A Thousand Cuts+1"],"special_seed":0,"relics":["Ring of the Snake","Thread and Needle","Happy Flower","Matryoshka","Centennial Puzzle","Eternal Feather","Dead Branch","Bottled Flame","Sundial","Dream Catcher","Busted Crown","Mango","Bag of Preparation","ClockworkSouvenir","Nunchaku","Blood Vial","Gremlin Horn","Bottled Tornado","Shuriken"],"potions_floor_usage":[33,50],"damage_taken":[{"damage":0.0,"enemies":"Jaw Worm","floor":1.0,"turns":6.0},{"damage":0.0,"enemies":"Cultist","floor":3.0,"turns":4.0},{"damage":0.0,"enemies":"2 Louse","floor":4.0,"turns":2.0},{"damage":0.0,"enemies":"2 Fungi Beasts","floor":5.0,"turns":3.0},{"damage":10.0,"enemies":"Lagavulin","floor":6.0,"turns":5.0},{"damage":17.0,"enemies":"Exordium Thugs","floor":8.0,"turns":5.0},{"damage":0.0,"enemies":"3 Sentries","floor":10.0,"turns":10.0},{"damage":0.0,"enemies":"Blue Slaver","floor":13.0,"turns":4.0},{"damage":0.0,"enemies":"3 Louse","floor":14.0,"turns":3.0},{"damage":7.0,"enemies":"The Guardian","floor":16.0,"turns":9.0},{"damage":8.0,"enemies":"3 Byrds","floor":18.0,"turns":5.0},{"damage":12.0,"enemies":"Spheric Guardian","floor":21.0,"turns":4.0},{"damage":0.0,"enemies":"Centurion and Healer","floor":22.0,"turns":9.0},{"damage":0.0,"enemies":"Gremlin Leader","floor":24.0,"turns":9.0},{"damage":0.0,"enemies":"Cultist and Chosen","floor":28.0,"turns":6.0},{"damage":14.0,"enemies":"Book of Stabbing","floor":29.0,"turns":6.0},{"damage":4.0,"enemies":"Shelled Parasite and Fungi","floor":30.0,"turns":5.0},{"damage":47,"enemies":"Collector","floor":33,"turns":13},{"damage":1,"enemies":"3 Shapes","floor":35,"turns":6},{"damage":8,"enemies":"Mind Bloom Boss Battle","floor":36,"turns":8},{"damage":0,"enemies":"Nemesis","floor":40,"turns":7},{"damage":3,"enemies":"Giant Head","floor":42,"turns":11},{"damage":18,"enemies":"Reptomancer","floor":44,"turns":5},{"damage":0,"enemies":"Orb Walker","floor":45,"turns":3},{"damage":0,"enemies":"Maw","floor":48,"turns":6},{"damage":28,"enemies":"Time Eater","floor":50,"turns":10}],"seed_played":"-5496332514905234969","potions_obtained":[{"floor":4.0,"key":"Strength Potion"},{"floor":5.0,"key":"Regen Potion"},{"floor":6.0,"key":"EssenceOfSteel"},{"floor":8.0,"key":"Swift Potion"},{"floor":13.0,"key":"PowerPotion"},{"floor":16.0,"key":"GamblersBrew"},{"floor":18.0,"key":"SteroidPotion"},{"floor":22.0,"key":"Fire Potion"},{"floor":24.0,"key":"Explosive Potion"},{"floor":33,"key":"SpeedPotion"},{"floor":48,"key":"Swift Potion"}],"is_trial":false,"path_per_floor":["M","?","M","M","M","E","R","M","T","E","R","?","M","M","R","B",null,"M","?","?","M","M","R","E","R","T","R","M","E","M","?","R","B",null,"M","?","$","?","?","E","R","E","T","E","M","?","R","M","R","B",null],"character_chosen":"THE_SILENT","items_purchased":["Bag of Preparation","ClockworkSouvenir","Panache","A Thousand Cuts"],"campfire_rested":0,"item_purchase_floors":[37,37,37,37],"current_hp_per_floor":[63,63,63,63,63,53,53,50,50,50,50,43,43,43,43,36,62,54,54,54,42,42,57,57,70,70,70,70,56,52,52,67,20,58,57,63,63,63,63,63,78,75,75,59,61,61,76,78,84,56],"gold":150,"neow_bonus":"ONE_RARE_RELIC","is_prod":false,"is_daily":false,"chose_seed":false,"campfire_upgraded":10,"win_rate":0,"timestamp":1567546479,"path_taken":["M","?","?","M","M","E","R","M","T","E","R","?","M","M","R","BOSS","M","?","?","M","M","R","E","R","T","R","M","E","M","?","R","BOSS","M","?","$","?","?","E","R","E","T","E","?","?","R","?","R","BOSS"],"build_version":"2019-07-17","purchased_purges":0,"victory":true,"max_hp_per_floor":[70,70,70,70,70,70,70,70,70,70,70,70,70,70,70,70,70,70,70,70,70,70,70,70,70,70,70,70,70,70,70,70,70,70,70,84,84,84,84,84,84,84,84,84,84,84,84,84,84,84],"card_choices":[{"not_picked":["Expertise","Leg Sweep"],"picked":"Quick Slash","floor":1.0},{"not_picked":["PiercingWail","Underhanded Strike"],"picked":"Riddle With Holes","floor":3.0},{"not_picked":["Backflip","Heel Hook"],"picked":"Poisoned Stab","floor":4.0},{"not_picked":["Leg Sweep","Reflex"],"picked":"Sucker Punch","floor":5.0},{"not_picked":["Heel Hook","Unload"],"picked":"Well Laid Plans","floor":6.0},{"not_picked":["Concentrate","Masterful Stab"],"picked":"Dash","floor":8.0},{"not_picked":["Poisoned Stab","Dagger Throw"],"picked":"Deflect","floor":10.0},{"not_picked":["Sucker Punch","Poisoned Stab"],"picked":"Deadly Poison","floor":13.0},{"not_picked":["Blade Dance","Distraction"],"picked":"Slice","floor":14.0},{"not_picked":["Doppelganger","Burst"],"picked":"Wraith Form v2","floor":16.0},{"not_picked":["Dagger Throw","Setup"],"picked":"Dagger Spray","floor":18.0},{"not_picked":["Acrobatics","Deadly Poison"],"picked":"Dodge and Roll+1","floor":21.0},{"not_picked":["Eviscerate","Endless Agony"],"picked":"Acrobatics","floor":22.0},{"not_picked":["Dagger Throw","Prepared","Underhanded Strike"],"picked":"SKIP","floor":24.0},{"not_picked":["Blade Dance+1","Dodge and Roll","Finisher+1"],"picked":"SKIP","floor":28.0},{"not_picked":["Prepared","Bane","Flechettes"],"picked":"SKIP","floor":29.0},{"not_picked":["Poisoned Stab","Cloak And Dagger"],"picked":"After Image","floor":30.0},{"not_picked":["Grand Finale","Phantasmal Killer"],"picked":"Adrenaline","floor":33},{"not_picked":[],"picked":"Cloak And Dagger","floor":35},{"not_picked":["Setup+1"],"picked":"SKIP","floor":40},{"not_picked":["Dodge and Roll"],"picked":"SKIP","floor":42},{"not_picked":["Poisoned Stab+1"],"picked":"SKIP","floor":44},{"not_picked":["Deflect"],"picked":"SKIP","floor":45},{"not_picked":["Setup+1"],"picked":"SKIP","floor":48}],"player_experience":299282,"relics_obtained":[{"floor":6.0,"key":"Happy Flower"},{"floor":9.0,"key":"Matryoshka"},{"floor":10.0,"key":"Centennial Puzzle"},{"floor":24.0,"key":"Dead Branch"},{"floor":26.0,"key":"Bottled Flame"},{"floor":26.0,"key":"Sundial"},{"floor":29.0,"key":"Dream Catcher"},{"floor":36,"key":"Mango"},{"floor":40,"key":"Nunchaku"},{"floor":42,"key":"Blood Vial"},{"floor":43,"key":"Gremlin Horn"},{"floor":43,"key":"Bottled Tornado"},{"floor":44,"key":"Shuriken"}],"event_choices":[{"damage_healed":0.0,"max_hp_gain":0.0,"max_hp_loss":0.0,"gold_gain":100.0,"event_name":"Golden Shrine","player_choice":"Pray","floor":2.0,"gold_loss":0.0,"damage_taken":0.0},{"cards_removed":["Strike_G"],"damage_healed":0.0,"max_hp_gain":0.0,"max_hp_loss":0.0,"gold_gain":0.0,"event_name":"Golden Wing","player_choice":"Card Removal","floor":12.0,"gold_loss":0.0,"damage_taken":7.0},{"damage_healed":0.0,"max_hp_gain":0.0,"max_hp_loss":0.0,"gold_gain":0.0,"cards_transformed":["Strike_G","Strike_G"],"event_name":"Drug Dealer","player_choice":"Became Test Subject","floor":19.0,"gold_loss":0.0,"damage_taken":0.0,"cards_obtained":["Footwork","Adrenaline"]},{"damage_healed":0.0,"max_hp_gain":0.0,"max_hp_loss":0.0,"gold_gain":0.0,"event_name":"Back to Basics","player_choice":"Simplicity","floor":20.0,"gold_loss":0.0,"damage_taken":0.0,"cards_upgraded":["Strike_G","Strike_G","Defend_G","Defend_G","Defend_G","Defend_G","Defend_G"]},{"damage_healed":0.0,"max_hp_gain":0.0,"max_hp_loss":0.0,"gold_gain":0.0,"event_name":"Upgrade Shrine","player_choice":"Upgraded","floor":31.0,"gold_loss":0.0,"damage_taken":0.0,"cards_upgraded":["Well Laid Plans"]},{"damage_healed":0,"gold_gain":0,"player_choice":"Fight","damage_taken":0,"max_hp_gain":0,"max_hp_loss":0,"event_name":"MindBloom","floor":36,"gold_loss":0},{"damage_healed":0,"gold_gain":0,"player_choice":"Memory 1","damage_taken":0,"max_hp_gain":0,"max_hp_loss":0,"event_name":"SensoryStone","floor":38,"gold_loss":0},{"cards_removed":["Defend_G"],"damage_healed":0,"gold_gain":0,"player_choice":"Removed Skill","damage_taken":0,"max_hp_gain":0,"max_hp_loss":0,"event_name":"Falling","floor":39,"gold_loss":0},{"damage_healed":0,"gold_gain":0,"player_choice":"Leave","damage_taken":0,"max_hp_gain":0,"max_hp_loss":0,"event_name":"FaceTrader","floor":46,"gold_loss":0}],"is_beta":false,"boss_relics":[{"not_picked":["White Beast Statue","Philosopher\u0027s Stone"],"picked":"Eternal Feather"},{"not_picked":["Orrery","HoveringKite"],"picked":"Busted Crown"}],"items_purged_floors":[],"is_endless":false,"potions_floor_spawned":[4,5,6,8,13,16,18,22,24,33,40,42,48],"ascension_level":11}