{"gold_per_floor":[112,112,123,133,152,152,186,186,240,40,50,62,62,62,62,166,166,179,189,203,54,71,71,104,104,104,120,120,120,11,26,26,123,123,142,64,81,81,101,101,111,111,111,125,125,25,58,158,158,158],"floor_reached":51,"playtime":2584,"items_purged":["Strike_R"],"score":924,"play_id":"6d6820a6-b6a6-45ec-afc9-3b7ea4087ef9","local_time":"20190728120719","is_ascension_mode":false,"campfire_choices":[{"data":"Bash","floor":6,"key":"SMITH"},{"data":"Evolve","floor":8,"key":"SMITH"},{"data":"Spot Weakness","floor":13,"key":"SMITH"},{"data":"Armaments","floor":15,"key":"SMITH"},{"data":"Uppercut","floor":23,"key":"SMITH"},{"data":"Inflame","floor":25,"key":"SMITH"},{"data":"Disarm","floor":28,"key":"SMITH"},{"data":"Limit Break","floor":32,"key":"SMITH"},{"data":"Flame Barrier","floor":40,"key":"SMITH"},{"data":"Berserk","floor":42,"key":"SMITH"},{"data":"Impervious","floor":45,"key":"SMITH"},{"data":"True Grit","floor":49,"key":"SMITH"}],"neow_cost":"NONE","seed_source_timestamp":540332359061100,"circlet_count":0,"master_deck":["Defend_R","Defend_R","Bash+1","Impervious+1","Thunderclap","Armaments+1","Pummel","Shrug It Off","Evolve+1","Cleave","Spot Weakness+1","Limit Break+1","Warcry","Inflame+1","Twin Strike+1","Clothesline","Uppercut+1","Disarm+1","Corruption","Flame Barrier+1","Battle Trance","Reaper","Barricade+1","Reckless Charge+1","Blood for Blood+1","Entrench","Battle Trance+1","Berserk+1","Metallicize","Shockwave","Impervious","True Grit+1"],"relics":["Burning Blood","Meat on the Bone","Blood Vial","OrangePellets","Juzu Bracelet","Snecko Eye","Pear","Matryoshka","Astrolabe","Anchor","Mummified Hand","Art of War","Charon\u0027s Ashes"],"potions_floor_usage":[20,50,50,50],"damage_taken":[{"damage":4,"enemies":"Small Slimes","floor":1,"turns":4},{"damage":6,"enemies":"Cultist","floor":3,"turns":3},{"damage":4,"enemies":"2 Louse","floor":4,"turns":4},{"damage":3,"enemies":"2 Fungi Beasts","floor":5,"turns":4},{"damage":55,"enemies":"Lagavulin","floor":7,"turns":9},{"damage":7,"enemies":"Exordium Thugs","floor":11,"turns":5},{"damage":18,"enemies":"Exordium Wildlife","floor":12,"turns":5},{"damage":0,"enemies":"Slime Boss","floor":16,"turns":7},{"damage":10,"enemies":"3 Byrds","floor":18,"turns":4},{"damage":19,"enemies":"Spheric Guardian","floor":19,"turns":4},{"damage":2,"enemies":"3 Cultists","floor":20,"turns":5},{"damage":19,"enemies":"Centurion and Healer","floor":22,"turns":4},{"damage":36,"enemies":"Slavers","floor":24,"turns":5},{"damage":19,"enemies":"Shelled Parasite and Fungi","floor":27,"turns":4},{"damage":14,"enemies":"Sentry and Sphere","floor":31,"turns":5},{"damage":0,"enemies":"Champ","floor":33,"turns":7},{"damage":24,"enemies":"3 Darklings","floor":35,"turns":4},{"damage":0,"enemies":"3 Shapes","floor":37,"turns":7},{"damage":0,"enemies":"Jaw Worm Horde","floor":39,"turns":4},{"damage":22,"enemies":"Spire Growth","floor":41,"turns":4},{"damage":30,"enemies":"3 Darklings","floor":44,"turns":3},{"damage":0,"enemies":"Giant Head","floor":47,"turns":7},{"damage":0,"enemies":"Mind Bloom Boss Battle","floor":48,"turns":12},{"damage":0,"enemies":"Donu and Deca","floor":50,"turns":6}],"seed_played":"7592502318952421494","potions_obtained":[{"floor":3,"key":"Strength Potion"},{"floor":4,"key":"LiquidBronze"},{"floor":12,"key":"SkillPotion"},{"floor":24,"key":"PowerPotion"}],"is_trial":false,"path_per_floor":["M","?","M","M","M","R","E","R","T","$","M","M","R","?","R","B",null,"M","M","M","$","M","R","E","R","T","M","R","?","$","M","R","B",null,"M","$","M","?","M","R","M","R","T","M","R","$","E","?","R","B",null],"character_chosen":"IRONCLAD","items_purchased":["OrangePellets","Clothesline","Strength Potion","Corruption","Flame Barrier","Entrench","Metallicize","Shockwave"],"campfire_rested":0,"item_purchase_floors":[10,21,21,30,30,36,46,46],"current_hp_per_floor":[80,80,80,80,80,80,31,31,31,31,44,46,46,39,39,47,80,76,65,71,71,60,60,54,54,54,55,55,55,55,61,61,69,90,90,90,90,90,90,90,74,74,74,82,82,82,90,90,90,90],"gold":158,"neow_bonus":"ONE_RANDOM_RARE_CARD","is_prod":false,"is_daily":false,"chose_seed":false,"campfire_upgraded":12,"win_rate":1,"timestamp":1564283239,"path_taken":["M","?","M","M","M","R","E","R","T","?","M","M","R","?","R","BOSS","M","M","M","$","M","R","E","R","T","M","R","?","$","M","R","BOSS","M","$","M","?","M","R","M","R","T","M","R","$","E","?","R","BOSS"],"build_version":"2019-07-17","purchased_purges":1,"victory":true,"max_hp_per_floor":[80,80,80,80,80,80,80,80,80,80,80,80,80,80,80,80,80,80,80,80,80,80,80,90,90,90,90,90,90,90,90,90,90,90,90,90,90,90,90,90,90,90,90,90,90,90,90,90,90,90],"card_choices":[{"not_picked":["Wild Strike","Hemokinesis"],"picked":"Thunderclap","floor":1},{"not_picked":["Sever Soul","Sword Boomerang"],"picked":"Armaments","floor":3},{"not_picked":["Flex","Wild Strike"],"picked":"Pummel","floor":4},{"not_picked":["Combust","Thunderclap"],"picked":"Shrug It Off","floor":5},{"not_picked":["Sword Boomerang","Second Wind"],"picked":"Evolve","floor":7},{"not_picked":["Heavy Blade","Warcry"],"picked":"Cleave","floor":11},{"not_picked":["Immolate","Sword Boomerang"],"picked":"Spot Weakness","floor":12},{"not_picked":["Juggernaut","Double Tap"],"picked":"Limit Break","floor":16},{"not_picked":["Combust","Havoc+1"],"picked":"Warcry","floor":18},{"not_picked":["Thunderclap","Bloodletting"],"picked":"Inflame","floor":19},{"not_picked":["Sever Soul","Body Slam"],"picked":"Twin Strike+1","floor":20},{"not_picked":["Body Slam","Clash"],"picked":"Uppercut","floor":22},{"not_picked":["Sword Boomerang","Cleave","Reckless Charge"],"picked":"SKIP","floor":24},{"not_picked":["Infernal Blade","Cleave"],"picked":"Disarm","floor":27},{"not_picked":["Body Slam","Thunderclap+1"],"picked":"Battle Trance","floor":31},{"not_picked":["Limit Break","Juggernaut"],"picked":"Reaper","floor":33},{"not_picked":["Flex","Sever Soul+1","Body Slam"],"picked":"SKIP","floor":35},{"not_picked":["Clash","Bloodletting+1","Flex"],"picked":"SKIP","floor":37},{"not_picked":["Headbutt","Iron Wave+1"],"picked":"Battle Trance+1","floor":39},{"not_picked":["Flame Barrier+1","Seeing Red+1"],"picked":"Berserk","floor":41},{"not_picked":["Cleave","Thunderclap","Anger"],"picked":"SKIP","floor":44},{"not_picked":["Clothesline+1","Sword Boomerang"],"picked":"Impervious","floor":47},{"not_picked":["Inflame","Shrug It Off"],"picked":"True Grit","floor":48}],"player_experience":120348,"relics_obtained":[{"floor":7,"key":"Meat on the Bone"},{"floor":9,"key":"Blood Vial"},{"floor":24,"key":"Pear"},{"floor":26,"key":"Matryoshka"},{"floor":43,"key":"Anchor"},{"floor":43,"key":"Mummified Hand"},{"floor":47,"key":"Art of War"},{"floor":48,"key":"Charon\u0027s Ashes"}],"event_choices":[{"cards_removed":["Strike_R"],"damage_healed":0,"gold_gain":0,"player_choice":"Offered Basic","damage_taken":0,"max_hp_gain":0,"max_hp_loss":0,"event_name":"Bonfire Elementals","floor":2,"gold_loss":0},{"damage_healed":0,"gold_gain":0,"player_choice":"Success","damage_taken":7,"relics_obtained":["Juzu Bracelet"],"max_hp_gain":0,"max_hp_loss":0,"event_name":"Scrap Ooze","floor":14,"gold_loss":0},{"cards_removed":["Strike_R"],"damage_healed":0,"gold_gain":0,"player_choice":"Purged","damage_taken":0,"max_hp_gain":0,"max_hp_loss":0,"event_name":"Purifier","floor":29,"gold_loss":0},{"cards_removed":["Defend_R"],"damage_healed":0,"gold_gain":0,"player_choice":"Removed Skill","damage_taken":0,"max_hp_gain":0,"max_hp_loss":0,"event_name":"Falling","floor":38,"gold_loss":0},{"damage_healed":0,"gold_gain":0,"player_choice":"Fight","damage_taken":0,"max_hp_gain":0,"max_hp_loss":0,"event_name":"MindBloom","floor":48,"gold_loss":0}],"is_beta":false,"boss_relics":[{"not_picked":["Pandora\u0027s Box","Busted Crown"],"picked":"Snecko Eye"},{"not_picked":["Empty Cage","Orrery"],"picked":"Astrolabe"}],"items_purged_floors":[21],"is_endless":false,"potions_floor_spawned":[3,4,12,16,19,24,27,33,44,47,48],"ascension_level":0}