{"gold_per_floor":[110,110,110,173,298,298,336,386,386,436,472,537,578,602,602,691,691,705,755,183,148,198,198,229,279,279,295,365,365,365],"floor_reached":30,"playtime":1252,"items_purged":["Strike_B"],"score":628,"play_id":"8cadd930-018c-4df3-81e0-399de1f9da8e","local_time":"20190822200221","is_ascension_mode":true,"campfire_choices":[{"floor":6.0,"key":"REST"},{"data":"Capacitor","floor":15.0,"key":"SMITH"},{"floor":23.0,"key":"REST"},{"data":"Defragment","floor":29.0,"key":"SMITH"}],"neow_cost":"NONE","seed_source_timestamp":11468107202600,"circlet_count":0,"master_deck":["AscendersBane","Strike_B","Defend_B","Defend_B+1","Defend_B","Defend_B","Zap","Dualcast","Beam Cell","Ball Lightning+1","Lockon","Consume","Cold Snap","Biased Cognition","Capacitor+1","Electrodynamics","Cold Snap","Necronomicurse","Defragment+1","Coolheaded","Capacitor","Defragment","Leap"],"special_seed":0,"relics":["Cracked Core","NeowsBlessing","Golden Idol","SsserpentHead","Nunchaku","Mercury Hourglass","Sundial","Bronze Scales","Empty Cage","Necronomicon","Happy Flower","Runic Capacitor","Regal Pillow","Omamori","Emotion Chip"],"potions_floor_usage":[30],"damage_taken":[{"damage":0.0,"enemies":"Small Slimes","floor":1.0,"turns":1.0},{"damage":0.0,"enemies":"Jaw Worm","floor":4.0,"turns":1.0},{"damage":0.0,"enemies":"3 Sentries","floor":7.0,"turns":1.0},{"damage":7.0,"enemies":"Lagavulin","floor":11.0,"turns":4.0},{"damage":1.0,"enemies":"Cultist","floor":12.0,"turns":3.0},{"damage":0.0,"enemies":"3 Sentries","floor":13.0,"turns":4.0},{"damage":0.0,"enemies":"Blue Slaver","floor":14.0,"turns":2.0},{"damage":7.0,"enemies":"Hexaghost","floor":16.0,"turns":7.0},{"damage":12.0,"enemies":"Shell Parasite","floor":18.0,"turns":5.0},{"damage":18.0,"enemies":"Gremlin Leader","floor":24.0,"turns":6.0},{"damage":0.0,"enemies":"Chosen","floor":27.0,"turns":5.0},{"damage":13.0,"enemies":"Centurion and Healer","floor":28.0,"turns":7.0},{"damage":34,"enemies":"Book of Stabbing","floor":30,"turns":3}],"seed_played":"7301837936095451367","potions_obtained":[{"floor":1.0,"key":"SteroidPotion"},{"floor":10.0,"key":"FocusPotion"},{"floor":11.0,"key":"SkillPotion"},{"floor":14.0,"key":"Weak Potion"},{"floor":18.0,"key":"Energy Potion"},{"floor":27.0,"key":"GamblersBrew"},{"floor":28.0,"key":"Block Potion"}],"is_trial":false,"path_per_floor":["M","?","?","M","?","R","E","?","T","?","E","M","E","M","R","B",null,"M","?","$","?","?","R","E","?","T","M","M","R","E"],"character_chosen":"DEFECT","items_purchased":["Defragment","Coolheaded","Happy Flower","Runic Capacitor"],"campfire_rested":2,"item_purchase_floors":[20,20,20,20],"current_hp_per_floor":[64,40,40,40,29,50,50,29,29,29,22,21,21,21,21,14,57,45,24,24,24,24,60,42,42,42,42,29,29,0],"gold":365,"neow_bonus":"THREE_ENEMY_KILL","is_prod":false,"is_daily":false,"chose_seed":false,"campfire_upgraded":2,"win_rate":0,"timestamp":1566518541,"path_taken":["M","?","?","?","?","R","E","?","T","?","E","?","E","M","R","BOSS","M","?","$","?","?","R","E","?","T","M","?","R","E"],"build_version":"2019-07-17","purchased_purges":1,"victory":false,"max_hp_per_floor":[71,71,71,71,71,71,71,71,71,71,71,71,71,71,71,71,71,71,71,71,71,71,71,71,71,71,71,71,71,71],"card_choices":[{"not_picked":["Undo","Rebound"],"picked":"Beam Cell","floor":1.0},{"not_picked":["Redo","Rip and Tear"],"picked":"Ball Lightning","floor":4.0},{"not_picked":["Consume","Sunder"],"picked":"Lockon","floor":7.0},{"not_picked":["Reinforced Body","Lockon"],"picked":"Consume","floor":11.0},{"not_picked":["Consume","Compile Driver"],"picked":"Cold Snap","floor":12.0},{"not_picked":["Reinforced Body","Melter"],"picked":"Biased Cognition","floor":13.0},{"not_picked":["Stack","Streamline"],"picked":"Capacitor","floor":14.0},{"not_picked":["Meteor Strike","Hyperbeam"],"picked":"Electrodynamics","floor":16.0},{"not_picked":["Gash","Tempest"],"picked":"Cold Snap","floor":18.0},{"not_picked":["Cold Snap","Redo"],"picked":"Capacitor","floor":24.0},{"not_picked":["Hologram","Stack","Cold Snap"],"picked":"SKIP","floor":27.0},{"not_picked":["Heatsinks","Fusion"],"picked":"Leap","floor":28.0}],"player_experience":1494567,"relics_obtained":[{"floor":7.0,"key":"Nunchaku"},{"floor":9.0,"key":"Mercury Hourglass"},{"floor":11.0,"key":"Sundial"},{"floor":13.0,"key":"Bronze Scales"},{"floor":19.0,"key":"Necronomicon"},{"floor":24.0,"key":"Omamori"},{"floor":26.0,"key":"Emotion Chip"}],"event_choices":[{"damage_healed":0.0,"max_hp_gain":0.0,"max_hp_loss":0.0,"gold_gain":0.0,"event_name":"Golden Idol","player_choice":"Take Damage","floor":2.0,"gold_loss":0.0,"damage_taken":24.0,"relics_obtained":["Golden Idol"]},{"damage_healed":0.0,"max_hp_gain":0.0,"max_hp_loss":0.0,"gold_gain":0.0,"event_name":"FaceTrader","player_choice":"Trade","floor":3.0,"gold_loss":0.0,"damage_taken":0.0,"relics_obtained":["SsserpentHead"]},{"damage_healed":0.0,"max_hp_gain":0.0,"max_hp_loss":0.0,"gold_gain":75.0,"event_name":"World of Goop","player_choice":"Gather Gold","floor":5.0,"gold_loss":0.0,"damage_taken":11.0},{"damage_healed":0.0,"max_hp_gain":0.0,"max_hp_loss":0.0,"gold_gain":0.0,"event_name":"Shining Light","player_choice":"Entered Light","floor":8.0,"gold_loss":0.0,"damage_taken":21.0,"cards_upgraded":["Ball Lightning","Defend_B"]},{"damage_healed":0.0,"max_hp_gain":0.0,"max_hp_loss":0.0,"gold_gain":0.0,"event_name":"Lab","player_choice":"Got Potions","floor":10.0,"gold_loss":0.0,"damage_taken":0.0},{"damage_healed":0.0,"max_hp_gain":0.0,"max_hp_loss":0.0,"gold_gain":0.0,"event_name":"Cursed Tome","player_choice":"Obtained Book","floor":19.0,"gold_loss":0.0,"damage_taken":21.0},{"damage_healed":0.0,"max_hp_gain":0.0,"max_hp_loss":0.0,"gold_gain":0.0,"event_name":"Addict","player_choice":"Obtained Relic","floor":21.0,"gold_loss":85.0,"damage_taken":0.0,"relics_obtained":["Regal Pillow"]},{"damage_healed":0.0,"max_hp_gain":0.0,"max_hp_loss":0.0,"gold_gain":0.0,"event_name":"Ghosts","player_choice":"Ignored","floor":22.0,"gold_loss":0.0,"damage_taken":0.0},{"damage_healed":0.0,"max_hp_gain":0.0,"max_hp_loss":0.0,"gold_gain":0.0,"event_name":"Duplicator","player_choice":"Copied","floor":25.0,"gold_loss":0.0,"damage_taken":0.0,"cards_obtained":["Defragment"]}],"is_beta":false,"boss_relics":[{"not_picked":["Lizard Tail","Tiny House"],"picked":"Empty Cage"}],"items_purged_floors":[20],"is_endless":false,"potions_floor_spawned":[1,11,14,18,27,28],"killed_by":"Book of Stabbing","ascension_level":20}