{"gold_per_floor":[112,112,123,138,138,138,138,138,163,179,222,240,253,318,318,444,444,458,508,298,314,364,376,432,463,475,99,99,249,323,342,342,465,465,485,509,559,884,164,164,188,261,261,261,35,76,459,478,478,478],"floor_reached":51,"playtime":2287,"items_purged":["Strike_R","Strike_R","Regret","Defend_R"],"score":724,"play_id":"203ae3c0-b93e-43d6-8e1a-01c362f9fa8f","local_time":"20190721093103","is_ascension_mode":false,"campfire_choices":[{"data":"Flex","floor":6,"key":"SMITH"},{"data":"Headbutt","floor":8,"key":"SMITH"},{"data":"True Grit","floor":15,"key":"SMITH"},{"data":"Writhe","floor":23,"key":"PURGE"},{"data":"Strike_R","floor":28,"key":"PURGE"},{"floor":32,"key":"REST"},{"data":"Strike_R","floor":40,"key":"PURGE"},{"floor":44,"key":"REST"},{"floor":49,"key":"REST"}],"neow_cost":"NONE","seed_source_timestamp":100886301842200,"circlet_count":0,"master_deck":["Defend_R","Defend_R+1","Defend_R","Bash+1","True Grit+1","Headbutt+1","Flex+1","Clothesline","Spot Weakness+1","True Grit","Anger","Clash","Demon Form","Offering","Shockwave+1","Shrug It Off","Metallicize","Disarm","Whirlwind+1","Double Tap","Disarm","Demon Form","Dark Embrace","Dual Wield"],"relics":["Burning Blood","SsserpentHead","Orichalcum","Peace Pipe","Fusion Hammer","MawBank","War Paint","Question Card","Medical Kit","Snecko Eye","Dodecahedron","DollysMirror","Anchor","Self Forming Clay","Meat on the Bone"],"potions_floor_usage":[10,24,31,35,50,50,50],"damage_taken":[{"damage":5,"enemies":"Jaw Worm","floor":1,"turns":5},{"damage":0,"enemies":"2 Louse","floor":3,"turns":3},{"damage":0,"enemies":"Small Slimes","floor":4,"turns":3},{"damage":1,"enemies":"Gremlin Gang","floor":10,"turns":3},{"damage":13,"enemies":"Gremlin Nob","floor":11,"turns":4},{"damage":7,"enemies":"Red Slaver","floor":12,"turns":2},{"damage":1,"enemies":"Looter","floor":13,"turns":3},{"damage":0,"enemies":"2 Fungi Beasts","floor":14,"turns":2},{"damage":26,"enemies":"Hexaghost","floor":16,"turns":8},{"damage":5,"enemies":"3 Byrds","floor":18,"turns":6},{"damage":19,"enemies":"Shell Parasite","floor":21,"turns":4},{"damage":23,"enemies":"Gremlin Leader","floor":24,"turns":5},{"damage":14,"enemies":"Snake Plant","floor":25,"turns":6},{"damage":12,"enemies":"Snecko","floor":30,"turns":6},{"damage":10,"enemies":"Centurion and Healer","floor":31,"turns":5},{"damage":20,"enemies":"Collector","floor":33,"turns":6},{"damage":6,"enemies":"3 Darklings","floor":35,"turns":3},{"damage":2,"enemies":"Orb Walker","floor":36,"turns":4},{"damage":10,"enemies":"3 Darklings","floor":41,"turns":4},{"damage":11,"enemies":"Writhing Mass","floor":42,"turns":7},{"damage":33,"enemies":"Nemesis","floor":46,"turns":7},{"damage":12,"enemies":"Maw","floor":48,"turns":5},{"damage":17,"enemies":"Time Eater","floor":50,"turns":7}],"seed_played":"4384628221957636363","potions_obtained":[{"floor":1,"key":"Explosive Potion"},{"floor":3,"key":"SteroidPotion"},{"floor":11,"key":"SkillPotion"},{"floor":14,"key":"Energy Potion"},{"floor":24,"key":"Energy Potion"},{"floor":31,"key":"Poison Potion"},{"floor":35,"key":"Fruit Juice"},{"floor":36,"key":"EssenceOfSteel"}],"is_trial":false,"path_per_floor":["M","?","M","M","?","R","?","R","T","M","E","M","M","M","R","B",null,"M","?","$","M","?","R","E","M","T","$","R","?","M","M","R","B",null,"M","M","?","?","$","R","M","M","T","R","$","E","?","M","R","B",null],"character_chosen":"IRONCLAD","items_purchased":["Offering","Shrug It Off","Metallicize","Medical Kit","Dodecahedron","DollysMirror","Anchor","Ancient Potion"],"campfire_rested":3,"item_purchase_floors":[20,27,27,27,39,39,39,45],"current_hp_per_floor":[80,73,79,80,60,60,60,60,60,65,58,57,62,68,68,48,80,80,80,80,67,67,67,50,42,42,42,42,42,36,32,56,42,80,85,85,81,81,81,81,77,72,72,81,81,54,54,48,72,61],"gold":478,"neow_bonus":"UPGRADE_CARD","is_prod":false,"is_daily":false,"chose_seed":false,"campfire_upgraded":3,"win_rate":1,"timestamp":1563669063,"path_taken":["M","?","M","M","?","R","?","R","T","M","E","M","M","?","R","BOSS","M","?","$","M","?","R","E","M","T","$","R","?","?","M","R","BOSS","M","M","?","?","$","R","M","?","T","R","$","E","?","M","R","BOSS"],"build_version":"2019-07-17","purchased_purges":4,"victory":true,"max_hp_per_floor":[80,80,80,80,80,80,80,80,80,80,80,80,80,80,80,80,80,80,80,80,80,80,80,80,80,80,80,80,80,80,80,80,80,80,85,85,81,81,81,81,81,81,81,81,81,81,81,81,81,81],"card_choices":[{"not_picked":["Combust","Havoc"],"picked":"True Grit","floor":1},{"not_picked":["Reckless Charge","Intimidate"],"picked":"Headbutt","floor":3},{"not_picked":["Intimidate","Entrench"],"picked":"Flex","floor":4},{"not_picked":["Thunderclap","Heavy Blade"],"picked":"Clothesline","floor":10},{"not_picked":["Thunderclap","Iron Wave"],"picked":"Spot Weakness","floor":11},{"not_picked":["Ghostly Armor","Second Wind"],"picked":"True Grit","floor":12},{"not_picked":["Infernal Blade","Cleave"],"picked":"Anger","floor":13},{"not_picked":["Rage","Second Wind"],"picked":"Clash","floor":14},{"not_picked":["Berserk","Bludgeon"],"picked":"Demon Form","floor":16},{"not_picked":["True Grit","Havoc","Headbutt"],"picked":"SKIP","floor":18},{"not_picked":["Sever Soul","Perfected Strike"],"picked":"Shockwave+1","floor":21},{"not_picked":["Second Wind","Fire Breathing+1","Headbutt"],"picked":"SKIP","floor":24},{"not_picked":["Reckless Charge+1","Thunderclap","Pummel"],"picked":"SKIP","floor":25},{"not_picked":["Intimidate+1","Perfected Strike+1","Pommel Strike"],"picked":"Disarm","floor":30},{"not_picked":["Warcry+1","Cleave","Wild Strike"],"picked":"Whirlwind+1","floor":31},{"not_picked":["Barricade","Feed","Juggernaut"],"picked":"Double Tap","floor":33},{"not_picked":["Thunderclap","Twin Strike+1","Wild Strike","Rupture+1"],"picked":"SKIP","floor":35},{"not_picked":["Spot Weakness+1","Wild Strike+1","Inflame"],"picked":"Disarm","floor":36},{"not_picked":["Wild Strike+1","Blood for Blood+1","Rupture+1","Anger+1"],"picked":"SKIP","floor":41},{"not_picked":["Hemokinesis","Thunderclap+1","Wild Strike"],"picked":"Dark Embrace","floor":42},{"not_picked":["Second Wind","Inflame","Havoc"],"picked":"Dual Wield","floor":46},{"not_picked":["Ghostly Armor+1","Thunderclap+1","Pommel Strike","Second Wind+1"],"picked":"SKIP","floor":48}],"player_experience":94870,"relics_obtained":[{"floor":9,"key":"Orichalcum"},{"floor":11,"key":"Peace Pipe"},{"floor":24,"key":"War Paint"},{"floor":26,"key":"Question Card"},{"floor":43,"key":"Self Forming Clay"},{"floor":46,"key":"Meat on the Bone"}],"event_choices":[{"cards_removed":["Strike_R"],"damage_healed":0,"gold_gain":0,"player_choice":"Card Removal","damage_taken":7,"max_hp_gain":0,"max_hp_loss":0,"event_name":"Golden Wing","floor":2,"gold_loss":0},{"damage_healed":0,"gold_gain":0,"player_choice":"Take Damage","damage_taken":20,"relics_obtained":["Golden Idol"],"max_hp_gain":0,"max_hp_loss":0,"event_name":"Golden Idol","floor":5,"gold_loss":0},{"damage_healed":0,"gold_gain":0,"player_choice":"Trade","damage_taken":0,"relics_obtained":["SsserpentHead"],"max_hp_gain":0,"max_hp_loss":0,"event_name":"FaceTrader","floor":7,"gold_loss":0},{"damage_healed":0,"gold_gain":0,"player_choice":"Ignored","damage_taken":0,"max_hp_gain":0,"max_hp_loss":0,"event_name":"Ghosts","floor":19,"gold_loss":0},{"damage_healed":0,"gold_gain":0,"player_choice":"Opened","damage_taken":0,"relics_obtained":["MawBank"],"max_hp_gain":0,"max_hp_loss":0,"event_name":"The Mausoleum","floor":22,"gold_loss":0,"cards_obtained":["Writhe"]},{"damage_healed":0,"gold_gain":100,"player_choice":"Pray","damage_taken":0,"max_hp_gain":0,"max_hp_loss":0,"event_name":"Golden Shrine","floor":29,"gold_loss":0},{"damage_healed":0,"gold_gain":0,"player_choice":"Max HP","damage_taken":0,"max_hp_gain":0,"max_hp_loss":4,"event_name":"Winding Halls","floor":37,"gold_loss":0},{"damage_healed":0,"gold_gain":275,"player_choice":"Desecrate","damage_taken":0,"max_hp_gain":0,"max_hp_loss":0,"event_name":"Golden Shrine","floor":38,"gold_loss":0,"cards_obtained":["Regret"]},{"damage_healed":0,"gold_gain":333,"player_choice":"Gave Idol","damage_taken":0,"max_hp_gain":0,"max_hp_loss":0,"event_name":"The Moai Head","floor":47,"relics_lost":["Golden Idol"],"gold_loss":0}],"is_beta":false,"boss_relics":[{"not_picked":["White Beast Statue","Eternal Feather"],"picked":"Fusion Hammer"},{"not_picked":["Mark of Pain","Black Star"],"picked":"Snecko Eye"}],"items_purged_floors":[20,27,39,45],"is_endless":false,"potions_floor_spawned":[1,3,11,14,18,24,31,35,36,42,46],"ascension_level":0}