{"gold_per_floor":[113,131,149,149,162,162,194,194,194,194,207,237,253,269,269,368,368,386,400,32,32,32,63,63,91,163,163,176,176,176,194,194,293,293,313,313,360,378,33,133,150,169,196,224,261,34,34,45,45,45],"floor_reached":51,"playtime":4041,"items_purged":[],"score":754,"play_id":"3dad85f3-e64f-4431-aa85-413fc329bcd8","local_time":"20190708004906","is_ascension_mode":false,"campfire_choices":[{"data":"Neutralize","floor":6,"key":"SMITH"},{"data":"Well Laid Plans","floor":8,"key":"SMITH"},{"data":"Deadly Poison","floor":10,"key":"SMITH"},{"data":"Strike_G","floor":15,"key":"PURGE"},{"data":"Malaise","floor":24,"key":"SMITH"},{"data":"Crippling Poison","floor":27,"key":"SMITH"},{"data":"Malaise","floor":30,"key":"SMITH"},{"data":"Footwork","floor":32,"key":"SMITH"},{"floor":47,"key":"REST"},{"data":"Footwork","floor":49,"key":"SMITH"}],"neow_cost":"NONE","seed_source_timestamp":1397716333618041,"circlet_count":0,"master_deck":["Survivor","Neutralize+1","Deadly Poison+1","Infinite Blades","Deadly Poison+1","Prepared","Well Laid Plans+1","PiercingWail","Cloak And Dagger","Malaise+1","Slice","Doppelganger","Dagger Spray","All Out Attack","Acrobatics","Well Laid Plans","Malaise+1","Prepared","Sucker Punch","Backflip+1","PiercingWail+1","Crippling Poison+1","Cloak And Dagger","Blur+1","Footwork+1","Malaise","Footwork","Tactician+1","Wraith Form v2","Footwork+1","Leg Sweep+1","Outmaneuver+1","Cloak And Dagger+1","Acrobatics+1","Noxious Fumes","Deflect+1","Dodge and Roll+1"],"relics":["Ring of the Snake","Pantograph","StoneCalendar","Peace Pipe","Pandora\u0027s Box","Ice Cream","Paper Crane","FossilizedHelix","Pear","Orrery","Nunchaku","TwistedFunnel","Bronze Scales","Prayer Wheel","MawBank","Girya","Happy Flower"],"potions_floor_usage":[12,25,37,45,50,50,50],"damage_taken":[{"damage":4,"enemies":"Cultist","floor":1,"turns":5},{"damage":6,"enemies":"Small Slimes","floor":2,"turns":4},{"damage":2,"enemies":"Jaw Worm","floor":3,"turns":4},{"damage":0,"enemies":"2 Fungi Beasts","floor":5,"turns":3},{"damage":16,"enemies":"Gremlin Nob","floor":7,"turns":4},{"damage":0,"enemies":"Blue Slaver","floor":11,"turns":4},{"damage":8,"enemies":"Lagavulin","floor":12,"turns":5},{"damage":2,"enemies":"Looter","floor":13,"turns":3},{"damage":0,"enemies":"Exordium Thugs","floor":14,"turns":5},{"damage":24,"enemies":"The Guardian","floor":16,"turns":9},{"damage":17,"enemies":"2 Thieves","floor":18,"turns":5},{"damage":4,"enemies":"Chosen","floor":19,"turns":6},{"damage":7,"enemies":"Book of Stabbing","floor":23,"turns":7},{"damage":19,"enemies":"Slavers","floor":25,"turns":6},{"damage":0,"enemies":"Snecko","floor":28,"turns":5},{"damage":0,"enemies":"Chosen and Byrds","floor":31,"turns":7},{"damage":0,"enemies":"Champ","floor":33,"turns":21},{"damage":14,"enemies":"3 Darklings","floor":35,"turns":7},{"damage":32,"enemies":"2 Orb Walkers","floor":37,"turns":8},{"damage":15,"enemies":"Orb Walker","floor":38,"turns":5},{"damage":0,"enemies":"Mind Bloom Boss Battle","floor":40,"turns":9},{"damage":14,"enemies":"Spire Growth","floor":41,"turns":7},{"damage":0,"enemies":"Maw","floor":42,"turns":8},{"damage":0,"enemies":"Jaw Worm Horde","floor":44,"turns":3},{"damage":9,"enemies":"Reptomancer","floor":45,"turns":9},{"damage":0,"enemies":"Writhing Mass","floor":48,"turns":7},{"damage":14,"enemies":"Time Eater","floor":50,"turns":17}],"seed_played":"7461098819099938707","potions_obtained":[{"floor":1,"key":"Dexterity Potion"},{"floor":11,"key":"Fruit Juice"},{"floor":12,"key":"SpeedPotion"},{"floor":13,"key":"FearPotion"},{"floor":23,"key":"Strength Potion"},{"floor":25,"key":"PowerPotion"},{"floor":40,"key":"Fire Potion"},{"floor":41,"key":"SkillPotion"},{"floor":42,"key":"LiquidBronze"}],"is_trial":false,"path_per_floor":["M","M","M","?","M","R","E","R","T","R","M","E","M","M","R","B",null,"M","M","$","?","$","E","R","E","T","R","M","?","R","M","R","B",null,"M","?","?","M","$","?","M","M","T","M","E","$","R","M","R","B",null],"character_chosen":"THE_SILENT","items_purchased":["Ice Cream","Crippling Poison","TwistedFunnel","Bronze Scales","Noxious Fumes","Happy Flower","Strength Potion"],"campfire_rested":1,"item_purchase_floors":[20,20,39,39,46,46,46],"current_hp_per_floor":[66,60,58,58,58,58,42,42,42,42,42,39,37,37,37,38,75,58,54,54,54,54,47,47,28,38,38,38,38,38,38,38,63,85,71,71,39,24,24,49,35,35,35,35,26,26,50,50,50,61],"gold":45,"neow_bonus":"THREE_CARDS","is_prod":false,"is_daily":false,"chose_seed":false,"campfire_upgraded":8,"win_rate":1,"timestamp":1562514546,"path_taken":["M","?","M","?","?","R","E","R","T","R","?","E","M","M","R","BOSS","M","M","$","?","$","E","R","E","T","R","M","?","R","M","R","BOSS","M","?","?","M","$","?","M","M","T","M","E","$","R","M","R","BOSS"],"build_version":"2019-07-05","purchased_purges":0,"victory":true,"max_hp_per_floor":[70,70,70,70,70,70,70,70,70,70,70,75,75,75,75,75,75,75,75,75,75,75,75,75,75,85,85,85,85,85,85,85,85,85,85,81,81,81,81,81,81,81,81,81,81,81,81,81,81,81],"card_choices":[{"not_picked":["PiercingWail","Dodge and Roll"],"picked":"Deadly Poison","floor":0},{"not_picked":["Deflect","Cloak And Dagger"],"picked":"Infinite Blades","floor":1},{"not_picked":["Dodge and Roll","Distraction"],"picked":"Deadly Poison","floor":2},{"not_picked":["Poisoned Stab","Deflect"],"picked":"Masterful Stab","floor":3},{"not_picked":["Tactician","Quick Slash"],"picked":"Prepared","floor":5},{"not_picked":["Outmaneuver","Leg Sweep"],"picked":"Well Laid Plans","floor":7},{"not_picked":["Calculated Gamble","All Out Attack","Dagger Throw"],"picked":"SKIP","floor":11},{"not_picked":["Acrobatics","Night Terror"],"picked":"PiercingWail","floor":12},{"not_picked":["Masterful Stab","Underhanded Strike","Riddle With Holes"],"picked":"SKIP","floor":13},{"not_picked":["Outmaneuver","Prepared"],"picked":"Cloak And Dagger","floor":14},{"not_picked":["Glass Knife","Burst"],"picked":"Malaise","floor":16},{"not_picked":["Prepared","Blur"],"picked":"Backflip+1","floor":18},{"not_picked":["Tactician+1","Heel Hook"],"picked":"PiercingWail+1","floor":19},{"not_picked":["Unload","Poisoned Stab","Endless Agony"],"picked":"SKIP","floor":23},{"not_picked":["Accuracy","Underhanded Strike"],"picked":"Cloak And Dagger","floor":25},{"not_picked":["Cloak And Dagger","Caltrops"],"picked":"Blur+1","floor":28},{"not_picked":["Choke","Dodge and Roll"],"picked":"Footwork","floor":31},{"not_picked":["Wraith Form v2","Bullet Time"],"picked":"Malaise","floor":33},{"not_picked":["Quick Slash+1","Infinite Blades"],"picked":"Footwork","floor":34},{"not_picked":["Blade Dance","Sucker Punch+1"],"picked":"Tactician+1","floor":34},{"not_picked":["Dagger Throw","Infinite Blades","Underhanded Strike"],"picked":"SKIP","floor":35},{"not_picked":["Deadly Poison","Cloak And Dagger+1"],"picked":"Wraith Form v2","floor":37},{"not_picked":["Underhanded Strike","Dagger Throw"],"picked":"Footwork","floor":38},{"not_picked":["Flying Knee","Dagger Throw+1","Dagger Spray"],"picked":"SKIP","floor":41},{"not_picked":["Accuracy+1","Masterful Stab+1","Poisoned Stab+1"],"picked":"SKIP","floor":41},{"not_picked":["Calculated Gamble+1","Skewer"],"picked":"Leg Sweep+1","floor":42},{"not_picked":["Prepared+1","Crippling Poison"],"picked":"Outmaneuver+1","floor":42},{"not_picked":["Prepared+1","Dagger Spray+1"],"picked":"Cloak And Dagger+1","floor":44},{"not_picked":["Deadly Poison+1","Corpse Explosion","PiercingWail+1"],"picked":"SKIP","floor":44},{"not_picked":["Terror+1","Unload"],"picked":"Acrobatics+1","floor":45},{"not_picked":["Flying Knee+1","Dagger Spray"],"picked":"Deflect+1","floor":48},{"not_picked":["Deflect+1","Prepared"],"picked":"Dodge and Roll+1","floor":48}],"player_experience":49539,"relics_obtained":[{"floor":7,"key":"Pantograph"},{"floor":9,"key":"StoneCalendar"},{"floor":12,"key":"Peace Pipe"},{"floor":23,"key":"Paper Crane"},{"floor":25,"key":"FossilizedHelix"},{"floor":26,"key":"Pear"},{"floor":37,"key":"Nunchaku"},{"floor":40,"key":"Prayer Wheel"},{"floor":43,"key":"MawBank"},{"floor":45,"key":"Girya"}],"event_choices":[{"damage_healed":0,"gold_gain":0,"player_choice":"Upgraded","damage_taken":0,"max_hp_gain":0,"max_hp_loss":0,"event_name":"Upgrade Shrine","floor":4,"gold_loss":0,"cards_upgraded":["Deadly Poison"]},{"damage_healed":0,"gold_gain":0,"player_choice":"Ignored","damage_taken":0,"max_hp_gain":0,"max_hp_loss":0,"event_name":"Vampires","floor":21,"gold_loss":0},{"cards_removed":["Masterful Stab"],"damage_healed":0,"gold_gain":0,"player_choice":"Elegance","damage_taken":0,"max_hp_gain":0,"max_hp_loss":0,"event_name":"Back to Basics","floor":29,"gold_loss":0},{"damage_healed":0,"gold_gain":0,"player_choice":"Max HP","damage_taken":0,"max_hp_gain":0,"max_hp_loss":4,"event_name":"Winding Halls","floor":36,"gold_loss":0},{"damage_healed":0,"gold_gain":0,"player_choice":"Fight","damage_taken":0,"max_hp_gain":0,"max_hp_loss":0,"event_name":"Mysterious Sphere","floor":37,"gold_loss":0},{"damage_healed":0,"gold_gain":0,"player_choice":"Fight","damage_taken":0,"max_hp_gain":0,"max_hp_loss":0,"event_name":"MindBloom","floor":40,"gold_loss":0}],"is_beta":false,"boss_relics":[{"not_picked":["White Beast Statue","Astrolabe"],"picked":"Pandora\u0027s Box"},{"not_picked":["HoveringKite","Eternal Feather"],"picked":"Orrery"}],"items_purged_floors":[],"is_endless":false,"potions_floor_spawned":[1,11,12,13,14,23,25,28,33,40,41,42,44,48],"ascension_level":0}