{"gold_per_floor":[119,119,42,67,80,110,120,131,158,158,233,265,278,312,312,383,383,397,427,427,24,94,94,121,121,121,121,137,137,164,184,184,184],"floor_reached":33,"playtime":1145,"items_purged":["Strike_B+1"],"score":652,"play_id":"1609f908-14af-42a0-85de-3a9cd57d0860","local_time":"20190815115959","is_ascension_mode":true,"campfire_choices":[{"data":"Zap","floor":10.0,"key":"SMITH"},{"data":"Recycle","floor":15.0,"key":"SMITH"},{"data":"Go for the Eyes","floor":23.0,"key":"SMITH"},{"floor":27,"key":"REST"},{"data":"Recycle","floor":29,"key":"SMITH"},{"data":"Fission","floor":32,"key":"SMITH"}],"neow_cost":"NONE","seed_source_timestamp":89619237831200,"circlet_count":0,"master_deck":["AscendersBane","Strike_B+1","Strike_B+1","Strike_B+1","Defend_B+1","Defend_B+1","Defend_B+1","Defend_B+1","Zap+1","Dualcast+1","Cold Snap","Sunder","Lockon","Cold Snap","Go for the Eyes+1","Ball Lightning","Streamline","Capacitor","Recycle+1","Electrodynamics","Capacitor+1","Coolheaded+1","Rip and Tear","Clumsy","White Noise+1","Writhe","Shame","Recycle+1","Fission+1"],"special_seed":0,"relics":["Cracked Core","NeowsBlessing","Bag of Marbles","Meat on the Bone","Vajra","Du-Vu Doll","Cursed Key","Red Mask","Membership Card","Tiny Chest","Pear","War Paint","Bag of Preparation","Gremlin Horn","Bottled Lightning"],"potions_floor_usage":[24,33,33],"damage_taken":[{"damage":0.0,"enemies":"Cultist","floor":1.0,"turns":1.0},{"damage":0.0,"enemies":"Jaw Worm","floor":5.0,"turns":1.0},{"damage":0.0,"enemies":"Gremlin Nob","floor":6.0,"turns":1.0},{"damage":0.0,"enemies":"Small Slimes","floor":7.0,"turns":1.0},{"damage":5.0,"enemies":"Blue Slaver","floor":8.0,"turns":3.0},{"damage":15.0,"enemies":"3 Sentries","floor":12.0,"turns":6.0},{"damage":0.0,"enemies":"2 Fungi Beasts","floor":13.0,"turns":2.0},{"damage":8.0,"enemies":"Gremlin Nob","floor":14.0,"turns":3.0},{"damage":10.0,"enemies":"Slime Boss","floor":16.0,"turns":6.0},{"damage":0.0,"enemies":"Chosen","floor":18.0,"turns":2.0},{"damage":15.0,"enemies":"Masked Bandits","floor":19.0,"turns":3.0},{"damage":35,"enemies":"Book of Stabbing","floor":24,"turns":5},{"damage":3,"enemies":"Spheric Guardian","floor":28,"turns":3},{"damage":31,"enemies":"Gremlin Leader","floor":30,"turns":3},{"damage":0,"enemies":"3 Cultists","floor":31,"turns":3},{"damage":47,"enemies":"Automaton","floor":33,"turns":6}],"seed_played":"3206254195495717137","potions_obtained":[{"floor":2.0,"key":"SmokeBomb"},{"floor":2.0,"key":"Swift Potion"},{"floor":6.0,"key":"SteroidPotion"},{"floor":7.0,"key":"Regen Potion"},{"floor":13.0,"key":"Weak Potion"},{"floor":14.0,"key":"Dexterity Potion"},{"floor":16.0,"key":"Explosive Potion"},{"floor":18.0,"key":"PowerPotion"},{"floor":24,"key":"PowerPotion"}],"is_trial":false,"path_per_floor":["M","?","$","T","M","E","M","M","T","R","?","E","M","E","R","B",null,"M","?","?","$","T","R","E","?","T","R","M","R","E","M","R","B"],"character_chosen":"DEFECT","items_purchased":["Sunder","Membership Card","Tiny Chest","Fruit Juice","Explosive Potion","Rip and Tear"],"campfire_rested":1,"item_purchase_floors":[3,21,21,21,21,21],"current_hp_per_floor":[64,64,64,64,64,64,64,59,59,59,48,48,48,40,40,42,64,64,49,49,49,59,59,41,41,41,66,63,63,44,44,44,0],"gold":184,"neow_bonus":"THREE_ENEMY_KILL","is_prod":false,"is_daily":false,"chose_seed":false,"campfire_upgraded":5,"win_rate":0,"timestamp":1565884799,"path_taken":["M","?","$","?","?","E","M","M","T","R","?","E","M","E","R","BOSS","M","?","?","$","?","R","E","?","T","R","?","R","E","M","R","BOSS"],"build_version":"2019-07-17","purchased_purges":1,"victory":false,"max_hp_per_floor":[71,71,71,71,71,71,71,71,71,71,71,71,71,71,71,71,71,71,71,71,71,81,81,86,86,86,86,86,86,86,86,86,86],"card_choices":[{"not_picked":["Sweeping Beam","Fusion"],"picked":"Cold Snap","floor":1.0},{"not_picked":["White Noise","Darkness"],"picked":"Lockon","floor":5.0},{"not_picked":["Barrage","Rip and Tear"],"picked":"Cold Snap","floor":6.0},{"not_picked":["Gash","Meteor Strike"],"picked":"Go for the Eyes","floor":7.0},{"not_picked":["Glacier","Steam"],"picked":"Ball Lightning","floor":8.0},{"not_picked":["Conserve Battery","White Noise"],"picked":"Streamline","floor":12.0},{"not_picked":["Scrape","Chaos"],"picked":"Capacitor","floor":13.0},{"not_picked":["Reprogram","Sweeping Beam"],"picked":"Recycle","floor":14.0},{"not_picked":["Hyperbeam","Creative AI"],"picked":"Electrodynamics","floor":16.0},{"not_picked":["Conserve Battery","Storm"],"picked":"Capacitor+1","floor":18.0},{"not_picked":["Compile Driver","Go for the Eyes"],"picked":"Coolheaded+1","floor":19.0},{"not_picked":["Chill","Redo"],"picked":"White Noise+1","floor":24},{"not_picked":["Gash+1","Leap"],"picked":"Recycle","floor":28},{"not_picked":["Steam Power+1","Auto Shields"],"picked":"Fission","floor":30},{"not_picked":["Steam","Redo+1","Rebound"],"picked":"SKIP","floor":31}],"player_experience":1480082,"relics_obtained":[{"floor":4.0,"key":"Bag of Marbles"},{"floor":6.0,"key":"Meat on the Bone"},{"floor":9.0,"key":"Vajra"},{"floor":12.0,"key":"Du-Vu Doll"},{"floor":19.0,"key":"Red Mask"},{"floor":22.0,"key":"Pear"},{"floor":24,"key":"War Paint"},{"floor":26,"key":"Gremlin Horn"},{"floor":30,"key":"Bottled Lightning"}],"event_choices":[{"damage_healed":0.0,"max_hp_gain":0.0,"max_hp_loss":0.0,"gold_gain":0.0,"event_name":"Lab","player_choice":"Got Potions","floor":2.0,"gold_loss":0.0,"damage_taken":0.0},{"damage_healed":0.0,"max_hp_gain":0.0,"max_hp_loss":0.0,"gold_gain":75.0,"event_name":"World of Goop","player_choice":"Gather Gold","floor":11.0,"gold_loss":0.0,"damage_taken":11.0},{"damage_healed":0.0,"max_hp_gain":0.0,"max_hp_loss":0.0,"gold_gain":0.0,"event_name":"Masked Bandits","player_choice":"Fought Bandits","floor":19.0,"gold_loss":0.0,"damage_taken":0.0},{"damage_healed":0.0,"max_hp_gain":0.0,"max_hp_loss":0.0,"gold_gain":0.0,"event_name":"Back to Basics","player_choice":"Simplicity","floor":20.0,"gold_loss":0.0,"damage_taken":0.0,"cards_upgraded":["Strike_B","Strike_B","Strike_B","Strike_B","Defend_B","Defend_B","Defend_B","Defend_B"]},{"damage_healed":0,"gold_gain":0,"player_choice":"Opened","damage_taken":0,"relics_obtained":["Bag of Preparation"],"max_hp_gain":0,"max_hp_loss":0,"event_name":"The Mausoleum","floor":25,"gold_loss":0,"cards_obtained":["Writhe"]}],"is_beta":false,"boss_relics":[{"not_picked":["Orrery","Velvet Choker"],"picked":"Cursed Key"}],"items_purged_floors":[21],"is_endless":false,"potions_floor_spawned":[6,7,13,14,16,18,24,31],"killed_by":"Automaton","ascension_level":20}