{"gold_per_floor":[113,113,2,19,39,39,64,64,90,120,181,208,4,15,15,92,92,107,122,122,122,134,134,167,167,167,198,198,198,198,228,228,307,307,319,99,99,49,66,66,76,101,125,125,460,460,59,59,59,59,59,59,59,9,44,44],"floor_reached":56,"playtime":3374,"items_purged":["Strike_G+1","Strike_G+1","Parasite","Strike_G+1"],"score":2030,"play_id":"e0b898ff-cfc1-45b5-bfbb-078856d8ecb2","local_time":"20190717233426","is_ascension_mode":true,"campfire_choices":[{"data":"Noxious Fumes","floor":6.0,"key":"SMITH"},{"floor":8.0,"key":"REST"},{"floor":15.0,"key":"REST"},{"data":"Malaise","floor":23.0,"key":"SMITH"},{"data":"Caltrops","floor":25.0,"key":"SMITH"},{"data":"Deadly Poison","floor":28.0,"key":"SMITH"},{"data":"Leg Sweep","floor":32.0,"key":"SMITH"},{"data":"Adrenaline","floor":40.0,"key":"SMITH"},{"floor":44.0,"key":"RECALL"},{"data":"Well Laid Plans","floor":49,"key":"SMITH"},{"data":"Dark Shackles","floor":53,"key":"SMITH"}],"neow_cost":"NONE","seed_source_timestamp":281106920953000,"circlet_count":0,"master_deck":["AscendersBane","Defend_G+1","Defend_G+1","Defend_G+1","Defend_G+1","Defend_G+1","Survivor","Neutralize","Deadly Poison+1","Caltrops+1","Noxious Fumes+1","Cloak And Dagger","Leg Sweep+1","Backflip","Malaise+1","PiercingWail","Calculated Gamble+1","Backflip+1","Adrenaline+1","Escape Plan","Well Laid Plans+1","Deflect","Dark Shackles+1","Deadly Poison","Acrobatics","Corpse Explosion"],"special_seed":0,"relics":["Ring of the Snake","Omamori","Ancient Tea Set","Ginger","PreservedInsect","Regal Pillow","Art of War","MawBank","Oddly Smooth Stone","Coffee Dripper","Happy Flower","The Courier","Question Card","Matryoshka","Smiling Mask","Empty Cage","Pen Nib","Boot","Old Coin","Lee\u0027s Waffle","Lantern","Ornamental Fan"],"potions_floor_usage":[50,50],"damage_taken":[{"damage":1.0,"enemies":"Cultist","floor":1.0,"turns":5.0},{"damage":0.0,"enemies":"Jaw Worm","floor":4.0,"turns":5.0},{"damage":1.0,"enemies":"Small Slimes","floor":5.0,"turns":5.0},{"damage":30.0,"enemies":"Gremlin Nob","floor":7.0,"turns":4.0},{"damage":5.0,"enemies":"3 Sentries","floor":10.0,"turns":6.0},{"damage":22.0,"enemies":"Gremlin Nob","floor":11.0,"turns":4.0},{"damage":0.0,"enemies":"Looter","floor":14.0,"turns":4.0},{"damage":20.0,"enemies":"The Guardian","floor":16.0,"turns":10.0},{"damage":4.0,"enemies":"Chosen","floor":18.0,"turns":6.0},{"damage":6.0,"enemies":"3 Byrds","floor":19.0,"turns":4.0},{"damage":0.0,"enemies":"Snake Plant","floor":22.0,"turns":8.0},{"damage":18.0,"enemies":"Gremlin Leader","floor":24.0,"turns":9.0},{"damage":2.0,"enemies":"Slavers","floor":27.0,"turns":5.0},{"damage":2.0,"enemies":"Gremlin Leader","floor":31.0,"turns":7.0},{"damage":13.0,"enemies":"Automaton","floor":33.0,"turns":12.0},{"damage":3.0,"enemies":"3 Shapes","floor":35.0,"turns":7.0},{"damage":0.0,"enemies":"3 Darklings","floor":39.0,"turns":6.0},{"damage":0.0,"enemies":"Writhing Mass","floor":41.0,"turns":8.0},{"damage":44.0,"enemies":"Giant Head","floor":42.0,"turns":12.0},{"damage":2.0,"enemies":"Nemesis","floor":45.0,"turns":9.0},{"damage":0,"enemies":"Awakened One","floor":50,"turns":25},{"damage":8,"enemies":"Donu and Deca","floor":51,"turns":10},{"damage":10,"enemies":"Shield and Spear","floor":55,"turns":7},{"damage":67,"enemies":"The Heart","floor":56,"turns":5}],"seed_played":"-1836694154013782903","potions_obtained":[{"floor":7.0,"key":"FearPotion"},{"floor":14.0,"key":"Strength Potion"},{"floor":16.0,"key":"GamblersBrew"},{"floor":18.0,"key":"Fire Potion"},{"floor":31.0,"key":"Swift Potion"},{"floor":33.0,"key":"Weak Potion"},{"floor":39.0,"key":"Strength Potion"},{"floor":45.0,"key":"Swift Potion"}],"is_trial":false,"path_per_floor":["M","?","$","M","M","R","E","R","T","E","?","T","$","M","R","B",null,"M","M","?","?","M","R","E","R","T","E","R","?","?","E","R","B",null,"M","$","?","$","M","R","M","E","T","R","E","?","$","?","R","B","B",null,"R","$","E","B"],"character_chosen":"THE_SILENT","items_purchased":["Fire Potion","Explosive Potion","Oddly Smooth Stone","Explosive Potion","Escape Plan","Well Laid Plans","Deflect","Lee\u0027s Waffle","Lantern","SkillPotion"],"campfire_rested":2,"item_purchase_floors":[3,3,13,13,36,36,36,47,47,47],"current_hp_per_floor":[58,40,40,40,39,39,9,28,28,23,1,1,1,1,35,15,53,49,43,43,56,56,56,38,38,38,36,36,36,36,34,34,21,55,52,52,52,52,52,52,52,8,8,8,6,6,70,66,66,66,58,64,64,64,54,0],"gold":44,"neow_bonus":"RANDOM_COMMON_RELIC","is_prod":false,"is_daily":false,"chose_seed":false,"campfire_upgraded":8,"win_rate":0,"timestamp":1563420866,"path_taken":["M","?","$","M","M","R","E","R","T","E","?","?","$","M","R","BOSS","M","M","?","?","M","R","E","R","T","E","R","?","?","E","R","BOSS","M","$","?","$","M","R","M","E","T","R","E","?","$","?","R","BOSS","BOSS","R","$","E","BOSS"],"build_version":"2019-07-17","purchased_purges":4,"victory":false,"max_hp_per_floor":[66,66,66,66,66,66,66,66,66,66,66,66,66,66,66,66,66,66,66,66,66,66,66,66,66,66,66,66,66,66,66,66,66,66,66,66,66,66,66,66,66,66,66,66,66,66,70,66,66,66,66,66,66,66,66,66],"card_choices":[{"not_picked":["Backflip","Skewer"],"picked":"Deadly Poison","floor":1.0},{"not_picked":["Dagger Throw","Setup"],"picked":"Caltrops","floor":4.0},{"not_picked":["Quick Slash","Riddle With Holes"],"picked":"Noxious Fumes","floor":5.0},{"not_picked":["Underhanded Strike","Finisher"],"picked":"Cloak And Dagger","floor":7.0},{"not_picked":["Underhanded Strike","Choke"],"picked":"Leg Sweep","floor":10.0},{"not_picked":["Finisher","Dagger Throw"],"picked":"Backflip","floor":14.0},{"not_picked":["Burst","Storm of Steel"],"picked":"Malaise","floor":16.0},{"not_picked":["Sucker Punch","Setup+1"],"picked":"PiercingWail","floor":18.0},{"not_picked":["Predator","PiercingWail"],"picked":"Calculated Gamble+1","floor":19.0},{"not_picked":["Leg Sweep","Slice"],"picked":"Backflip+1","floor":22.0},{"not_picked":["Outmaneuver","Flying Knee","Slice+1"],"picked":"SKIP","floor":24.0},{"not_picked":["Eviscerate","Sucker Punch","Dagger Spray"],"picked":"SKIP","floor":27.0},{"not_picked":["Caltrops","Dagger Throw","Heel Hook","Backstab"],"picked":"SKIP","floor":31.0},{"not_picked":["Doppelganger","Venomology","Tools of the Trade"],"picked":"Adrenaline","floor":33.0},{"not_picked":["Poisoned Stab","Backflip","Masterful Stab+1","Outmaneuver"],"picked":"SKIP","floor":35.0},{"not_picked":["Purity","HandOfGreed","Blind"],"picked":"Dark Shackles","floor":37.0},{"not_picked":["Infinite Blades","Dodge and Roll","Finisher"],"picked":"Deadly Poison","floor":39.0},{"not_picked":["Bane+1","Deflect","Dagger Spray","Blade Dance"],"picked":"SKIP","floor":41.0},{"not_picked":["Eviscerate","Quick Slash+1","Choke+1"],"picked":"Acrobatics","floor":42.0},{"not_picked":["Acrobatics","Backflip","Masterful Stab"],"picked":"Corpse Explosion","floor":45.0},{"not_picked":["Heel Hook","Quick Slash","Concentrate","Riddle With Holes"],"picked":"SKIP","floor":55}],"player_experience":1365591,"relics_obtained":[{"floor":7.0,"key":"Ginger"},{"floor":9.0,"key":"PreservedInsect"},{"floor":10.0,"key":"Regal Pillow"},{"floor":11.0,"key":"Art of War"},{"floor":12.0,"key":"MawBank"},{"floor":24.0,"key":"Happy Flower"},{"floor":26.0,"key":"The Courier"},{"floor":27.0,"key":"Question Card"},{"floor":31.0,"key":"Smiling Mask"},{"floor":42.0,"key":"Pen Nib"},{"floor":43.0,"key":"Boot"},{"floor":45.0,"key":"Old Coin"},{"floor":55,"key":"Ornamental Fan"}],"event_choices":[{"damage_healed":0.0,"max_hp_gain":0.0,"max_hp_loss":0.0,"gold_gain":0.0,"event_name":"Scrap Ooze","player_choice":"Success","floor":2.0,"gold_loss":0.0,"damage_taken":18.0,"relics_obtained":["Ancient Tea Set"]},{"damage_healed":0.0,"max_hp_gain":0.0,"max_hp_loss":0.0,"gold_gain":0.0,"event_name":"Dead Adventurer","player_choice":"Searched \u00271\u0027 times","floor":11.0,"gold_loss":0.0,"damage_taken":0.0},{"damage_healed":0.0,"max_hp_gain":0.0,"max_hp_loss":0.0,"gold_gain":0.0,"event_name":"Back to Basics","player_choice":"Simplicity","floor":20.0,"gold_loss":0.0,"damage_taken":0.0,"cards_upgraded":["Strike_G","Strike_G","Strike_G","Strike_G","Strike_G","Defend_G","Defend_G","Defend_G","Defend_G","Defend_G"]},{"damage_healed":13.0,"max_hp_gain":0.0,"max_hp_loss":0.0,"gold_gain":0.0,"event_name":"The Library","player_choice":"Heal","floor":21.0,"gold_loss":0.0,"damage_taken":0.0},{"damage_healed":0.0,"max_hp_gain":0.0,"max_hp_loss":0.0,"gold_gain":0.0,"event_name":"Forgotten Altar","player_choice":"Smashed Altar","floor":29.0,"gold_loss":0.0,"damage_taken":0.0,"cards_obtained":["Decay"]},{"damage_healed":0.0,"max_hp_gain":0.0,"max_hp_loss":0.0,"gold_gain":0.0,"event_name":"The Mausoleum","player_choice":"Opened","floor":30.0,"gold_loss":0.0,"damage_taken":0.0,"relics_obtained":["Matryoshka"],"cards_obtained":["Writhe"]},{"damage_healed":0.0,"max_hp_gain":0.0,"max_hp_loss":0.0,"gold_gain":0.0,"event_name":"SensoryStone","player_choice":"Memory 1","floor":37.0,"gold_loss":0.0,"damage_taken":0.0},{"damage_healed":0,"gold_gain":0,"player_choice":"Ignored","damage_taken":0,"max_hp_gain":0,"max_hp_loss":0,"event_name":"Mysterious Sphere","floor":46,"gold_loss":0},{"damage_healed":0,"gold_gain":0,"player_choice":"Max HP","damage_taken":0,"max_hp_gain":0,"max_hp_loss":4,"event_name":"Winding Halls","floor":48,"gold_loss":0}],"is_beta":false,"boss_relics":[{"not_picked":["Ring of the Serpent","Orrery"],"picked":"Coffee Dripper"},{"not_picked":["Runic Pyramid","Snecko Eye"],"picked":"Empty Cage"}],"items_purged_floors":[36,38,47,54],"is_endless":false,"potions_floor_spawned":[7,14,16,18,31,33,39,45],"killed_by":"The Heart","ascension_level":20}