{"gold_per_floor":[209,224,224,1,20,20,55,72,72,72,99,24,40,58,58,137,137,148,148,48,67,67,67,86,101,182,194,211,211,11,11],"floor_reached":31,"playtime":1596,"items_purged":["Strike_B","Strike_B","Strike_B"],"score":498,"play_id":"55e6e08e-8616-4a5d-b720-8d12c509692a","local_time":"20190613152154","is_ascension_mode":true,"campfire_choices":[{"data":"Consume","floor":6.0,"key":"SMITH"},{"data":"Zap","floor":10.0,"key":"SMITH"},{"data":"Defragment","floor":15.0,"key":"SMITH"},{"data":"Coolheaded","floor":23.0,"key":"SMITH"},{"data":"Go for the Eyes","floor":29.0,"key":"SMITH"}],"neow_cost":"NONE","seed_source_timestamp":19018187455300,"circlet_count":0,"master_deck":["AscendersBane","Strike_B","Defend_B","Defend_B","Defend_B","Defend_B","Zap+1","Dualcast","Consume+1","Ball Lightning","Ball Lightning","Coolheaded+1","Cold Snap","Defragment+1","Go for the Eyes+1","Loop","Echo Form","White Noise+1","Sweeping Beam","Capacitor"],"special_seed":0,"relics":["Cracked Core","ClockworkSouvenir","Pear","Sundial","Gremlin Horn","Coffee Dripper"],"potions_floor_usage":[31],"damage_taken":[{"damage":0.0,"enemies":"2 Louse","floor":1.0,"turns":4.0},{"damage":11.0,"enemies":"Small Slimes","floor":2.0,"turns":4.0},{"damage":0.0,"enemies":"Jaw Worm","floor":5.0,"turns":3.0},{"damage":10.0,"enemies":"3 Sentries","floor":7.0,"turns":5.0},{"damage":9.0,"enemies":"Red Slaver","floor":8.0,"turns":2.0},{"damage":20.0,"enemies":"Gremlin Nob","floor":11.0,"turns":4.0},{"damage":13.0,"enemies":"Large Slime","floor":13.0,"turns":4.0},{"damage":5.0,"enemies":"Lots of Slimes","floor":14.0,"turns":3.0},{"damage":1.0,"enemies":"Hexaghost","floor":16.0,"turns":8.0},{"damage":16.0,"enemies":"Shell Parasite","floor":18.0,"turns":7.0},{"damage":6.0,"enemies":"Spheric Guardian","floor":21.0,"turns":5.0},{"damage":11.0,"enemies":"Centurion and Healer","floor":24.0,"turns":6.0},{"damage":11.0,"enemies":"Shelled Parasite and Fungi","floor":25.0,"turns":5.0},{"damage":6.0,"enemies":"Snake Plant","floor":27.0,"turns":5.0},{"damage":10.0,"enemies":"Centurion and Healer","floor":28.0,"turns":6.0},{"damage":30,"enemies":"Shelled Parasite and Fungi","floor":31,"turns":3}],"seed_played":"3246238628445674540","potions_obtained":[{"floor":2.0,"key":"SteroidPotion"},{"floor":8.0,"key":"SpeedPotion"},{"floor":14.0,"key":"Regen Potion"},{"floor":25.0,"key":"Weak Potion"},{"floor":28.0,"key":"EssenceOfSteel"}],"is_trial":false,"path_per_floor":["M","M","?","$","M","R","E","M","T","R","E","$","M","M","R","B",null,"M","?","$","M","?","R","M","M","T","M","M","R","$","M"],"character_chosen":"DEFECT","items_purchased":["ClockworkSouvenir","Capacitor"],"campfire_rested":0,"item_purchase_floors":[4,30],"current_hp_per_floor":[64,53,58,58,58,58,58,49,49,49,29,29,16,11,11,10,67,66,66,66,60,60,60,49,38,38,32,22,22,22,0],"gold":11,"neow_bonus":"HUNDRED_GOLD","is_prod":false,"is_daily":false,"chose_seed":false,"campfire_upgraded":5,"win_rate":0,"timestamp":1560453714,"path_taken":["M","M","?","$","M","R","E","M","T","R","E","$","M","M","R","BOSS","M","?","$","M","?","R","M","M","T","M","M","R","?","M"],"build_version":"2019-01-23","purchased_purges":3,"victory":false,"max_hp_per_floor":[71,71,76,76,76,76,86,86,86,86,86,86,86,86,86,86,86,86,86,86,86,86,86,86,86,86,86,86,86,86,86],"card_choices":[{"not_picked":["Turbo","Darkness"],"picked":"Consume","floor":1.0},{"not_picked":["FTL","Coolheaded"],"picked":"Ball Lightning","floor":2.0},{"not_picked":["Storm","Barrage"],"picked":"Ball Lightning","floor":5.0},{"not_picked":["Doom and Gloom","Rip and Tear"],"picked":"Coolheaded","floor":7.0},{"not_picked":["Reinforced Body","Hologram"],"picked":"Cold Snap","floor":8.0},{"not_picked":["Rip and Tear","Double Energy"],"picked":"Defragment","floor":11.0},{"not_picked":["Scrape","Heatsinks"],"picked":"Go for the Eyes","floor":13.0},{"not_picked":["Recycle","Steam Power"],"picked":"Loop","floor":14.0},{"not_picked":["Reboot","Rainbow"],"picked":"Echo Form","floor":16.0},{"not_picked":["Redo","Force Field","Gash"],"picked":"SKIP","floor":18.0},{"not_picked":["Redo","Gash"],"picked":"White Noise+1","floor":21.0},{"not_picked":["Storm","Leap","Go for the Eyes"],"picked":"SKIP","floor":24.0},{"not_picked":["Reinforced Body","Static Discharge"],"picked":"Sweeping Beam","floor":25.0},{"not_picked":["Darkness","Ball Lightning","Steam Power"],"picked":"SKIP","floor":27.0},{"not_picked":["Heatsinks","Hyperbeam","BootSequence"],"picked":"SKIP","floor":28.0}],"player_experience":1174193,"relics_obtained":[{"floor":7.0,"key":"Pear"},{"floor":9.0,"key":"Sundial"},{"floor":11.0,"key":"Gremlin Horn"}],"event_choices":[{"damage_healed":0.0,"max_hp_gain":5.0,"max_hp_loss":0.0,"gold_gain":0.0,"event_name":"Big Fish","player_choice":"Donut","floor":3.0,"gold_loss":0.0,"damage_taken":0.0},{"damage_healed":0.0,"max_hp_gain":0.0,"max_hp_loss":0.0,"gold_gain":0.0,"event_name":"Vampires","player_choice":"Ignored","floor":19.0,"gold_loss":0.0,"damage_taken":0.0},{"damage_healed":0.0,"max_hp_gain":0.0,"max_hp_loss":0.0,"gold_gain":0.0,"event_name":"Beggar","player_choice":"Ignored","floor":22.0,"gold_loss":0.0,"damage_taken":0.0}],"is_beta":false,"boss_relics":[{"not_picked":["Velvet Choker","White Beast Statue"],"picked":"Coffee Dripper"}],"items_purged_floors":[12,20,30],"is_endless":false,"potions_floor_spawned":[2,8,14,25,28],"killed_by":"Shelled Parasite and Fungi","ascension_level":20}