{"gold_per_floor":[113,127,47,67,67,67,96,111,111,111,111],"floor_reached":11,"playtime":543,"items_purged":[],"score":146,"play_id":"c13e5f0d-357f-4868-8868-c5ba3033e7f5","local_time":"20190615105417","is_ascension_mode":true,"campfire_choices":[{"data":"Neutralize","floor":6.0,"key":"SMITH"}],"neow_cost":"NONE","seed_source_timestamp":88324614843500,"circlet_count":0,"master_deck":["AscendersBane","Defend_G","Defend_G","Defend_G","Defend_G","Defend_G","Strike_G","Strike_G","Strike_G","Strike_G","Strike_G","Survivor","Neutralize+1","Dash","Flechettes","Sucker Punch","Footwork","Deadly Poison+1","Calculated Gamble"],"special_seed":0,"relics":["Ring of the Snake","Oddly Smooth Stone","Pear"],"potions_floor_usage":[],"damage_taken":[{"damage":4.0,"enemies":"Small Slimes","floor":1.0,"turns":4.0},{"damage":4.0,"enemies":"Jaw Worm","floor":2.0,"turns":4.0},{"damage":0.0,"enemies":"Cultist","floor":4.0,"turns":4.0},{"damage":37.0,"enemies":"Gremlin Nob","floor":7.0,"turns":5.0},{"damage":1,"enemies":"Large Slime","floor":8,"turns":8},{"damage":14,"enemies":"3 Sentries","floor":11,"turns":5}],"seed_played":"1151158032430448338","potions_obtained":[{"floor":2.0,"key":"SkillPotion"},{"floor":4.0,"key":"SteroidPotion"}],"is_trial":false,"path_per_floor":["M","M","$","M","?","R","E","M","T","?","E"],"character_chosen":"THE_SILENT","items_purchased":["Footwork"],"campfire_rested":0,"item_purchase_floors":[3],"current_hp_per_floor":[55,51,51,51,51,51,14,13,23,12,0],"gold":111,"neow_bonus":"THREE_CARDS","is_prod":false,"is_daily":false,"chose_seed":false,"campfire_upgraded":1,"win_rate":0,"timestamp":1560610457,"path_taken":["M","M","$","M","?","R","E","M","T","?","E"],"build_version":"2019-01-23","purchased_purges":0,"victory":false,"max_hp_per_floor":[66,66,66,66,66,66,66,66,76,76,76],"card_choices":[{"not_picked":["Cloak And Dagger","Sucker Punch"],"picked":"Dash","floor":0.0},{"not_picked":["Acrobatics","Prepared"],"picked":"Flechettes","floor":1.0},{"not_picked":["Sucker Punch","Distraction","Masterful Stab"],"picked":"SKIP","floor":2.0},{"not_picked":["Distraction","Masterful Stab"],"picked":"Sucker Punch","floor":2.0},{"not_picked":["Calculated Gamble","Cloak And Dagger"],"picked":"Deadly Poison","floor":4.0},{"not_picked":["Eviscerate","Accuracy","Dagger Throw"],"picked":"SKIP","floor":7.0},{"not_picked":["All Out Attack","Bane"],"picked":"Calculated Gamble","floor":8}],"player_experience":1182862,"relics_obtained":[{"floor":7.0,"key":"Oddly Smooth Stone"},{"floor":9,"key":"Pear"}],"event_choices":[{"damage_healed":0.0,"max_hp_gain":0.0,"max_hp_loss":0.0,"gold_gain":0.0,"event_name":"Living Wall","player_choice":"Grow","floor":5.0,"gold_loss":0.0,"damage_taken":0.0,"cards_upgraded":["Deadly Poison"]},{"damage_healed":0,"gold_gain":0,"player_choice":"Damaged","damage_taken":11,"max_hp_gain":0,"max_hp_loss":0,"event_name":"Wheel of Change","floor":10,"gold_loss":0}],"is_beta":false,"boss_relics":[],"items_purged_floors":[],"is_endless":false,"potions_floor_spawned":[2,4],"killed_by":"3 Sentries","ascension_level":20}