{"gold_per_floor":[117,117,117,13,13,46,63,63,63,81,111,6,33,43,43,114,114,124,139,339,32,44,74,105,105,176,176,203,203,216,216,216,216],"floor_reached":33,"playtime":1237,"items_purged":[],"score":562,"play_id":"36ac1ee7-3c16-4ff0-b24a-9b7693d82eb2","local_time":"20190630200528","is_ascension_mode":true,"campfire_choices":[{"data":"True Grit","floor":8.0,"key":"SMITH"},{"floor":15,"key":"REST"},{"data":"Whirlwind","floor":25,"key":"SMITH"},{"floor":29,"key":"REST"},{"data":"Heavy Blade","floor":32,"key":"SMITH"}],"neow_cost":"NONE","seed_source_timestamp":862610601990600,"circlet_count":0,"master_deck":["AscendersBane","Strike_R+1","Strike_R+1","Strike_R+1","Strike_R+1","Strike_R+1","Defend_R+1","Defend_R+1","Defend_R+1","Defend_R+1","Bash+1","True Grit","Inflame","Clothesline","Combust","True Grit+1","Heavy Blade","Burning Pact","Armaments","Heavy Blade+1","Pummel","Reaper","Whirlwind+1","Armaments","Disarm","Shrug It Off","Sentinel+1"],"special_seed":0,"relics":["Burning Blood","Red Skull","Shuriken","Turnip","PreservedInsect","Philosopher\u0027s Stone","Sling","Du-Vu Doll","Red Mask","Mercury Hourglass","Regal Pillow"],"potions_floor_usage":[11,11,16,16,19,23,33,33],"damage_taken":[{"damage":1.0,"enemies":"Small Slimes","floor":1.0,"turns":4.0},{"damage":32.0,"enemies":"Gremlin Nob","floor":6.0,"turns":4.0},{"damage":4.0,"enemies":"Jaw Worm","floor":7.0,"turns":3.0},{"damage":4.0,"enemies":"Cultist","floor":10.0,"turns":3.0},{"damage":11,"enemies":"3 Sentries","floor":11,"turns":4},{"damage":16,"enemies":"Lagavulin","floor":13,"turns":6},{"damage":11,"enemies":"Gremlin Gang","floor":14,"turns":5},{"damage":28,"enemies":"Hexaghost","floor":16,"turns":8},{"damage":22,"enemies":"Shell Parasite","floor":18,"turns":7},{"damage":17,"enemies":"3 Byrds","floor":19,"turns":6},{"damage":36,"enemies":"Centurion and Healer","floor":22,"turns":10},{"damage":12,"enemies":"Gremlin Leader","floor":23,"turns":4},{"damage":23,"enemies":"Masked Bandits","floor":24,"turns":3},{"damage":15,"enemies":"Snake Plant","floor":30,"turns":5},{"damage":84,"enemies":"Champ","floor":33,"turns":14}],"seed_played":"-8271828876010004387","potions_obtained":[{"floor":6.0,"key":"AttackPotion"},{"floor":7.0,"key":"SneckoOil"},{"floor":13,"key":"Weak Potion"},{"floor":16,"key":"Weak Potion"},{"floor":18,"key":"Weak Potion"},{"floor":23,"key":"Dexterity Potion"}],"is_trial":false,"path_per_floor":["M","?","?","$","?","E","M","R","T","M","E","$","E","M","R","B",null,"M","M","?","$","M","E","?","R","T","?","T","R","M","?","R","B"],"character_chosen":"IRONCLAD","items_purchased":["Inflame","Clothesline","Armaments","Dexterity Potion","Sling","Disarm"],"campfire_rested":2,"item_purchase_floors":[4,4,12,12,21,21],"current_hp_per_floor":[73,73,73,73,50,24,26,26,26,28,23,23,13,8,30,8,58,42,46,46,46,36,30,23,23,23,23,23,60,60,46,46,0],"gold":216,"neow_bonus":"UPGRADE_CARD","is_prod":false,"is_daily":false,"chose_seed":false,"campfire_upgraded":3,"win_rate":0,"timestamp":1561939528,"path_taken":["M","?","?","?","?","E","M","R","T","?","E","$","E","M","R","BOSS","M","M","?","?","?","E","?","R","T","?","?","R","M","?","R","BOSS"],"build_version":"2019-01-23","purchased_purges":0,"victory":false,"max_hp_per_floor":[75,75,75,75,75,75,75,75,75,75,75,75,75,75,75,75,75,75,75,75,75,75,75,75,75,75,75,75,75,75,75,75,75],"card_choices":[{"not_picked":["Heavy Blade","Flex"],"picked":"True Grit","floor":1.0},{"not_picked":["Infernal Blade","Corruption"],"picked":"Combust","floor":6.0},{"not_picked":["Headbutt","Pommel Strike"],"picked":"True Grit","floor":7.0},{"not_picked":["Rage","Sword Boomerang"],"picked":"Heavy Blade","floor":10.0},{"not_picked":["Infernal Blade","Evolve"],"picked":"Burning Pact","floor":11},{"not_picked":["Clash","Uppercut"],"picked":"Heavy Blade","floor":13},{"not_picked":["Thunderclap","Infernal Blade"],"picked":"Pummel","floor":14},{"not_picked":["Exhume","Barricade"],"picked":"Reaper","floor":16},{"not_picked":["Headbutt","Cleave"],"picked":"Whirlwind","floor":18},{"not_picked":["Dropkick+1","Perfected Strike+1"],"picked":"Armaments","floor":19},{"not_picked":["Bloodletting","Cleave"],"picked":"Shrug It Off","floor":22},{"not_picked":["Body Slam","Dark Embrace","Power Through"],"picked":"SKIP","floor":23},{"not_picked":["Warcry+1","Shrug It Off"],"picked":"Sentinel+1","floor":24},{"not_picked":["Thunderclap","Dual Wield+1","Warcry"],"picked":"SKIP","floor":30}],"player_experience":1255891,"relics_obtained":[{"floor":6.0,"key":"Red Skull"},{"floor":9.0,"key":"Shuriken"},{"floor":11,"key":"Turnip"},{"floor":13,"key":"PreservedInsect"},{"floor":23,"key":"Du-Vu Doll"},{"floor":24,"key":"Red Mask"},{"floor":26,"key":"Mercury Hourglass"},{"floor":28,"key":"Regal Pillow"}],"event_choices":[{"damage_healed":0.0,"max_hp_gain":0.0,"max_hp_loss":0.0,"gold_gain":0.0,"event_name":"Liars Game","player_choice":"Ignored","floor":2.0,"gold_loss":0.0,"damage_taken":0.0},{"damage_healed":0.0,"max_hp_gain":0.0,"max_hp_loss":0.0,"gold_gain":0.0,"event_name":"The Cleric","player_choice":"Leave","floor":3.0,"gold_loss":0.0,"damage_taken":0.0},{"damage_healed":0.0,"max_hp_gain":0.0,"max_hp_loss":0.0,"gold_gain":0.0,"event_name":"Shining Light","player_choice":"Entered Light","floor":5.0,"gold_loss":0.0,"damage_taken":23.0,"cards_upgraded":["Strike_R","Strike_R"]},{"damage_healed":0,"gold_gain":250,"player_choice":"Bet on Owner","damage_taken":0,"max_hp_gain":0,"max_hp_loss":0,"event_name":"The Joust","floor":20,"gold_loss":50},{"damage_healed":0,"gold_gain":0,"player_choice":"Fought Bandits","damage_taken":0,"max_hp_gain":0,"max_hp_loss":0,"event_name":"Masked Bandits","floor":24,"gold_loss":0},{"damage_healed":0,"gold_gain":0,"player_choice":"Simplicity","damage_taken":0,"max_hp_gain":0,"max_hp_loss":0,"event_name":"Back to Basics","floor":27,"gold_loss":0,"cards_upgraded":["Strike_R","Strike_R","Strike_R","Defend_R","Defend_R","Defend_R","Defend_R"]},{"damage_healed":0,"gold_gain":0,"player_choice":"POTION ","damage_taken":14,"max_hp_gain":0,"max_hp_loss":0,"event_name":"Knowing Skull","floor":31,"potions_obtained":["Strength Potion"],"gold_loss":0,"cards_obtained":[]}],"is_beta":false,"boss_relics":[{"not_picked":["Astrolabe","Pandora\u0027s Box"],"picked":"Philosopher\u0027s Stone"}],"items_purged_floors":[],"is_endless":false,"potions_floor_spawned":[6,7,13,14,16,18,23],"killed_by":"Champ","ascension_level":20}