{"gold_per_floor":[112,287,58,73,73,100,100,100,147,147,165,165,194,212,212,309,309,320,320,333,432,24,55,55,55,107,119,148,164,176,194,194,290,290,308,308,408,55,55,83,83,110,133,133,144,144,163,163,163,163,163,163,6,38,38],"floor_reached":56,"playtime":7832,"items_purged":[],"score":1537,"play_id":"5678942a-e8e8-4ce9-bc74-c15eafeec1fe","local_time":"20190903210704","is_ascension_mode":true,"campfire_choices":[{"floor":8.0,"key":"REST"},{"floor":15.0,"key":"REST"},{"floor":25.0,"key":"REST"},{"floor":32.0,"key":"RECALL"},{"floor":41.0,"key":"REST"},{"floor":44.0,"key":"REST"},{"floor":49,"key":"REST"},{"floor":52,"key":"REST"}],"neow_cost":"NONE","seed_source_timestamp":0,"circlet_count":0,"master_deck":["Second Wind+1","Metallicize","True Grit","Power Through","Armaments","Clothesline","Pommel Strike","Dark Embrace","Power Through","Reaper","Metallicize","Impervious","Bloodletting","Fiend Fire","Disarm","Body Slam","Armaments+1","Barricade","Good Instincts","Burning Pact","Sentinel+1","Dark Embrace","Entrench","Evolve+1","Juggernaut","Secret Technique","Seeing Red+1","Impervious","True Grit+1","Entrench+1"],"special_seed":0,"relics":["Fusion Hammer","Bronze Scales","Paper Frog","PreservedInsect","Pen Nib","Meat on the Bone","StoneCalendar","Pandora\u0027s Box","Anchor","Matryoshka","Orichalcum","Oddly Smooth Stone","Boot","Empty Cage","WingedGreaves","War Paint","Medical Kit","Dodecahedron","Pantograph","Happy Flower","Art of War","Bottled Tornado"],"potions_floor_usage":[55,55,55],"damage_taken":[{"damage":0.0,"enemies":"Cultist","floor":1.0,"turns":3.0},{"damage":0.0,"enemies":"2 Louse","floor":4.0,"turns":3.0},{"damage":33.0,"enemies":"Lagavulin","floor":6.0,"turns":7.0},{"damage":0.0,"enemies":"Small Slimes","floor":11.0,"turns":3.0},{"damage":2.0,"enemies":"3 Sentries","floor":13.0,"turns":6.0},{"damage":8.0,"enemies":"3 Louse","floor":14.0,"turns":3.0},{"damage":0.0,"enemies":"The Guardian","floor":16.0,"turns":7.0},{"damage":0.0,"enemies":"Chosen","floor":18.0,"turns":6.0},{"damage":26.0,"enemies":"3 Byrds","floor":20.0,"turns":4.0},{"damage":20.0,"enemies":"Book of Stabbing","floor":23.0,"turns":7.0},{"damage":3.0,"enemies":"Snecko","floor":27.0,"turns":5.0},{"damage":3.0,"enemies":"Gremlin Leader","floor":28.0,"turns":3.0},{"damage":6.0,"enemies":"Centurion and Healer","floor":29.0,"turns":7.0},{"damage":3.0,"enemies":"Cultist and Chosen","floor":30.0,"turns":6.0},{"damage":0.0,"enemies":"Shelled Parasite and Fungi","floor":31.0,"turns":6.0},{"damage":13.0,"enemies":"Automaton","floor":33.0,"turns":9.0},{"damage":8.0,"enemies":"Orb Walker","floor":35.0,"turns":6.0},{"damage":0.0,"enemies":"Mind Bloom Boss Battle","floor":37.0,"turns":7.0},{"damage":25.0,"enemies":"Nemesis","floor":40.0,"turns":5.0},{"damage":41.0,"enemies":"Reptomancer","floor":42.0,"turns":5.0},{"damage":0.0,"enemies":"3 Shapes","floor":45.0,"turns":6.0},{"damage":0.0,"enemies":"Maw","floor":47.0,"turns":5.0},{"damage":0,"enemies":"Awakened One","floor":50,"turns":7},{"damage":4,"enemies":"Shield and Spear","floor":54,"turns":6},{"damage":50,"enemies":"The Heart","floor":55,"turns":7}],"seed_played":"-6757295823899339590","potions_obtained":[{"floor":6.0,"key":"Fire Potion"},{"floor":13.0,"key":"EssenceOfSteel"},{"floor":14.0,"key":"LiquidBronze"},{"floor":20.0,"key":"SpeedPotion"},{"floor":28.0,"key":"Block Potion"},{"floor":29.0,"key":"Swift Potion"},{"floor":35.0,"key":"Strength Potion"},{"floor":37.0,"key":"Fire Potion"},{"floor":39.0,"key":"SpeedPotion"},{"floor":39.0,"key":"LiquidBronze"},{"floor":45.0,"key":"Fire Potion"},{"floor":54,"key":"Block Potion"}],"is_trial":false,"path_per_floor":["M","?","$","M","?","E","?","R","T","?","M","T","E","M","R","B",null,"M","?","M","?","$","E","?","R","T","M","E","M","M","M","R","B",null,"M","?","?","$","?","E","R","E","T","R","M","?","M","?","R","B",null,"R","$","E","B",null],"character_chosen":"IRONCLAD","items_purchased":["Bronze Scales","Metallicize","Anchor","Barricade","Good Instincts","War Paint","Medical Kit","Art of War"],"campfire_rested":7,"item_purchase_floors":[3,3,22,22,22,38,38,53],"current_hp_per_floor":[80,80,80,80,73,40,24,48,48,36,36,36,46,50,74,74,80,80,80,54,54,54,51,51,75,75,76,73,72,77,77,77,69,80,75,75,80,80,80,55,79,50,50,74,80,80,80,80,80,80,80,80,80,80,47],"gold":38,"neow_bonus":"BOSS_RELIC","is_prod":false,"is_daily":false,"chose_seed":false,"campfire_upgraded":0,"win_rate":0,"timestamp":1567537624,"path_taken":["M","?","$","M","?","E","?","R","T","?","M","?","E","M","R","BOSS","M","?","M","?","$","E","?","R","T","?","E","?","M","M","R","BOSS","M","?","?","$","?","E","R","E","T","R","?","?","?","?","R","BOSS","R","$","E","BOSS"],"build_version":"2019-07-17","purchased_purges":0,"victory":true,"max_hp_per_floor":[80,80,80,80,80,80,80,80,80,80,80,80,80,80,80,80,80,80,80,80,80,80,80,80,80,80,80,80,80,80,80,80,80,80,80,80,80,80,80,80,80,80,80,80,80,80,80,80,80,80,80,80,80,80,80],"card_choices":[{"not_picked":["Headbutt","Sword Boomerang"],"picked":"Second Wind","floor":1.0},{"not_picked":["Rupture","Whirlwind"],"picked":"True Grit","floor":4.0},{"not_picked":["Disarm","True Grit"],"picked":"Power Through","floor":6.0},{"not_picked":["Cleave","Anger"],"picked":"Armaments","floor":11.0},{"not_picked":["Combust","Sever Soul"],"picked":"Clothesline","floor":13.0},{"not_picked":["Anger","Perfected Strike"],"picked":"Pommel Strike","floor":14.0},{"not_picked":["Double Tap","Berserk"],"picked":"Dark Embrace","floor":16.0},{"not_picked":["Thunderclap+1","Hemokinesis"],"picked":"Disarm","floor":18.0},{"not_picked":["Twin Strike","Thunderclap+1"],"picked":"Armaments+1","floor":20.0},{"not_picked":["Havoc","Warcry","Twin Strike"],"picked":"SKIP","floor":23.0},{"not_picked":["Anger","Havoc"],"picked":"Dark Embrace","floor":27.0},{"not_picked":["Sentinel","Pommel Strike+1"],"picked":"Entrench","floor":28.0},{"not_picked":["Flex","Iron Wave"],"picked":"Evolve+1","floor":29.0},{"not_picked":["Pummel","Twin Strike","Heavy Blade+1"],"picked":"SKIP","floor":30.0},{"not_picked":["Warcry+1","Sword Boomerang+1","Twin Strike"],"picked":"SKIP","floor":31.0},{"not_picked":["Barricade","Bludgeon"],"picked":"Juggernaut","floor":33.0},{"not_picked":["Combust+1","Anger","Whirlwind+1"],"picked":"SKIP","floor":35.0},{"not_picked":["Thinking Ahead","Swift Strike"],"picked":"Secret Technique","floor":36.0},{"not_picked":["Shrug It Off+1","Clothesline"],"picked":"Seeing Red+1","floor":37.0},{"not_picked":["Blood for Blood","Dropkick+1"],"picked":"Impervious","floor":40.0},{"not_picked":["Thunderclap","Dark Embrace"],"picked":"True Grit+1","floor":42.0},{"not_picked":["Havoc+1","Armaments"],"picked":"Entrench+1","floor":45.0},{"not_picked":["Pommel Strike","Bloodletting","Twin Strike+1"],"picked":"SKIP","floor":47.0},{"not_picked":["Twin Strike+1","Flex","Pommel Strike"],"picked":"SKIP","floor":54}],"player_experience":147707,"relics_obtained":[{"floor":6.0,"key":"Paper Frog"},{"floor":9.0,"key":"PreservedInsect"},{"floor":12.0,"key":"Meat on the Bone"},{"floor":13.0,"key":"StoneCalendar"},{"floor":23.0,"key":"Matryoshka"},{"floor":26.0,"key":"Orichalcum"},{"floor":26.0,"key":"Oddly Smooth Stone"},{"floor":28.0,"key":"Boot"},{"floor":37.0,"key":"WingedGreaves"},{"floor":40.0,"key":"Dodecahedron"},{"floor":42.0,"key":"Pantograph"},{"floor":43.0,"key":"Happy Flower"},{"floor":54,"key":"Bottled Tornado"}],"event_choices":[{"damage_healed":0.0,"max_hp_gain":0.0,"max_hp_loss":0.0,"gold_gain":175.0,"event_name":"Liars Game","player_choice":"AGREE","floor":2.0,"gold_loss":0.0,"damage_taken":0.0,"cards_obtained":["Doubt"]},{"cards_removed":["Doubt"],"damage_healed":0.0,"max_hp_gain":0.0,"max_hp_loss":0.0,"gold_gain":0.0,"event_name":"Golden Wing","player_choice":"Card Removal","floor":5.0,"gold_loss":0.0,"damage_taken":7.0},{"damage_healed":0.0,"max_hp_gain":0.0,"max_hp_loss":0.0,"gold_gain":0.0,"event_name":"Shining Light","player_choice":"Entered Light","floor":7.0,"gold_loss":0.0,"damage_taken":16.0,"cards_upgraded":["Strike_R","Defend_R"]},{"damage_healed":0.0,"max_hp_gain":0.0,"max_hp_loss":0.0,"gold_gain":0.0,"event_name":"Scrap Ooze","player_choice":"Success","floor":10.0,"gold_loss":0.0,"damage_taken":12.0,"relics_obtained":["Pen Nib"]},{"damage_healed":0.0,"max_hp_gain":0.0,"max_hp_loss":0.0,"gold_gain":0.0,"event_name":"The Library","player_choice":"Read","floor":19.0,"gold_loss":0.0,"damage_taken":0.0,"cards_obtained":["Body Slam"]},{"damage_healed":0.0,"max_hp_gain":0.0,"max_hp_loss":0.0,"gold_gain":99.0,"event_name":"Nest","player_choice":"Stole From Cult","floor":21.0,"gold_loss":0.0,"damage_taken":0.0},{"damage_healed":0.0,"max_hp_gain":0.0,"max_hp_loss":0.0,"gold_gain":0.0,"cards_transformed":["Demon Form","Demon Form"],"event_name":"Drug Dealer","player_choice":"Became Test Subject","floor":24.0,"gold_loss":0.0,"damage_taken":0.0,"cards_obtained":["Burning Pact","Sentinel"]},{"damage_healed":0.0,"max_hp_gain":0.0,"max_hp_loss":0.0,"gold_gain":0.0,"event_name":"SensoryStone","player_choice":"Memory 1","floor":36.0,"gold_loss":0.0,"damage_taken":0.0},{"damage_healed":0.0,"max_hp_gain":0.0,"max_hp_loss":0.0,"gold_gain":0.0,"event_name":"MindBloom","player_choice":"Fight","floor":37.0,"gold_loss":0.0,"damage_taken":0.0},{"damage_healed":0.0,"max_hp_gain":0.0,"max_hp_loss":0.0,"gold_gain":0.0,"event_name":"Lab","player_choice":"Got Potions","floor":39.0,"gold_loss":0.0,"damage_taken":0.0},{"damage_healed":0.0,"max_hp_gain":0.0,"max_hp_loss":0.0,"gold_gain":0.0,"event_name":"FaceTrader","player_choice":"Leave","floor":46.0,"gold_loss":0.0,"damage_taken":0.0},{"damage_healed":0.0,"max_hp_gain":0.0,"max_hp_loss":0.0,"gold_gain":0.0,"event_name":"Mysterious Sphere","player_choice":"Ignored","floor":48.0,"gold_loss":0.0,"damage_taken":0.0}],"is_beta":false,"boss_relics":[{"not_picked":["White Beast Statue","Lizard Tail"],"picked":"Pandora\u0027s Box"},{"not_picked":["Runic Cube","Runic Dome"],"picked":"Empty Cage"}],"items_purged_floors":[],"is_endless":false,"potions_floor_spawned":[6,13,14,20,28,29,35,37,45,47,54],"ascension_level":3}