{"gold_per_floor":[114,134,134,46,58,83,83,108,108,108,126,160,160,174,174,249,249,260,260,260,260,7,7,7,42,96,96,46,57,91,102,102,174,174,193,204,204,204,204,233,251,251,251,280,58,58,74,89,89,89,89],"floor_reached":51,"playtime":2825,"items_purged":["Pain","Injury","Strike_G"],"score":1597,"play_id":"c4b6e80d-878e-44d2-b9a7-74bec5e3f3e1","local_time":"20190704141234","is_ascension_mode":true,"campfire_choices":[{"data":"Terror","floor":7.0,"key":"SMITH"},{"data":"Neutralize","floor":15.0,"key":"SMITH"},{"data":"Decay","floor":23.0,"key":"PURGE"},{"data":"Decay","floor":27.0,"key":"PURGE"},{"data":"Calculated Gamble","floor":32.0,"key":"SMITH"},{"data":"Dash","floor":42.0,"key":"SMITH"},{"floor":49,"key":"RECALL"}],"neow_cost":"NONE","seed_source_timestamp":1185205557938600,"circlet_count":0,"master_deck":["AscendersBane","Strike_G","Defend_G","Defend_G","Defend_G","Defend_G","Defend_G+1","Survivor","Neutralize+1","Predator","Footwork","Dash+1","Terror+1","Quick Slash","Backflip","Caltrops+1","Escape Plan","Die Die Die","Necronomicurse","Footwork+1","Footwork+1","Well Laid Plans+1","Crippling Poison","Footwork+1","Noxious Fumes+1","Venomology+1","Noxious Fumes+1","Deadly Poison+1","Bullet Time+1","PiercingWail+1","Noxious Fumes+1","PiercingWail","Leg Sweep+1"],"special_seed":0,"relics":["Coffee Dripper","Paper Crane","The Courier","Ninja Scroll","Peace Pipe","Calling Bell","PreservedInsect","Frozen Egg 2","Turnip","Necronomicon","Smiling Mask","Tiny Chest","Omamori","Astrolabe","Bottled Lightning","Pear","Pantograph","Bottled Flame","War Paint"],"potions_floor_usage":[47,48,51,51],"damage_taken":[{"damage":0.0,"enemies":"Small Slimes","floor":1.0,"turns":4.0},{"damage":0.0,"enemies":"2 Louse","floor":2.0,"turns":3.0},{"damage":4.0,"enemies":"Jaw Worm","floor":5.0,"turns":4.0},{"damage":13.0,"enemies":"Lagavulin","floor":6.0,"turns":7.0},{"damage":2.0,"enemies":"Gremlin Nob","floor":8.0,"turns":3.0},{"damage":0.0,"enemies":"Large Slime","floor":11.0,"turns":4.0},{"damage":0.0,"enemies":"3 Sentries","floor":12.0,"turns":7.0},{"damage":0.0,"enemies":"Blue Slaver","floor":14.0,"turns":2.0},{"damage":24.0,"enemies":"Hexaghost","floor":16.0,"turns":8.0},{"damage":14.0,"enemies":"Spheric Guardian","floor":18.0,"turns":5.0},{"damage":17.0,"enemies":"Gremlin Leader","floor":25.0,"turns":7.0},{"damage":12.0,"enemies":"Shell Parasite","floor":29.0,"turns":3.0},{"damage":7.0,"enemies":"Slavers","floor":30.0,"turns":6.0},{"damage":6.0,"enemies":"Cultist and Chosen","floor":31.0,"turns":8.0},{"damage":0.0,"enemies":"Collector","floor":33.0,"turns":12.0},{"damage":0.0,"enemies":"3 Shapes","floor":35.0,"turns":5.0},{"damage":34.0,"enemies":"3 Darklings","floor":36.0,"turns":7.0},{"damage":9.0,"enemies":"Nemesis","floor":40.0,"turns":7.0},{"damage":7.0,"enemies":"Writhing Mass","floor":41.0,"turns":8.0},{"damage":2.0,"enemies":"Giant Head","floor":44.0,"turns":9.0},{"damage":0,"enemies":"4 Shapes","floor":47,"turns":6},{"damage":1,"enemies":"Jaw Worm Horde","floor":48,"turns":6},{"damage":30,"enemies":"Time Eater","floor":50,"turns":18},{"damage":44,"enemies":"Awakened One","floor":51,"turns":12}],"seed_played":"-4996639987155096902","potions_obtained":[{"floor":1.0,"key":"Block Potion"},{"floor":2.0,"key":"SteroidPotion"},{"floor":11.0,"key":"Energy Potion"},{"floor":30.0,"key":"Block Potion"},{"floor":33.0,"key":"LiquidBronze"},{"floor":40.0,"key":"Weak Potion"},{"floor":44.0,"key":"FearPotion"},{"floor":47,"key":"Swift Potion"}],"is_trial":false,"path_per_floor":["M","M","?","$","M","E","R","E","T","?","M","E","?","M","R","B",null,"M","?","?","?","$","R","?","E","T","R","$","M","E","M","R","B",null,"M","M","?","T","T","E","M","R","T","E","$","?","M","M","R","B","B"],"character_chosen":"THE_SILENT","items_purchased":["Dash","Footwork+1","Footwork+1","Regen Potion","War Paint","Weak Potion"],"campfire_rested":0,"item_purchase_floors":[4,22,22,22,45,45],"current_hp_per_floor":[59,59,59,59,55,42,42,40,40,40,40,40,40,40,40,16,54,40,40,53,32,32,32,32,30,30,30,30,18,11,5,5,5,51,51,17,17,17,17,18,11,11,11,9,9,24,24,23,23,18,0],"gold":89,"neow_bonus":"BOSS_RELIC","is_prod":false,"is_daily":false,"chose_seed":false,"campfire_upgraded":4,"win_rate":0,"timestamp":1562263954,"path_taken":["M","M","?","$","M","E","R","E","T","?","M","E","?","M","R","BOSS","M","?","?","?","?","R","?","E","T","R","$","?","E","M","R","BOSS","M","M","?","?","?","E","M","R","T","E","$","?","M","?","R","BOSS","BOSS"],"build_version":"2019-07-01","purchased_purges":3,"victory":false,"max_hp_per_floor":[66,66,66,66,66,66,66,66,66,66,66,66,66,66,66,66,66,66,66,66,66,66,66,66,66,66,66,66,66,66,66,66,66,66,66,66,66,66,66,76,76,76,76,76,76,76,76,76,76,76,76],"card_choices":[{"not_picked":["Skewer","Cloak And Dagger"],"picked":"Predator","floor":1.0},{"not_picked":["Leg Sweep","Underhanded Strike"],"picked":"Footwork","floor":2.0},{"not_picked":["Masterful Stab","Slice"],"picked":"Terror","floor":5.0},{"not_picked":["Masterful Stab","Dash"],"picked":"Calculated Gamble","floor":6.0},{"not_picked":["A Thousand Cuts","Blade Dance"],"picked":"Quick Slash","floor":8.0},{"not_picked":["Flechettes","Dodge and Roll"],"picked":"Backflip","floor":11.0},{"not_picked":["PiercingWail","Sucker Punch"],"picked":"Caltrops","floor":12.0},{"not_picked":["Blade Dance","Backflip"],"picked":"Escape Plan","floor":14.0},{"not_picked":["Storm of Steel","Glass Knife"],"picked":"Die Die Die","floor":16.0},{"not_picked":["Reflex+1","Quick Slash","Infinite Blades+1"],"picked":"SKIP","floor":18.0},{"not_picked":["Escape Plan","Terror"],"picked":"Well Laid Plans+1","floor":25.0},{"not_picked":["Calculated Gamble","Flying Knee"],"picked":"Crippling Poison","floor":29.0},{"not_picked":["Flechettes","Riddle With Holes"],"picked":"Footwork+1","floor":30.0},{"not_picked":["Masterful Stab+1","Underhanded Strike"],"picked":"Noxious Fumes+1","floor":31.0},{"not_picked":["Tools of the Trade+1","Bullet Time"],"picked":"Venomology","floor":33.0},{"not_picked":["Sucker Punch","Dagger Throw"],"picked":"PiercingWail+1","floor":35.0},{"not_picked":["Poisoned Stab+1","Underhanded Strike","Blade Dance"],"picked":"SKIP","floor":36.0},{"not_picked":["A Thousand Cuts+1","Dagger Throw+1"],"picked":"Noxious Fumes+1","floor":40.0},{"not_picked":["Slice","Reflex","Dagger Throw"],"picked":"SKIP","floor":41.0},{"not_picked":["Deadly Poison","Envenom+1","Noxious Fumes+1"],"picked":"SKIP","floor":44.0},{"not_picked":["Prepared","Dagger Spray+1"],"picked":"PiercingWail","floor":47},{"not_picked":["Dagger Throw","Backstab"],"picked":"Leg Sweep+1","floor":48}],"player_experience":1273542,"relics_obtained":[{"floor":6.0,"key":"Paper Crane"},{"floor":8.0,"key":"The Courier"},{"floor":9.0,"key":"Ninja Scroll"},{"floor":12.0,"key":"Peace Pipe"},{"floor":17.0,"key":"PreservedInsect"},{"floor":17.0,"key":"Frozen Egg 2"},{"floor":17.0,"key":"Turnip"},{"floor":21.0,"key":"Necronomicon"},{"floor":25.0,"key":"Smiling Mask"},{"floor":26.0,"key":"Tiny Chest"},{"floor":30.0,"key":"Omamori"},{"floor":39.0,"key":"Bottled Lightning"},{"floor":40.0,"key":"Pear"},{"floor":43.0,"key":"Pantograph"},{"floor":44.0,"key":"Bottled Flame"}],"event_choices":[{"damage_healed":0.0,"max_hp_gain":0.0,"max_hp_loss":0.0,"gold_gain":0.0,"event_name":"The Cleric","player_choice":"Leave","floor":3.0,"gold_loss":0.0,"damage_taken":0.0},{"damage_healed":0.0,"max_hp_gain":0.0,"max_hp_loss":0.0,"gold_gain":0.0,"event_name":"Liars Game","player_choice":"Ignored","floor":10.0,"gold_loss":0.0,"damage_taken":0.0},{"damage_healed":0.0,"max_hp_gain":0.0,"max_hp_loss":0.0,"gold_gain":0.0,"event_name":"Living Wall","player_choice":"Grow","floor":13.0,"gold_loss":0.0,"damage_taken":0.0,"cards_upgraded":["Caltrops"]},{"damage_healed":0.0,"max_hp_gain":0.0,"max_hp_loss":0.0,"gold_gain":0.0,"event_name":"The Mausoleum","player_choice":"Ignored","floor":19.0,"gold_loss":0.0,"damage_taken":0.0},{"damage_healed":13.0,"max_hp_gain":0.0,"max_hp_loss":0.0,"gold_gain":0.0,"event_name":"The Library","player_choice":"Heal","floor":20.0,"gold_loss":0.0,"damage_taken":0.0},{"damage_healed":0.0,"max_hp_gain":0.0,"max_hp_loss":0.0,"gold_gain":0.0,"event_name":"Cursed Tome","player_choice":"Obtained Book","floor":21.0,"gold_loss":0.0,"damage_taken":21.0},{"damage_healed":0.0,"max_hp_gain":0.0,"max_hp_loss":0.0,"gold_gain":0.0,"event_name":"Forgotten Altar","player_choice":"Smashed Altar","floor":24.0,"gold_loss":0.0,"damage_taken":0.0,"cards_obtained":["Decay"]},{"cards_removed":["Calculated Gamble"],"damage_healed":0.0,"max_hp_gain":0.0,"max_hp_loss":0.0,"gold_gain":0.0,"event_name":"Falling","player_choice":"Removed Skill","floor":37.0,"gold_loss":0.0,"damage_taken":0.0},{"damage_healed":15.0,"max_hp_gain":0.0,"max_hp_loss":0.0,"gold_gain":0.0,"event_name":"Winding Halls","player_choice":"Writhe","floor":46.0,"gold_loss":0.0,"damage_taken":0.0,"cards_obtained":["Writhe"]}],"is_beta":false,"boss_relics":[{"not_picked":["Runic Pyramid","Fusion Hammer"],"picked":"Calling Bell"},{"not_picked":["Snecko Eye","Runic Dome"],"picked":"Astrolabe"}],"items_purged_floors":[22,28,45],"is_endless":false,"potions_floor_spawned":[1,2,5,11,30,33,35,40,44,47],"killed_by":"Awakened One","ascension_level":20}