{"gold_per_floor":[209,209,15,15,29,29,62,62,62,62,95,20,39,57,57,136,136,147,247,32,42,42,42,42],"floor_reached":24,"playtime":2080,"items_purged":["Strike_B"],"score":504,"play_id":"ee6e7e3f-ac26-4c49-a40f-e9089b2bfdf6","local_time":"20190605180501","is_ascension_mode":true,"campfire_choices":[{"data":"The Bomb","floor":6.0,"key":"SMITH"},{"data":"Recycle","floor":8.0,"key":"SMITH"},{"data":"Chill","floor":10.0,"key":"SMITH"},{"data":"Dualcast","floor":15.0,"key":"SMITH"},{"floor":23.0,"key":"REST"}],"neow_cost":"NONE","seed_source_timestamp":775793214111800,"circlet_count":0,"master_deck":["AscendersBane","Strike_B","Strike_B","Defend_B","Defend_B","Defend_B","Defend_B","Zap","Dualcast+1","Go for the Eyes+1","The Bomb+1","Chill+1","Recycle+1","Cold Snap","Chill","Conserve Battery","Biased Cognition","Streamline","Undo","Chill+1"],"special_seed":0,"relics":["Cracked Core","FossilizedHelix","Bag of Preparation","Symbiotic Virus","Inserter","Incense Burner","Bottled Tornado","Runic Capacitor"],"potions_floor_usage":[],"damage_taken":[{"damage":0.0,"enemies":"Small Slimes","floor":1.0,"turns":2.0},{"damage":0.0,"enemies":"Cultist","floor":5.0,"turns":3.0},{"damage":30.0,"enemies":"Gremlin Nob","floor":7.0,"turns":5.0},{"damage":13.0,"enemies":"3 Sentries","floor":11.0,"turns":3.0},{"damage":0.0,"enemies":"Jaw Worm","floor":13.0,"turns":3.0},{"damage":0.0,"enemies":"2 Fungi Beasts","floor":14.0,"turns":3.0},{"damage":0.0,"enemies":"The Guardian","floor":16.0,"turns":11.0},{"damage":0.0,"enemies":"3 Byrds","floor":18.0,"turns":6.0},{"damage":4.0,"enemies":"Colosseum Slavers","floor":19.0,"turns":4.0},{"damage":27.0,"enemies":"Colosseum Nobs","floor":19.0,"turns":5.0},{"damage":0.0,"enemies":"Spheric Guardian","floor":21.0,"turns":5.0},{"damage":66,"enemies":"Gremlin Leader","floor":24,"turns":8}],"seed_played":"-1683708724107112740","potions_obtained":[{"floor":5.0,"key":"FearPotion"},{"floor":13.0,"key":"SpeedPotion"},{"floor":14.0,"key":"Swift Potion"}],"is_trial":false,"path_per_floor":["M","?","$","T","M","R","E","R","T","R","E","$","M","M","R","B",null,"M","?","$","M","?","R","E"],"character_chosen":"DEFECT","items_purchased":["The Bomb","Runic Capacitor"],"campfire_rested":1,"item_purchase_floors":[3,20],"current_hp_per_floor":[64,64,64,64,64,64,34,34,34,34,21,21,21,21,21,21,59,59,28,28,28,28,49,0],"gold":42,"neow_bonus":"HUNDRED_GOLD","is_prod":false,"is_daily":false,"chose_seed":false,"campfire_upgraded":4,"win_rate":0,"timestamp":1559772301,"path_taken":["M","?","$","?","M","R","E","R","T","R","E","?","M","M","R","BOSS","M","?","$","M","?","R","E"],"build_version":"2019-01-23","purchased_purges":1,"victory":false,"max_hp_per_floor":[71,71,71,71,71,71,71,71,71,71,71,71,71,71,71,71,71,71,71,71,71,71,71,71],"card_choices":[{"not_picked":["Redo","Turbo"],"picked":"Go for the Eyes","floor":1.0},{"not_picked":["Streamline","Redo"],"picked":"Chill","floor":5.0},{"not_picked":["White Noise","Sweeping Beam"],"picked":"Recycle","floor":7.0},{"not_picked":["Go for the Eyes","Hologram"],"picked":"Cold Snap","floor":11.0},{"not_picked":["Force Field","Ball Lightning"],"picked":"Chill","floor":13.0},{"not_picked":["Go for the Eyes","Stack"],"picked":"Conserve Battery","floor":14.0},{"not_picked":["Machine Learning","Core Surge"],"picked":"Biased Cognition","floor":16.0},{"not_picked":["Steam","Redo"],"picked":"Streamline","floor":18.0},{"not_picked":["Storm+1","Doom and Gloom"],"picked":"Undo","floor":19.0},{"not_picked":["Stack","Beam Cell"],"picked":"Chill+1","floor":21.0}],"player_experience":1140531,"relics_obtained":[{"floor":4.0,"key":"FossilizedHelix"},{"floor":7.0,"key":"Bag of Preparation"},{"floor":11.0,"key":"Symbiotic Virus"},{"floor":19.0,"key":"Incense Burner"},{"floor":19.0,"key":"Bottled Tornado"}],"event_choices":[{"damage_healed":0.0,"max_hp_gain":0.0,"max_hp_loss":0.0,"gold_gain":0.0,"event_name":"Upgrade Shrine","player_choice":"Upgraded","floor":2.0,"gold_loss":0.0,"damage_taken":0.0,"cards_upgraded":["Go for the Eyes"]},{"damage_healed":0.0,"max_hp_gain":0.0,"max_hp_loss":0.0,"gold_gain":0.0,"event_name":"Colosseum","player_choice":"Fight","floor":19.0,"gold_loss":0.0,"damage_taken":0.0},{"damage_healed":0.0,"max_hp_gain":0.0,"max_hp_loss":0.0,"gold_gain":0.0,"event_name":"Colosseum","player_choice":"Fought Nobs","floor":19.0,"gold_loss":0.0,"damage_taken":0.0},{"cards_removed":["Strike_B"],"damage_healed":0.0,"max_hp_gain":0.0,"max_hp_loss":0.0,"gold_gain":0.0,"event_name":"Purifier","player_choice":"Purged","floor":22.0,"gold_loss":0.0,"damage_taken":0.0}],"is_beta":false,"boss_relics":[{"not_picked":["White Beast Statue","Calling Bell"],"picked":"Inserter"}],"items_purged_floors":[12],"is_endless":false,"potions_floor_spawned":[5,13,14,18,19],"killed_by":"Gremlin Leader","ascension_level":20}