{"gold_per_floor":[114,114,126,138,55,55,55,89,115,130,130,130,155,171,171,249,249,249,12,12,0,0,0,0,0],"floor_reached":25,"playtime":863,"items_purged":["Strike_B"],"score":462,"play_id":"45139922-9cac-41ed-97a1-e2dae4659280","local_time":"20190803145530","is_ascension_mode":true,"campfire_choices":[{"data":"Zap","floor":6.0,"key":"SMITH"},{"data":"Beam Cell","floor":11.0,"key":"SMITH"},{"data":"Capacitor","floor":15.0,"key":"SMITH"},{"data":"Genetic Algorithm","floor":23.0,"key":"SMITH"}],"neow_cost":"NONE","seed_source_timestamp":592770231650400,"circlet_count":0,"master_deck":["AscendersBane","Strike_B","Defend_B+1","Defend_B+1","Defend_B","Zap+1","Dualcast","Coolheaded","Cold Snap","Capacitor+1","Doom and Gloom","Ball Lightning","Beam Cell+1","Chill","Steam","Biased Cognition","Genetic Algorithm+1","Cold Snap","Ball Lightning"],"special_seed":0,"relics":["Cracked Core","War Paint","Bag of Marbles","Centennial Puzzle","Boot","Ectoplasm","Lantern","WingedGreaves"],"potions_floor_usage":[],"damage_taken":[{"damage":4.0,"enemies":"Small Slimes","floor":1.0,"turns":3.0},{"damage":0.0,"enemies":"2 Louse","floor":3.0,"turns":2.0},{"damage":0.0,"enemies":"Cultist","floor":4.0,"turns":3.0},{"damage":11.0,"enemies":"3 Sentries","floor":8.0,"turns":5.0},{"damage":0.0,"enemies":"2 Fungi Beasts","floor":10.0,"turns":1.0},{"damage":15.0,"enemies":"Lagavulin","floor":13.0,"turns":5.0},{"damage":0.0,"enemies":"Red Slaver","floor":14.0,"turns":3.0},{"damage":6.0,"enemies":"Hexaghost","floor":16.0,"turns":8.0},{"damage":0.0,"enemies":"Chosen","floor":18.0,"turns":3.0},{"damage":7.0,"enemies":"2 Thieves","floor":21.0,"turns":3.0},{"damage":5.0,"enemies":"Snake Plant","floor":22.0,"turns":3.0},{"damage":46,"enemies":"Gremlin Leader","floor":24,"turns":8},{"damage":6,"enemies":"Sentry and Sphere","floor":25,"turns":3}],"seed_played":"2215391881918789774","potions_obtained":[{"floor":1.0,"key":"GamblersBrew"},{"floor":3.0,"key":"Strength Potion"},{"floor":7.0,"key":"Fruit Juice"},{"floor":7.0,"key":"Block Potion"},{"floor":8.0,"key":"Energy Potion"},{"floor":16.0,"key":"Fire Potion"},{"floor":18.0,"key":"Swift Potion"}],"is_trial":false,"path_per_floor":["M","?","M","M","$","R","?","E","T","M","R","?","E","M","R","B",null,"M","$","?","M","M","R","E","M"],"character_chosen":"DEFECT","items_purchased":["Doom and Gloom","Lantern"],"campfire_rested":0,"item_purchase_floors":[5,19],"current_hp_per_floor":[60,53,53,53,53,53,58,47,47,47,47,47,32,32,32,26,64,64,64,64,57,52,52,6,0],"gold":0,"neow_bonus":"RANDOM_COMMON_RELIC","is_prod":false,"is_daily":false,"chose_seed":false,"campfire_upgraded":4,"win_rate":0,"timestamp":1564858530,"path_taken":["M","?","M","M","$","R","?","E","T","?","R","?","E","M","R","BOSS","M","$","?","?","M","R","E","M"],"build_version":"2019-07-17","purchased_purges":1,"victory":false,"max_hp_per_floor":[71,71,71,71,71,71,76,76,76,76,76,76,76,76,76,76,76,76,76,76,76,76,76,76,76],"card_choices":[{"not_picked":["Sweeping Beam","Hello World"],"picked":"Coolheaded","floor":1.0},{"not_picked":["Aggregate","Go for the Eyes"],"picked":"Cold Snap","floor":3.0},{"not_picked":["Amplify","Conserve Battery"],"picked":"Capacitor","floor":4.0},{"not_picked":["Tempest","Sunder"],"picked":"Ball Lightning","floor":8.0},{"not_picked":["Aggregate","Reinforced Body"],"picked":"Beam Cell","floor":10.0},{"not_picked":["Cold Snap","Genetic Algorithm"],"picked":"Chill","floor":13.0},{"not_picked":["Tempest","Hello World"],"picked":"Steam","floor":14.0},{"not_picked":["Echo Form","Reboot"],"picked":"Biased Cognition","floor":16.0},{"not_picked":["Rebound","Redo"],"picked":"Genetic Algorithm","floor":18.0},{"not_picked":["Steam","Double Energy"],"picked":"Cold Snap","floor":21.0},{"not_picked":["Force Field","Aggregate"],"picked":"Ball Lightning","floor":22.0},{"not_picked":["Chill","Rip and Tear","Reprogram"],"picked":"SKIP","floor":24}],"player_experience":1419353,"relics_obtained":[{"floor":8.0,"key":"Bag of Marbles"},{"floor":9.0,"key":"Centennial Puzzle"},{"floor":13.0,"key":"Boot"},{"floor":24,"key":"WingedGreaves"}],"event_choices":[{"cards_removed":["Defend_B"],"damage_healed":0.0,"max_hp_gain":0.0,"max_hp_loss":0.0,"gold_gain":0.0,"event_name":"Golden Wing","player_choice":"Card Removal","floor":2.0,"gold_loss":0.0,"damage_taken":7.0},{"damage_healed":0.0,"max_hp_gain":0.0,"max_hp_loss":0.0,"gold_gain":0.0,"event_name":"Lab","player_choice":"Got Potions","floor":7.0,"gold_loss":0.0,"damage_taken":0.0},{"cards_removed":["Strike_B"],"damage_healed":0.0,"max_hp_gain":0.0,"max_hp_loss":0.0,"gold_gain":0.0,"event_name":"Bonfire Elementals","player_choice":"Offered Basic","floor":12.0,"gold_loss":0.0,"damage_taken":0.0},{"cards_removed":["Strike_B"],"damage_healed":0.0,"max_hp_gain":0.0,"max_hp_loss":0.0,"gold_gain":0.0,"event_name":"Purifier","player_choice":"Purged","floor":20.0,"gold_loss":0.0,"damage_taken":0.0}],"is_beta":false,"boss_relics":[{"not_picked":["Lizard Tail","Calling Bell"],"picked":"Ectoplasm"}],"items_purged_floors":[19],"is_endless":false,"potions_floor_spawned":[1,3,8,16,18],"killed_by":"Sentry and Sphere","ascension_level":20}