{"path_per_floor":["M","M","?","M","$","R","M","R","T","M","E","?","?","M","R","B",null,"M","$","?","$","?","R","M","R","T","M","M","M","R","M","R"],"character_chosen":"IRONCLAD","items_purchased":["Anchor"],"gold_per_floor":[13,30,105,121,46,46,59,59,59,77,104,104,104,118,118,223,223,238,91,91,91,91,91,106,106,106,120,130,147,147,160,160],"floor_reached":33,"campfire_rested":3,"playtime":1450,"current_hp_per_floor":[78,80,69,73,73,73,69,69,69,60,45,45,45,44,68,25,80,68,68,68,68,82,82,78,78,78,55,57,46,76,66,96],"items_purged":["Defend_R"],"gold":160,"score":274,"play_id":"8e2efdbf-87c4-492b-91a8-7c57f74f51fd","local_time":"20180302130909","is_prod":false,"is_daily":false,"is_ascension_mode":false,"campfire_upgraded":1,"timestamp":1520014149,"path_taken":["M","M","?","M","$","R","M","R","T","M","E","?","?","M","R","BOSS","M","$","?","$","?","R","M","R","T","M","?","M","R","M","R","BOSS"],"build_version":"2018-03-01-PROD1","purchased_purges":1,"victory":false,"master_deck":["Strike_R","Strike_R","Defend_R","Defend_R+1","Bash","Headbutt+1","Heavy Blade+1","Flex+1","Whirlwind","Whirlwind","Ghostly Armor","Feed","Headbutt","Shrug It Off","Flex+1","Warcry+1","Double Tap"],"max_hp_per_floor":[80,80,80,80,80,80,80,80,80,80,80,80,80,80,80,80,80,80,80,80,80,94,94,94,94,94,97,97,100,100,103,103],"relics":["Burning Blood","Peace Pipe","Self Forming Clay","War Paint","Runic Pyramid","Anchor","Mango","Du-Vu Doll"],"card_choices":[{"not_picked":["Cleave","Infernal Blade"],"picked":"Headbutt"},{"not_picked":["Fire Breathing","Battle Trance"],"picked":"Heavy Blade"},{"not_picked":["Combust","Thunderclap"],"picked":"Flex"},{"not_picked":["True Grit","Shrug It Off"],"picked":"Whirlwind"},{"not_picked":["Rupture","Ghostly Armor"],"picked":"Whirlwind"},{"not_picked":["Demon Form","Impervious"],"picked":"Feed"},{"not_picked":["Infernal Blade","Whirlwind"],"picked":"Headbutt"},{"not_picked":["Corruption","Combust"],"picked":"Flex"},{"not_picked":["Fire Breathing","Dropkick"],"picked":"Warcry"},{"not_picked":["Iron Wave","Heavy Blade"],"picked":"Double Tap"}],"player_experience":319633,"potions_floor_usage":[16,16,16,27,28,29],"damage_taken":[{"damage":8,"enemies":"Jaw Worm","floor":1,"turns":3},{"damage":1,"enemies":"Cultist","floor":2,"turns":3},{"damage":2,"enemies":"Small Slimes","floor":4,"turns":3},{"damage":10,"enemies":"Looter","floor":7,"turns":3},{"damage":15,"enemies":"Exordium Wildlife","floor":10,"turns":5},{"damage":21,"enemies":"Gremlin Nob","floor":11,"turns":4},{"damage":7,"enemies":"3 Louse","floor":14,"turns":3},{"damage":49,"enemies":"The Guardian","floor":16,"turns":12},{"damage":18,"enemies":"3 Byrds","floor":18,"turns":5},{"damage":10,"enemies":"2 Thieves","floor":24,"turns":4},{"damage":32,"enemies":"Slaver and Parasite","floor":27,"turns":15},{"damage":4,"enemies":"Centurion and Healer","floor":28,"turns":4},{"damage":20,"enemies":"Cultist and Chosen","floor":29,"turns":9},{"damage":19,"enemies":"Snake Plant","floor":31,"turns":3},{"damage":101,"enemies":"Collector","floor":33,"turns":10}],"event_choices":[{"event_name":"World of Goop","player_choice":"Gather Gold","floor":3,"damage_taken":0},{"event_name":"Living Wall","player_choice":"Grow","floor":12,"damage_taken":0},{"event_name":"Transmorgrifier","player_choice":"Transform","floor":13,"damage_taken":0},{"event_name":"The Library","player_choice":"Read","floor":20,"damage_taken":0},{"event_name":"The Mausoleum","player_choice":"Yes","floor":22,"damage_taken":0}],"boss_relics":[{"not_picked":["White Beast Statue","Eternal Feather"],"picked":"Runic Pyramid"}],"potions_floor_spawned":[2,7,11,14,16,27,28],"seed_played":"-3940079377062107947","killed_by":"Collector","ascension_level":0,"is_trial":false}