{"path_per_floor":["M","M","M","?","M","R","E","R","T","M","$","M","M","M","R","B",null,"M","?","M","?","?","E","R"],"character_chosen":"THE_SILENT","items_purchased":["Glass Knife","Cloak And Dagger"],"gold_per_floor":[114,127,140,140,155,155,185,185,185,198,22,35,46,64,64,162,162,174,174,188,188,188,218,218,218],"floor_reached":25,"campfire_rested":0,"playtime":1114,"item_purchase_floors":[11,11],"current_hp_per_floor":[63,63,63,63,61,61,46,46,46,39,39,39,39,43,43,27,59,48,48,43,43,70,40,40,0],"items_purged":[],"gold":218,"score":326,"play_id":"80b56dd7-9c68-40f8-aa1d-0255bbebe7a7","local_time":"20180607210714","is_prod":false,"is_daily":false,"chose_seed":true,"is_ascension_mode":true,"campfire_upgraded":3,"win_rate":0,"timestamp":1528420034,"campfire_choices":[{"data":"Deadly Poison","floor":6,"key":"SMITH"},{"data":"Skewer","floor":8,"key":"SMITH"},{"data":"Noxious Fumes","floor":15,"key":"SMITH"},{"floor":24,"key":"DIG"}],"path_taken":["M","M","M","?","M","R","E","R","T","M","$","M","?","?","R","BOSS","M","?","M","?","?","E","R","E"],"build_version":"2018-06-07","seed_source_timestamp":381289869256738,"purchased_purges":0,"victory":false,"master_deck":["Defend_G","Defend_G","Defend_G","Defend_G","Defend_G","Strike_G","Strike_G","Strike_G","Strike_G","Strike_G","Survivor","Neutralize+1","Backflip","Wraith Form v2","Deflect","Deadly Poison+1","Skewer+1","Noxious Fumes+1","Glass Knife","Cloak And Dagger","Malaise","Deadly Poison","Bane","Unload","Setup+1","Decay","Prepared+1","Noxious Fumes","Acrobatics+1"],"max_hp_per_floor":[70,70,70,70,70,70,70,70,70,70,70,70,70,70,70,70,70,70,70,70,70,70,70,70,70],"relics":["Ring of the Snake","Boot","Ninja Scroll","Meat on the Bone","Sozu","Shovel","Bottled Flame"],"card_choices":[{"not_picked":["Deflect","Accuracy"],"picked":"Backflip","floor":1},{"not_picked":["Dodge and Roll","Prepared"],"picked":"Wraith Form v2","floor":2},{"not_picked":["Quick Slash","Acrobatics"],"picked":"Deflect","floor":3},{"not_picked":["Accuracy","Dodge and Roll"],"picked":"Deadly Poison","floor":5},{"not_picked":["Dagger Throw","Prepared"],"picked":"Skewer","floor":7},{"not_picked":["Underhanded Strike","Cloak And Dagger"],"picked":"Noxious Fumes","floor":10},{"not_picked":["Crippling Poison","Flying Knee"],"picked":"Malaise","floor":12},{"not_picked":["Concentrate","Malaise"],"picked":"Deadly Poison","floor":13},{"not_picked":["Slice","Prepared"],"picked":"Bane","floor":14},{"not_picked":["Tactician","Phantasmal Killer"],"picked":"Unload","floor":16},{"not_picked":["Deadly Poison","Distraction+1"],"picked":"Setup+1","floor":18},{"not_picked":["Eviscerate","PiercingWail"],"picked":"Prepared+1","floor":20},{"not_picked":["Quick Slash","Predator"],"picked":"Acrobatics+1","floor":23}],"player_experience":409102,"potions_floor_usage":[23,25],"damage_taken":[{"damage":0,"enemies":"2 Louse","floor":1,"turns":4},{"damage":0,"enemies":"Cultist","floor":2,"turns":4},{"damage":0,"enemies":"Jaw Worm","floor":3,"turns":6},{"damage":2,"enemies":"Red Slaver","floor":5,"turns":7},{"damage":15,"enemies":"Lagavulin","floor":7,"turns":9},{"damage":7,"enemies":"Gremlin Gang","floor":10,"turns":4},{"damage":0,"enemies":"Exordium Thugs","floor":12,"turns":3},{"damage":0,"enemies":"Large Slime","floor":13,"turns":4},{"damage":8,"enemies":"3 Louse","floor":14,"turns":3},{"damage":28,"enemies":"Hexaghost","floor":16,"turns":9},{"damage":11,"enemies":"Spheric Guardian","floor":18,"turns":4},{"damage":5,"enemies":"Shell Parasite","floor":20,"turns":4},{"damage":42,"enemies":"Slavers","floor":23,"turns":6},{"damage":46,"enemies":"Gremlin Leader","floor":25,"turns":6}],"relics_obtained":[{"floor":7,"key":"Ninja Scroll"},{"floor":9,"key":"Meat on the Bone"},{"floor":23,"key":"Shovel"},{"floor":24,"key":"Bottled Flame"}],"event_choices":[{"event_name":"Upgrade Shrine","player_choice":"Upgraded","floor":4,"damage_taken":0},{"event_name":"Forgotten Altar","player_choice":"Smashed Altar","floor":19,"damage_taken":0},{"event_name":"The Library","player_choice":"Read","floor":21,"damage_taken":0},{"event_name":"Wheel of Change","player_choice":"Full Heal","floor":22,"damage_taken":0}],"boss_relics":[{"not_picked":["Astrolabe","White Beast Statue"],"picked":"Sozu"}],"items_purged_floors":[],"potions_floor_spawned":[2,12,13,14,18,23],"seed_played":"-8623042705149605899","killed_by":"Gremlin Leader","ascension_level":9,"potions_obtained":[{"floor":2,"key":"PowerPotion"},{"floor":12,"key":"SpeedPotion"},{"floor":13,"key":"Ancient Potion"}],"is_trial":false}