{"path_per_floor":["M","M","$","?","?","E","R","E","T","?","T","R","M","$","R","B",null,"M","M","M","?","$","R","E","R","T","M","M","M","$","?","R"],"character_chosen":"IRONCLAD","items_purchased":["Shrug It Off","Lantern","Heavy Blade","Flex","Evolve"],"gold_per_floor":[116,127,2,2,2,30,30,56,111,111,137,137,149,2,2,107,137,150,161,178,178,4,4,33,33,57,67,82,94,21,21,21],"floor_reached":33,"campfire_rested":2,"playtime":1695,"current_hp_per_floor":[80,80,80,64,69,75,75,49,49,70,70,70,76,76,76,32,90,65,62,52,82,82,82,15,56,63,57,47,35,35,35,78],"items_purged":["Defend_R","Parasite"],"gold":21,"score":328,"play_id":"ea6d3d75-8dd4-4dbb-9afc-f42da80e237d","is_prod":false,"is_daily":false,"is_ascension_mode":true,"campfire_upgraded":4,"path_taken":["M","M","$","?","?","E","R","E","T","?","?","R","M","$","R","BOSS","M","?","M","?","$","R","E","R","T","?","?","M","$","?","R","BOSS"],"build_version":"2018-02-22-PROD2","purchased_purges":2,"victory":false,"master_deck":["Strike_R+1","Strike_R+1","Strike_R+1","Strike_R+1","Strike_R+1","Defend_R+1","Defend_R+1","Defend_R+1","Bash","Battle Trance+1","Shrug It Off","Heavy Blade+1","Flex+1","Headbutt","Rampage","Headbutt","Heavy Blade","Flex+1","Wild Strike+1","Heavy Blade+1","Seeing Red","Evolve","Shockwave+1"],"max_hp_per_floor":[80,80,80,80,85,85,85,85,85,85,85,85,85,85,85,85,90,90,90,90,90,87,87,87,87,94,94,94,94,94,94,94],"relics":["Burning Blood","NeowsBlessing","Art of War","Vajra","Regal Pillow","Dream Catcher","Lantern","Tiny House","Darkstone Periapt","Strawberry"],"card_choices":[{"not_picked":["Clash","Sever Soul"],"picked":"Battle Trance"},{"not_picked":["Dropkick","Warcry"],"picked":"Heavy Blade"},{"not_picked":["Juggernaut","Sword Boomerang"],"picked":"Flex"},{"not_picked":["Pommel Strike","Warcry"],"picked":"Headbutt"},{"not_picked":["Thunderclap","Clothesline"],"picked":"Rampage"},{"not_picked":["Rage","Combust"],"picked":"Headbutt"},{"not_picked":["Dropkick","Evolve"],"picked":"Wild Strike"},{"not_picked":["Intimidate","Wild Strike"],"picked":"Heavy Blade"},{"not_picked":["Sever Soul","Shrug It Off"],"picked":"Seeing Red"},{"not_picked":["Uppercut","Havoc"],"picked":"Shockwave"}],"player_experience":300314,"potions_floor_usage":[16,19,20,20,28,33,33],"damage_taken":[{"damage":0,"enemies":"Small Slimes","floor":1,"turns":1},{"damage":0,"enemies":"Jaw Worm","floor":2,"turns":1},{"damage":0,"enemies":"Gremlin Nob","floor":6,"turns":1},{"damage":32,"enemies":"3 Sentries","floor":8,"turns":10},{"damage":0,"enemies":"2 Louse","floor":13,"turns":2},{"damage":50,"enemies":"Hexaghost","floor":16,"turns":7},{"damage":31,"enemies":"Shell Parasite","floor":18,"turns":6},{"damage":12,"enemies":"Chosen","floor":19,"turns":2},{"damage":16,"enemies":"3 Cultists","floor":20,"turns":6},{"damage":73,"enemies":"Gremlin Leader","floor":24,"turns":6},{"damage":12,"enemies":"Cultist and Chosen","floor":27,"turns":3},{"damage":16,"enemies":"Snake Plant","floor":28,"turns":2},{"damage":18,"enemies":"Snecko","floor":29,"turns":3},{"damage":97,"enemies":"Collector","floor":33,"turns":7}],"event_choices":[{"event_name":"Shining Light","player_choice":"Entered Light","floor":4,"damage_taken":0},{"event_name":"Big Fish","player_choice":"Donut","floor":5,"damage_taken":0},{"event_name":"Mushrooms","player_choice":"Healed and dodged fight","floor":10,"damage_taken":0},{"event_name":"The Library","player_choice":"Heal","floor":21,"damage_taken":0},{"event_name":"Back to Basics","player_choice":"Simplicity","floor":31,"damage_taken":0}],"boss_relics":[{"not_picked":["Philosopher\u0027s Stone","Runic Cube"],"picked":"Tiny House"}],"potions_floor_spawned":[2,16,18,27,28,29],"seed_played":"-5097950874321652093","killed_by":"Collector","ascension_level":2,"is_trial":false}