{"path_per_floor":["M","M","M","?","M","R","E","R","T","E","R","M","R","M","R","B",null,"M","?","M","?","M","E","R","E","T","R","M"],"character_chosen":"THE_SILENT","items_purchased":[],"gold_per_floor":[114,127,140,140,155,155,185,185,185,213,213,226,226,237,237,335,335,353,353,365,290,304,334,334,360,383,383,402,402],"floor_reached":29,"campfire_rested":1,"playtime":1933,"item_purchase_floors":[],"current_hp_per_floor":[63,63,63,63,59,59,39,39,39,38,38,37,37,40,40,38,62,49,63,48,48,48,48,48,35,35,60,47,0],"items_purged":[],"gold":402,"score":435,"play_id":"c1d40c81-8cf6-41d9-bf87-3928e9ffea1d","local_time":"20180605195627","is_prod":false,"is_daily":false,"chose_seed":true,"is_ascension_mode":true,"campfire_upgraded":3,"win_rate":0,"timestamp":1528242987,"campfire_choices":[{"data":"Deadly Poison","floor":6,"key":"SMITH"},{"data":"Skewer","floor":8,"key":"SMITH"},{"floor":11,"key":"DIG"},{"floor":13,"key":"DIG"},{"data":"Noxious Fumes","floor":15,"key":"SMITH"},{"floor":24,"key":"DIG"},{"floor":27,"key":"REST"}],"path_taken":["M","M","M","?","M","R","E","R","T","E","R","?","R","?","R","BOSS","M","?","M","?","?","E","R","E","T","R","M","E"],"build_version":"2018-06-04v2","seed_source_timestamp":203321147072407,"purchased_purges":0,"victory":false,"master_deck":["Defend_G","Defend_G+1","Defend_G","Defend_G+1","Defend_G","Strike_G","Strike_G","Strike_G","Strike_G","Survivor","Neutralize","Backflip","Wraith Form v2+1","Deflect","Deadly Poison+1","Skewer+1","Noxious Fumes+1","Night Terror","Dash","Night Terror","Setup+1","Writhe","Prepared+1","Night Terror","Backflip","Noxious Fumes","Crippling Poison+1","Bane+1"],"max_hp_per_floor":[70,70,70,70,70,70,70,70,70,70,70,70,70,70,70,70,70,70,84,84,84,84,84,84,84,84,84,84,84],"relics":["Ring of the Snake","Boot","Ninja Scroll","Meat on the Bone","Shovel","Bottled Flame","Orichalcum","Sozu","Mango","War Paint","Darkstone Periapt","Toxic Egg 2","Dream Catcher"],"card_choices":[{"not_picked":["Deflect","Accuracy"],"picked":"Backflip","floor":1},{"not_picked":["Dodge and Roll","Prepared"],"picked":"Wraith Form v2","floor":2},{"not_picked":["Quick Slash","Acrobatics"],"picked":"Deflect","floor":3},{"not_picked":["Accuracy","Dodge and Roll"],"picked":"Deadly Poison","floor":5},{"not_picked":["Dagger Throw","Prepared"],"picked":"Skewer","floor":7},{"not_picked":["Underhanded Strike","Cloak And Dagger"],"picked":"Noxious Fumes","floor":10},{"not_picked":["Prepared","Backflip"],"picked":"Night Terror","floor":12},{"not_picked":["Prepared","Crippling Poison"],"picked":"Dash","floor":14},{"not_picked":["Envenom","Phantasmal Killer"],"picked":"Night Terror","floor":16},{"not_picked":["Deadly Poison","Distraction+1"],"picked":"Setup+1","floor":18},{"not_picked":["Eviscerate","PiercingWail"],"picked":"Prepared+1","floor":20},{"not_picked":["Backflip","Flying Knee"],"picked":"Night Terror","floor":22},{"not_picked":["Corpse Explosion","Reflex"],"picked":"Backflip","floor":23},{"not_picked":["Slice","Skewer"],"picked":"Noxious Fumes","floor":25},{"not_picked":["Quick Slash","Deflect+1"],"picked":"Crippling Poison+1","floor":27},{"not_picked":["Dagger Spray","Dodge and Roll+1"],"picked":"Bane+1","floor":28}],"player_experience":399245,"potions_floor_usage":[7,23,25],"damage_taken":[{"damage":0,"enemies":"2 Louse","floor":1,"turns":4},{"damage":0,"enemies":"Cultist","floor":2,"turns":4},{"damage":0,"enemies":"Jaw Worm","floor":3,"turns":6},{"damage":4,"enemies":"Red Slaver","floor":5,"turns":7},{"damage":20,"enemies":"Lagavulin","floor":7,"turns":10},{"damage":1,"enemies":"Gremlin Nob","floor":10,"turns":5},{"damage":1,"enemies":"Gremlin Gang","floor":12,"turns":4},{"damage":9,"enemies":"Exordium Thugs","floor":14,"turns":4},{"damage":14,"enemies":"Hexaghost","floor":16,"turns":11},{"damage":13,"enemies":"Spheric Guardian","floor":18,"turns":6},{"damage":15,"enemies":"Shell Parasite","floor":20,"turns":5},{"damage":0,"enemies":"Snecko","floor":22,"turns":8},{"damage":0,"enemies":"Slavers","floor":23,"turns":7},{"damage":25,"enemies":"Gremlin Leader","floor":25,"turns":7},{"damage":13,"enemies":"Snake Plant","floor":28,"turns":5},{"damage":49,"enemies":"Book of Stabbing","floor":29,"turns":6}],"relics_obtained":[{"floor":7,"key":"Ninja Scroll"},{"floor":9,"key":"Meat on the Bone"},{"floor":10,"key":"Shovel"},{"floor":11,"key":"Bottled Flame"},{"floor":13,"key":"Orichalcum"},{"floor":23,"key":"War Paint"},{"floor":24,"key":"Darkstone Periapt"},{"floor":25,"key":"Toxic Egg 2"},{"floor":26,"key":"Dream Catcher"}],"event_choices":[{"event_name":"Upgrade Shrine","player_choice":"Upgraded","floor":4,"damage_taken":0},{"event_name":"The Mausoleum","player_choice":"Yes","floor":19,"damage_taken":0},{"event_name":"Beggar","player_choice":"Gave Gold","floor":21,"damage_taken":0}],"boss_relics":[{"not_picked":["Astrolabe","White Beast Statue"],"picked":"Sozu"}],"items_purged_floors":[],"potions_floor_spawned":[2,12,14,18,22,23,28],"seed_played":"-8623042705149605899","killed_by":"Book of Stabbing","ascension_level":9,"potions_obtained":[{"floor":2,"key":"PowerPotion"},{"floor":12,"key":"LiquidBronze"},{"floor":14,"key":"GhostInAJar"}],"is_trial":false}