{"gold_per_floor":[15,25,41,41,1,34,34,64,64,64,80,108,108,123,123,123],"floor_reached":16,"playtime":887,"items_purged":[],"score":240,"play_id":"61eec03c-669c-4455-ab3d-9f3013fb20b2","local_time":"20190119095935","is_ascension_mode":true,"campfire_choices":[{"data":"Clothesline","floor":7.0,"key":"SMITH"},{"data":"Flame Barrier","floor":10.0,"key":"SMITH"},{"data":"Metallicize","floor":13.0,"key":"SMITH"},{"data":"True Grit","floor":15.0,"key":"SMITH"}],"neow_cost":"NO_GOLD","seed_source_timestamp":217988582685806,"circlet_count":0,"master_deck":["AscendersBane","Strike_R","Strike_R","Strike_R","Strike_R","Strike_R","Defend_R","Defend_R","Defend_R+1","Defend_R","Bash+1","Offering","Clothesline+1","Wild Strike","Flame Barrier+1","Shockwave+1","Metallicize+1","Dark Embrace","Corruption","True Grit+1"],"special_seed":0,"relics":["Burning Blood","Bag of Marbles","Matryoshka","War Paint","Kunai","Prayer Wheel"],"potions_floor_usage":[16],"damage_taken":[{"damage":6.0,"enemies":"2 Louse","floor":1.0,"turns":3.0},{"damage":6.0,"enemies":"Cultist","floor":2.0,"turns":2.0},{"damage":4.0,"enemies":"Small Slimes","floor":3.0,"turns":3.0},{"damage":23.0,"enemies":"Gremlin Nob","floor":6.0,"turns":4.0},{"damage":21.0,"enemies":"Lagavulin","floor":8.0,"turns":8.0},{"damage":8.0,"enemies":"Exordium Wildlife","floor":11.0,"turns":3.0},{"damage":12.0,"enemies":"3 Sentries","floor":12.0,"turns":8.0},{"damage":9.0,"enemies":"Large Slime","floor":14.0,"turns":9.0},{"damage":33,"enemies":"The Guardian","floor":16,"turns":11}],"seed_played":"-6912542597392522563","potions_obtained":[{"floor":2.0,"key":"Ancient Potion"},{"floor":12.0,"key":"FearPotion"}],"is_trial":false,"path_per_floor":["M","M","M","?","$","E","R","E","T","R","M","E","R","M","R","B"],"character_chosen":"IRONCLAD","items_purchased":["Shockwave"],"campfire_rested":0,"item_purchase_floors":[5],"current_hp_per_floor":[68,68,70,70,70,53,53,38,38,38,36,30,30,27,27,0],"gold":123,"neow_bonus":"THREE_RARE_CARDS","is_prod":false,"is_daily":false,"chose_seed":false,"campfire_upgraded":4,"win_rate":0,"timestamp":1547920775,"path_taken":["M","M","M","?","$","E","R","E","T","R","M","E","R","M","R","BOSS"],"build_version":"2019-01-17","purchased_purges":0,"victory":false,"max_hp_per_floor":[75,75,75,75,75,75,75,75,75,75,75,75,75,75,75,75],"card_choices":[{"not_picked":["Brutality","Berserk"],"picked":"Offering","floor":0.0},{"not_picked":["Armaments","Twin Strike"],"picked":"Clothesline","floor":1.0},{"not_picked":["Armaments","Heavy Blade"],"picked":"Wild Strike","floor":2.0},{"not_picked":["Twin Strike","Flex"],"picked":"Flame Barrier","floor":3.0},{"not_picked":["Entrench","Pommel Strike","Perfected Strike"],"picked":"SKIP","floor":6.0},{"not_picked":["Second Wind","Sever Soul"],"picked":"Metallicize","floor":8.0},{"not_picked":["Clash","Blood for Blood","Thunderclap"],"picked":"SKIP","floor":11.0},{"not_picked":["Sword Boomerang","Sentinel"],"picked":"Dark Embrace","floor":12.0},{"not_picked":["Second Wind","Cleave"],"picked":"Corruption","floor":14.0},{"not_picked":["Perfected Strike","Spot Weakness"],"picked":"True Grit","floor":14.0}],"player_experience":1258847,"relics_obtained":[{"floor":6.0,"key":"Bag of Marbles"},{"floor":8.0,"key":"Matryoshka"},{"floor":9.0,"key":"War Paint"},{"floor":9.0,"key":"Kunai"},{"floor":12.0,"key":"Prayer Wheel"}],"event_choices":[{"damage_healed":0.0,"max_hp_gain":0.0,"max_hp_loss":0.0,"gold_gain":0.0,"event_name":"Accursed Blacksmith","player_choice":"Forge","floor":4.0,"gold_loss":0.0,"damage_taken":0.0,"cards_upgraded":["Bash"]}],"is_beta":true,"boss_relics":[],"items_purged_floors":[],"is_endless":false,"potions_floor_spawned":[2,12],"killed_by":"The Guardian","ascension_level":20}