{"path_per_floor":["M","$","M","?","?","E","R","E","T","M","?","R","E","M","R","B",null,"M","M","$","M","$","M","M","?","T","E","?","R","?","?","R","B",null,"M","M","?","?","M","E","R","M","T","?","M","R","E","M","R"],"character_chosen":"IRONCLAD","items_purchased":["Body Slam","Bag of Marbles"],"gold_per_floor":[110,35,50,50,0,31,31,62,62,80,80,80,107,124,124,221,221,238,258,235,245,97,107,126,126,126,154,154,154,79,79,79,179,179,193,212,182,182,192,218,218,236,536,536,553,553,581,598,598],"floor_reached":50,"campfire_rested":5,"playtime":3046,"current_hp_per_floor":[80,80,80,80,80,80,80,79,79,80,80,80,64,73,73,42,80,80,80,80,80,80,60,69,69,83,58,58,86,86,62,90,45,94,90,88,88,88,65,37,65,44,44,44,23,51,68,58,86],"items_purged":["Defend_R"],"gold":598,"score":541,"play_id":"6763ff0c-c5aa-42ca-8778-41ac7746fe77","local_time":"20180304200216","is_prod":false,"is_daily":false,"is_ascension_mode":true,"campfire_upgraded":3,"timestamp":1520211736,"path_taken":["M","$","M","?","?","E","R","E","T","M","?","R","E","?","R","BOSS","M","M","$","M","$","M","M","?","T","E","?","R","?","?","R","BOSS","M","M","?","?","?","E","R","M","T","?","M","R","E","M","R","BOSS"],"build_version":"2018-03-01-PROD1","purchased_purges":2,"victory":false,"master_deck":["Bash+1","Iron Wave+1","Fiend Fire+1","Anger+1","Power Through+1","Flame Barrier+1","Burning Pact+1","Barricade","Cleave+1","Headbutt+1","Warcry","Heavy Blade+1","Flex","Fire Breathing","Battle Trance","Evolve","Rampage+1","Body Slam+1","Iron Wave+1","Seeing Red+1","Inflame","Impervious","Infernal Blade","Whirlwind+1","Flex","Feel No Pain","Bloodletting+1","Corruption+1","Sword Boomerang+1","Disarm+1"],"max_hp_per_floor":[80,80,80,80,80,80,80,80,80,80,80,80,80,80,80,80,80,80,80,80,80,80,80,80,80,94,94,94,94,94,94,94,94,94,94,94,94,94,94,94,94,94,94,94,94,94,94,94,94],"relics":["Burning Blood","NeowsBlessing","Molten Egg 2","Matryoshka","War Paint","Magic Flower","Lantern","Pandora\u0027s Box","Bag of Marbles","Pen Nib","Mango","Whetstone","Lizard Tail","Paper Frog","Old Coin","Shuriken"],"card_choices":[{"not_picked":["Clash","Sword Boomerang"],"picked":"Iron Wave"},{"not_picked":["Sever Soul","Rage"],"picked":"Fiend Fire"},{"not_picked":["Dual Wield","Bloodletting"],"picked":"Anger"},{"not_picked":["Burning Pact","Sword Boomerang"],"picked":"Power Through"},{"not_picked":["Armaments","Feel No Pain"],"picked":"Flame Barrier"},{"not_picked":["True Grit","Warcry"],"picked":"Burning Pact"},{"not_picked":["Double Tap","Brutality"],"picked":"Barricade"},{"not_picked":["Perfected Strike","Inflame"],"picked":"Evolve"},{"not_picked":["Inflame","Fire Breathing"],"picked":"Rampage"},{"not_picked":["Clash","Heavy Blade"],"picked":"Iron Wave"},{"not_picked":["Burning Pact","Perfected Strike"],"picked":"Seeing Red"},{"not_picked":["Fiend Fire","Juggernaut"],"picked":"Impervious"},{"not_picked":["Havoc","Reckless Charge"],"picked":"Infernal Blade"},{"not_picked":["Shrug It Off","Metallicize"],"picked":"Whirlwind"},{"not_picked":["True Grit","Seeing Red"],"picked":"Flex"},{"not_picked":["Pommel Strike","Infernal Blade"],"picked":"Feel No Pain"},{"not_picked":["Evolve","Spot Weakness"],"picked":"Bloodletting"},{"not_picked":["Clash","Pommel Strike"],"picked":"Corruption"},{"not_picked":["Combust","Corruption"],"picked":"Sword Boomerang"},{"not_picked":["Wild Strike","Iron Wave"],"picked":"Disarm"}],"player_experience":406009,"potions_floor_usage":[16,16,16,19,27,33,33,35,40,45,47,47,50],"damage_taken":[{"damage":0,"enemies":"Small Slimes","floor":1,"turns":1},{"damage":0,"enemies":"Cultist","floor":3,"turns":1},{"damage":0,"enemies":"3 Sentries","floor":6,"turns":2},{"damage":7,"enemies":"Gremlin Nob","floor":8,"turns":3},{"damage":0,"enemies":"2 Louse","floor":10,"turns":3},{"damage":25,"enemies":"3 Sentries","floor":13,"turns":8},{"damage":0,"enemies":"Lots of Slimes","floor":14,"turns":3},{"damage":40,"enemies":"Hexaghost","floor":16,"turns":8},{"damage":3,"enemies":"3 Byrds","floor":18,"turns":4},{"damage":0,"enemies":"Spheric Guardian","floor":19,"turns":3},{"damage":7,"enemies":"3 Cultists","floor":21,"turns":5},{"damage":29,"enemies":"Cultist and Chosen","floor":23,"turns":6},{"damage":0,"enemies":"Snake Plant","floor":24,"turns":2},{"damage":34,"enemies":"Slavers","floor":27,"turns":4},{"damage":54,"enemies":"Collector","floor":33,"turns":7},{"damage":13,"enemies":"Orb Walker","floor":35,"turns":3},{"damage":11,"enemies":"3 Shapes","floor":36,"turns":4},{"damage":32,"enemies":"Maw","floor":39,"turns":7},{"damage":37,"enemies":"Giant Head","floor":40,"turns":9},{"damage":30,"enemies":"3 Darklings","floor":42,"turns":6},{"damage":50,"enemies":"Sphere and 2 Shapes","floor":45,"turns":6},{"damage":68,"enemies":"Nemesis","floor":47,"turns":7},{"damage":19,"enemies":"4 Shapes","floor":48,"turns":4},{"damage":89,"enemies":"Time Eater","floor":50,"turns":12}],"event_choices":[{"event_name":"Living Wall","player_choice":"Grow","floor":4,"damage_taken":0},{"event_name":"The Cleric","player_choice":"Card Removal","floor":5,"damage_taken":0},{"event_name":"Liars Game","player_choice":"disagreed","floor":11,"damage_taken":0},{"event_name":"Match and Keep!","player_choice":"3 cards matched","floor":25,"damage_taken":0},{"event_name":"Vampires","player_choice":"Ignored","floor":28,"damage_taken":0},{"event_name":"Beggar","player_choice":"Gave Gold","floor":30,"damage_taken":0},{"event_name":"Knowing Skull","player_choice":"POTION POTION ","floor":31,"damage_taken":0},{"event_name":"The Woman in Blue","player_choice":"Bought 2 Potions","floor":37,"damage_taken":0},{"event_name":"Mysterious Sphere","player_choice":"Ignore","floor":44,"damage_taken":0}],"boss_relics":[{"not_picked":["Sozu","Tiny House"],"picked":"Pandora\u0027s Box"},{"not_picked":["Cursed Key","Black Star"],"picked":"Lizard Tail"}],"potions_floor_spawned":[6,8,14,16,23,24,33,39,42,45],"seed_played":"8603088436700644648","killed_by":"Time Eater","ascension_level":1,"is_trial":false}