{"path_per_floor":["M","M","M","?","T","R","E","M","T","?","E","$","$","?","R","B",null,"M","T","M","M","$","R","?","R","T","$","M","E","T","M","R","B",null,"M","$","M","?","?","R","M","R","T","?","M","E","?","M","R","B"],"character_chosen":"IRONCLAD","items_purchased":["Barricade","Lantern","Shrug It Off","Sentinel","Shrug It Off","Orichalcum","Oddly Smooth Stone","Vajra","Armaments"],"gold_per_floor":[118,132,150,225,278,278,309,324,324,376,408,67,67,67,67,169,169,183,183,195,215,13,13,193,193,193,39,55,81,106,117,117,218,218,232,34,48,48,0,0,15,15,15,15,28,53,53,71,71,71],"floor_reached":51,"campfire_rested":3,"playtime":1816,"current_hp_per_floor":[70,74,73,62,62,62,55,57,57,57,45,45,45,29,53,49,72,72,82,80,76,76,76,44,71,71,71,88,83,83,91,91,81,92,63,63,99,99,99,99,77,77,77,65,77,40,40,29,74,56],"items_purged":[],"gold":71,"score":1006,"play_id":"46070f6b-fa54-487f-b9f6-35a2d8debbb3","local_time":"20180415163629","is_prod":false,"is_daily":false,"chose_seed":true,"is_ascension_mode":true,"campfire_upgraded":5,"timestamp":1523824589,"path_taken":["M","M","?","?","?","R","E","M","T","?","E","?","$","?","R","BOSS","M","?","?","M","$","R","?","R","T","$","M","E","?","M","R","BOSS","M","$","M","?","?","R","M","R","T","?","M","E","?","M","R","BOSS"],"build_version":"2018-04-13","seed_source_timestamp":286595058536926,"purchased_purges":0,"victory":true,"master_deck":["Strike_R+1","Strike_R","Strike_R","Strike_R","Strike_R","Defend_R","Defend_R","Defend_R","Defend_R","Bash","Shockwave+1","Inflame","Pummel+1","Uppercut","Feel No Pain+1","Flame Barrier+1","Barricade+1","Shrug It Off+1","Sentinel+1","Demon Form+1","True Grit+1","Parasite","Body Slam+1","Feed","Shrug It Off+1","Swift Strike","Parasite","Body Slam+1","Shrug It Off+1","Injury","Double Tap+1","Fire Breathing+1","Armaments+1","Shrug It Off+1","Metallicize+1","Clumsy","Madness+1","Madness+1","Armaments+1","Heavy Blade+1","Reckless Charge"],"max_hp_per_floor":[80,80,80,80,80,80,80,80,80,80,80,80,80,80,80,80,80,80,90,90,90,90,90,90,90,90,90,93,93,93,93,93,96,96,96,96,99,99,99,99,99,99,99,99,99,99,99,101,101,101],"relics":["Burning Blood","Blood Vial","Anchor","Red Skull","Self Forming Clay","Toxic Egg 2","Lantern","Cursed Key","Pear","Orichalcum","Magic Flower","Oddly Smooth Stone","Sundial","Regal Pillow","Runic Dome","Vajra","Red Mask","Centennial Puzzle","Singing Bowl"],"card_choices":[{"not_picked":["Headbutt","Heavy Blade"],"picked":"Shockwave","floor":1},{"not_picked":["Power Through","Body Slam"],"picked":"Inflame","floor":2},{"not_picked":["Clothesline","Iron Wave"],"picked":"Pummel","floor":3},{"not_picked":["Cleave","Double Tap"],"picked":"Uppercut","floor":7},{"not_picked":["Inflame","Clash"],"picked":"Feel No Pain","floor":8},{"not_picked":["Sentinel","Heavy Blade"],"picked":"Flame Barrier","floor":11},{"not_picked":["Offering","Immolate"],"picked":"Demon Form","floor":16},{"not_picked":["Burning Pact","Second Wind"],"picked":"True Grit","floor":18},{"not_picked":["Rampage","Warcry"],"picked":"Body Slam","floor":20},{"not_picked":["Headbutt","Sword Boomerang"],"picked":"Feed","floor":21},{"not_picked":["Sword Boomerang","Cleave"],"picked":"Body Slam","floor":28},{"not_picked":["Infernal Blade","Thunderclap"],"picked":"Shrug It Off","floor":29},{"not_picked":["Brutality","Exhume"],"picked":"Double Tap","floor":33},{"not_picked":["Combust","Second Wind"],"picked":"Fire Breathing","floor":35},{"not_picked":["Anger","Pommel Strike"],"picked":"Shrug It Off","floor":37},{"not_picked":["Rampage","Combust"],"picked":"Metallicize","floor":41},{"not_picked":["True Grit","Reckless Charge"],"picked":"Armaments","floor":45},{"not_picked":["Perfected Strike","Havoc"],"picked":"Heavy Blade","floor":46}],"player_experience":217726,"potions_floor_usage":[7,16,33,33,37,48,50,50],"damage_taken":[{"damage":10,"enemies":"Cultist","floor":1,"turns":4},{"damage":4,"enemies":"Jaw Worm","floor":2,"turns":4},{"damage":9,"enemies":"Small Slimes","floor":3,"turns":5},{"damage":15,"enemies":"Lagavulin","floor":7,"turns":4},{"damage":6,"enemies":"Red Slaver","floor":8,"turns":3},{"damage":20,"enemies":"Gremlin Nob","floor":11,"turns":5},{"damage":12,"enemies":"The Guardian","floor":16,"turns":15},{"damage":8,"enemies":"Chosen","floor":18,"turns":6},{"damage":10,"enemies":"Shell Parasite","floor":20,"turns":4},{"damage":12,"enemies":"Centurion and Healer","floor":21,"turns":7},{"damage":0,"enemies":"3 Cultists","floor":28,"turns":6},{"damage":17,"enemies":"Book of Stabbing","floor":29,"turns":6},{"damage":4,"enemies":"Slaver and Parasite","floor":31,"turns":6},{"damage":26,"enemies":"Automaton","floor":33,"turns":11},{"damage":41,"enemies":"Flame Bruiser 1 Orb","floor":35,"turns":8},{"damage":0,"enemies":"3 Shapes","floor":37,"turns":6},{"damage":31,"enemies":"3 Darklings","floor":41,"turns":6},{"damage":0,"enemies":"Maw","floor":45,"turns":7},{"damage":49,"enemies":"Nemesis","floor":46,"turns":7},{"damage":25,"enemies":"Flame Bruiser 2 Orb","floor":48,"turns":7},{"damage":30,"enemies":"Time Eater","floor":50,"turns":10}],"event_choices":[{"event_name":"World of Goop","player_choice":"Gather Gold","floor":4,"damage_taken":0},{"event_name":"Golden Wing","player_choice":"Gained Gold","floor":10,"damage_taken":0},{"event_name":"Shining Light","player_choice":"Entered Light","floor":14,"damage_taken":0},{"event_name":"Knowing Skull","player_choice":"GOLD GOLD CARD ","floor":24,"damage_taken":0},{"event_name":"Upgrade Shrine","player_choice":"Upgraded","floor":38,"damage_taken":0},{"event_name":"Tomb of Lord Red Mask","player_choice":"Paid","floor":39,"damage_taken":0},{"event_name":"Winding Halls","player_choice":"Embrace Madness","floor":44,"damage_taken":0},{"event_name":"Match and Keep!","player_choice":"1 cards matched","floor":47,"damage_taken":0}],"boss_relics":[{"not_picked":["Pandora\u0027s Box","Ectoplasm"],"picked":"Cursed Key"},{"not_picked":["White Beast Statue","Runic Pyramid"],"picked":"Runic Dome"}],"potions_floor_spawned":[2,7,16,21,29,35,45,46],"seed_played":"-1663349045640805487","ascension_level":6,"is_trial":false}