{"gold_per_floor":[215,229,0,20,20,53,80,80,107,118,118,44,112,112,112,243,243,264,280,15,33,47,83,8,8,55,55,55,55,69,69,69,190,190,206,206,224,148,44,44,44,19,43,43,67,87,106,29,29,29],"floor_reached":50,"playtime":1859,"items_purged":["Strike_R"],"score":483,"play_id":"4c25dc57-f68e-4c22-9db9-19a4bcfb1e3c","local_time":"20181104170557","is_ascension_mode":false,"campfire_choices":[{"floor":8,"key":"REST"},{"floor":11,"key":"REST"},{"data":"Immolate","floor":15,"key":"SMITH"},{"floor":25,"key":"REST"},{"data":"Feel No Pain","floor":27,"key":"SMITH"},{"data":"Flame Barrier","floor":29,"key":"SMITH"},{"floor":32,"key":"REST"},{"data":"Limit Break","floor":40,"key":"SMITH"},{"data":"True Grit","floor":44,"key":"SMITH"},{"data":"Shrug It Off","floor":49,"key":"SMITH"}],"neow_cost":"NONE","seed_source_timestamp":1236885044024971,"circlet_count":0,"master_deck":["Strike_R","Strike_R","Strike_R","Defend_R+1","Defend_R+1","Defend_R","Defend_R","Bash","Evolve","Sword Boomerang","Dropkick","Wild Strike","Metallicize","Reckless Charge","Immolate+1","Inflame","Feed","Sentinel","Rampage+1","Corruption","Flame Barrier+1","Metallicize+1","Feel No Pain+1","Entrench","Necronomicurse","Limit Break+1","True Grit+1","Clothesline","Flex","True Grit+1","Anger+1","Power Through+1","Flex+1","Shrug It Off+1","Heavy Blade"],"relics":["Black Blood","ClockworkSouvenir","Bag of Preparation","Odd Mushroom","Art of War","Golden Idol","Bronze Scales","Smiling Mask","Orichalcum","Necronomicon","Mark of Pain","Magic Flower","Ancient Tea Set"],"potions_floor_usage":[6,16,19,23,23,33,45,50],"damage_taken":[{"damage":1,"enemies":"Cultist","floor":1,"turns":4},{"damage":3,"enemies":"2 Louse","floor":2,"turns":4},{"damage":0,"enemies":"Small Slimes","floor":4,"turns":3},{"damage":38,"enemies":"Lagavulin","floor":6,"turns":7},{"damage":18,"enemies":"The Mushroom Lair","floor":7,"turns":7},{"damage":11,"enemies":"Exordium Thugs","floor":10,"turns":5},{"damage":49,"enemies":"The Guardian","floor":16,"turns":12},{"damage":7,"enemies":"3 Byrds","floor":18,"turns":4},{"damage":16,"enemies":"Spheric Guardian","floor":19,"turns":4},{"damage":18,"enemies":"Snake Plant","floor":21,"turns":4},{"damage":10,"enemies":"Centurion and Healer","floor":22,"turns":8},{"damage":50,"enemies":"Book of Stabbing","floor":23,"turns":6},{"damage":15,"enemies":"Cultist and Chosen","floor":30,"turns":6},{"damage":59,"enemies":"Automaton","floor":33,"turns":11},{"damage":11,"enemies":"3 Shapes","floor":35,"turns":5},{"damage":17,"enemies":"3 Darklings","floor":37,"turns":3},{"damage":14,"enemies":"Spire Growth","floor":45,"turns":4},{"damage":0,"enemies":"Maw","floor":46,"turns":7},{"damage":9,"enemies":"3 Darklings","floor":47,"turns":3},{"damage":90,"enemies":"Donu and Deca","floor":50,"turns":11}],"seed_played":"7851051352486931560","potions_obtained":[{"floor":1,"key":"PowerPotion"},{"floor":6,"key":"Explosive Potion"},{"floor":7,"key":"GamblersBrew"},{"floor":10,"key":"Fire Potion"},{"floor":19,"key":"Energy Potion"},{"floor":30,"key":"Regen Potion"},{"floor":33,"key":"Energy Potion"},{"floor":35,"key":"Swift Potion"}],"is_trial":false,"path_per_floor":["M","M","$","M","?","E","?","R","T","M","R","$","?","?","R","B",null,"M","M","$","M","M","E","?","R","T","R","?","R","M","?","R","B",null,"M","?","M","?","$","R","$","$","T","R","M","M","M","$","R","B"],"character_chosen":"IRONCLAD","items_purchased":["ClockworkSouvenir","Dropkick","Inflame","Corruption","Bronze Scales","LiquidBronze","Flex","True Grit","Shrug It Off","Heavy Blade"],"campfire_rested":4,"item_purchase_floors":[3,3,12,20,20,39,39,42,48,48],"current_hp_per_floor":[80,80,80,80,64,32,20,44,44,39,63,63,63,63,63,20,74,74,71,71,66,66,29,29,53,53,53,80,80,75,59,83,46,83,82,82,78,78,78,78,78,78,78,78,79,86,86,86,86,0],"gold":29,"neow_bonus":"HUNDRED_GOLD","is_prod":false,"is_daily":false,"chose_seed":false,"campfire_upgraded":6,"win_rate":0,"timestamp":1541369157,"path_taken":["M","M","$","?","?","E","?","R","T","M","R","$","?","?","R","BOSS","M","M","$","M","M","E","?","R","T","R","?","R","M","?","R","BOSS","M","?","?","?","$","R","?","$","T","R","M","M","?","?","R","BOSS"],"build_version":"2018-11-02","purchased_purges":1,"victory":false,"max_hp_per_floor":[80,80,80,80,80,80,80,80,80,80,80,80,80,74,74,74,74,74,77,77,80,80,83,83,83,83,83,83,83,83,83,83,83,83,83,83,86,86,86,86,86,86,86,86,86,86,86,86,86,86],"card_choices":[{"not_picked":["Bloodletting","Rage"],"picked":"Evolve","floor":1},{"not_picked":["Anger","Warcry"],"picked":"Sword Boomerang","floor":2},{"not_picked":["Havoc","Headbutt"],"picked":"Wild Strike","floor":4},{"not_picked":["Second Wind","Perfected Strike"],"picked":"Metallicize","floor":6},{"not_picked":["Heavy Blade","Iron Wave"],"picked":"Reckless Charge","floor":7},{"not_picked":["Heavy Blade","Second Wind"],"picked":"Immolate","floor":10},{"not_picked":["Double Tap","Dark Embrace"],"picked":"Feed","floor":16},{"not_picked":["Havoc+1","Ghostly Armor"],"picked":"Sentinel","floor":18},{"not_picked":["Second Wind","Infernal Blade"],"picked":"Rampage+1","floor":19},{"not_picked":["Flex","Body Slam"],"picked":"Flame Barrier","floor":21},{"not_picked":["Evolve","Warcry"],"picked":"Metallicize+1","floor":22},{"not_picked":["Dark Embrace","Clash+1"],"picked":"Feel No Pain","floor":23},{"not_picked":["Headbutt","Clash"],"picked":"Entrench","floor":30},{"not_picked":["Reaper","Immolate"],"picked":"Limit Break","floor":33},{"not_picked":["Carnage","Twin Strike"],"picked":"True Grit+1","floor":35},{"not_picked":["Pommel Strike+1","Iron Wave"],"picked":"Clothesline","floor":37},{"not_picked":["Iron Wave","Clothesline"],"picked":"Anger+1","floor":45},{"not_picked":["Sword Boomerang+1","Heavy Blade+1"],"picked":"Power Through+1","floor":46},{"not_picked":["Iron Wave","Perfected Strike+1"],"picked":"Flex+1","floor":47}],"player_experience":906667,"relics_obtained":[{"floor":6,"key":"Bag of Preparation"},{"floor":7,"key":"Odd Mushroom"},{"floor":9,"key":"Art of War"},{"floor":23,"key":"Smiling Mask"},{"floor":26,"key":"Orichalcum"},{"floor":31,"key":"Necronomicon"},{"floor":43,"key":"Ancient Tea Set"}],"event_choices":[{"damage_healed":0,"gold_gain":0,"player_choice":"Entered Light","damage_taken":16,"max_hp_gain":0,"max_hp_loss":0,"event_name":"Shining Light","floor":5,"gold_loss":0,"cards_upgraded":["Defend_R","Defend_R"]},{"damage_healed":0,"gold_gain":0,"player_choice":"Fought Mushrooms","damage_taken":0,"max_hp_gain":0,"max_hp_loss":0,"event_name":"Mushrooms","floor":7,"gold_loss":0},{"damage_healed":0,"gold_gain":68,"player_choice":"Gained Gold","damage_taken":0,"max_hp_gain":0,"max_hp_loss":0,"event_name":"Golden Wing","floor":13,"gold_loss":0},{"damage_healed":0,"gold_gain":0,"player_choice":"Lose Max HP","damage_taken":0,"relics_obtained":["Golden Idol"],"max_hp_gain":0,"max_hp_loss":6,"event_name":"Golden Idol","floor":14,"gold_loss":0},{"cards_removed":["Strike_R"],"damage_healed":0,"gold_gain":0,"player_choice":"Gave Gold","damage_taken":0,"max_hp_gain":0,"max_hp_loss":0,"event_name":"Beggar","floor":24,"gold_loss":75},{"damage_healed":27,"gold_gain":0,"player_choice":"Heal","damage_taken":0,"max_hp_gain":0,"max_hp_loss":0,"event_name":"The Library","floor":28,"gold_loss":0},{"damage_healed":0,"gold_gain":0,"player_choice":"Obtained Book","damage_taken":16,"max_hp_gain":0,"max_hp_loss":0,"event_name":"Cursed Tome","floor":31,"gold_loss":0},{"damage_healed":0,"gold_gain":0,"player_choice":"Ignored","damage_taken":0,"max_hp_gain":0,"max_hp_loss":0,"event_name":"SecretPortal","floor":36,"gold_loss":0},{"damage_healed":0,"gold_gain":0,"player_choice":"Paid Gold","damage_taken":0,"relics_obtained":["Magic Flower"],"max_hp_gain":0,"max_hp_loss":0,"event_name":"WeMeetAgain","floor":38,"gold_loss":76}],"is_beta":true,"boss_relics":[{"not_picked":["Philosopher\u0027s Stone","Black Star"],"picked":"Black Blood"},{"not_picked":["Sozu","Velvet Choker"],"picked":"Mark of Pain"}],"items_purged_floors":[20],"is_endless":false,"potions_floor_spawned":[1,6,7,10,19,30,33,35],"killed_by":"Donu and Deca","ascension_level":0}