{"gold_per_floor":[216,233,233,149,167,194,194,214,290,20,31,60,60,73,73,178,178,188,201,57,57,72,72],"floor_reached":23,"playtime":1485,"items_purged":["Strike_G"],"score":325,"play_id":"d4144ec5-90e6-4167-9d14-647741e8e1c6","local_time":"20180810190400","is_ascension_mode":true,"campfire_choices":[{"floor":7,"key":"REST"},{"floor":13,"key":"REST"},{"floor":15,"key":"REST"}],"neow_cost":"NONE","seed_source_timestamp":1754311805140403,"circlet_count":0,"master_deck":["Defend_G","Defend_G","Defend_G+1","Defend_G","Defend_G","Strike_G","Strike_G","Strike_G","Strike_G+1","Survivor","Neutralize","AscendersBane","Deadly Poison","Poisoned Stab","Caltrops","Backflip","Dodge and Roll","Die Die Die","Deflect","Well Laid Plans","Flechettes","Quick Slash","Dash","Flying Knee","A Thousand Cuts","PiercingWail+1","Backflip+1","Footwork","Leg Sweep+1","Well Laid Plans"],"relics":["Ring of the Snake","Ginger","Toxic Egg 2","Ancient Tea Set","Centennial Puzzle","Sozu"],"potions_floor_usage":[6,6,18,22],"damage_taken":[{"damage":1,"enemies":"Cultist","floor":1,"turns":5},{"damage":1,"enemies":"Small Slimes","floor":2,"turns":5},{"damage":0,"enemies":"2 Louse","floor":5,"turns":4},{"damage":14,"enemies":"3 Sentries","floor":6,"turns":9},{"damage":3,"enemies":"2 Fungi Beasts","floor":8,"turns":3},{"damage":7,"enemies":"Lots of Slimes","floor":11,"turns":4},{"damage":33,"enemies":"Gremlin Nob","floor":12,"turns":4},{"damage":4,"enemies":"Gremlin Gang","floor":14,"turns":5},{"damage":27,"enemies":"The Guardian","floor":16,"turns":11},{"damage":0,"enemies":"Chosen","floor":18,"turns":4},{"damage":11,"enemies":"Spheric Guardian","floor":19,"turns":5},{"damage":9,"enemies":"Snake Plant","floor":22,"turns":4},{"damage":40,"enemies":"Slavers","floor":23,"turns":4}],"seed_played":"-6257035949968894214","potions_obtained":[{"floor":1,"key":"SteroidPotion"},{"floor":2,"key":"Ancient Potion"},{"floor":11,"key":"LiquidBronze"},{"floor":14,"key":"Poison Potion"}],"is_trial":false,"path_per_floor":["M","M","?","$","M","E","R","M","T","$","M","E","R","M","R","B",null,"M","M","$","?","M"],"character_chosen":"THE_SILENT","items_purchased":["Caltrops","Backflip","Ancient Tea Set","Well Laid Plans","Flechettes","Footwork"],"campfire_rested":3,"item_purchase_floors":[4,4,10,10,10,20],"current_hp_per_floor":[62,61,47,47,47,33,54,51,51,51,44,11,32,28,49,22,58,58,47,47,47,38,0],"gold":72,"neow_bonus":"HUNDRED_GOLD","is_prod":false,"is_daily":false,"chose_seed":false,"campfire_upgraded":0,"win_rate":0,"timestamp":1533942240,"path_taken":["M","M","?","$","M","E","R","M","T","$","M","E","R","M","R","BOSS","M","M","$","?","?","E"],"build_version":"2018-08-08","purchased_purges":1,"victory":false,"max_hp_per_floor":[70,70,70,70,70,70,70,70,70,70,70,70,70,70,70,70,70,70,70,70,70,70,70],"card_choices":[{"not_picked":["Slice","Blade Dance"],"picked":"Deadly Poison","floor":1},{"not_picked":["Slice","Sucker Punch"],"picked":"Poisoned Stab","floor":2},{"not_picked":["Blade Dance","Bouncing Flask"],"picked":"Dodge and Roll","floor":5},{"not_picked":["Grand Finale","Blur"],"picked":"Die Die Die","floor":6},{"not_picked":["Acrobatics","Outmaneuver"],"picked":"Deflect","floor":8},{"not_picked":["Slice","Outmaneuver+1"],"picked":"Quick Slash","floor":11},{"not_picked":["Escape Plan+1","Slice"],"picked":"Dash","floor":12},{"not_picked":["Backflip+1","Poisoned Stab"],"picked":"Flying Knee","floor":14},{"not_picked":["Wraith Form v2","Doppelganger+1"],"picked":"A Thousand Cuts","floor":16},{"not_picked":["Backflip+1","Deflect+1"],"picked":"PiercingWail+1","floor":18},{"not_picked":["Deflect+1","Eviscerate"],"picked":"Backflip+1","floor":19},{"not_picked":["Prepared+1","Dodge and Roll+1"],"picked":"Well Laid Plans","floor":22}],"player_experience":753824,"relics_obtained":[{"floor":6,"key":"Ginger"},{"floor":9,"key":"Toxic Egg 2"},{"floor":12,"key":"Centennial Puzzle"}],"event_choices":[{"event_name":"Shining Light","player_choice":"Entered Light","floor":3,"damage_taken":0},{"event_name":"Match and Keep!","player_choice":"1 cards matched","floor":21,"damage_taken":0}],"is_beta":true,"boss_relics":[{"not_picked":["Orrery","Velvet Choker"],"picked":"Sozu"}],"items_purged_floors":[20],"is_endless":false,"potions_floor_spawned":[1,2,11,14,18,22],"killed_by":"Slavers","ascension_level":12}