{"gold_per_floor":[109,126,146,170,170,170,170,205,205,230,136,136,174,198,198,198],"floor_reached":16,"playtime":589,"items_purged":[],"score":135,"play_id":"6a966bdf-48d9-4295-831e-0a9ce186136a","local_time":"20180804184231","is_ascension_mode":true,"campfire_choices":[{"data":"Zap","floor":6,"key":"SMITH"},{"data":"Sunder","floor":12,"key":"SMITH"},{"floor":15,"key":"REST"}],"neow_cost":"NONE","seed_source_timestamp":1235487924619427,"circlet_count":0,"master_deck":["Strike_B","Strike_B","Strike_B","Strike_B","Defend_B","Defend_B","Defend_B","Defend_B","Zap+1","Dualcast","Genetic Algorithm","Compile Driver","Leap","Injury","Beam Cell","Sunder+1","Self Repair","Stack","Defragment","Cold Snap"],"relics":["Cracked Core","Orichalcum","Golden Idol","Ancient Tea Set","Oddly Smooth Stone","Odd Mushroom"],"potions_floor_usage":[8,8,13],"damage_taken":[{"damage":0,"enemies":"Cultist","floor":1,"turns":3},{"damage":3,"enemies":"2 Louse","floor":2,"turns":4},{"damage":12,"enemies":"Jaw Worm","floor":3,"turns":3},{"damage":26,"enemies":"Gremlin Nob","floor":8,"turns":4},{"damage":2,"enemies":"Large Slime","floor":10,"turns":6},{"damage":7,"floor":13,"turns":3},{"damage":10,"enemies":"Looter","floor":14,"turns":4},{"damage":50,"enemies":"Hexaghost","floor":16,"turns":11}],"seed_played":"7966755716793972354","potions_obtained":[{"floor":1,"key":"Energy Potion"},{"floor":13,"key":"Explosive Potion"}],"is_trial":false,"path_per_floor":["M","M","M","T","?","R","$","E","T","M","$","R","?","M","R"],"character_chosen":"DEFECT","items_purchased":["Self Repair","Stack"],"campfire_rested":1,"item_purchase_floors":[11,11],"current_hp_per_floor":[68,65,53,53,53,53,53,27,27,25,25,25,25,22,44,0],"gold":198,"neow_bonus":"THREE_SMALL_POTIONS","is_prod":false,"is_daily":false,"chose_seed":false,"campfire_upgraded":2,"win_rate":0,"timestamp":1533422551,"path_taken":["M","?","M","?","?","R","$","E","T","M","?","R","?","M","R","BOSS"],"build_version":"2018-08-01","purchased_purges":0,"victory":false,"max_hp_per_floor":[75,75,75,75,75,75,75,75,75,75,75,75,75,75,75,75],"card_choices":[{"not_picked":["Turbo","White Noise"],"picked":"Genetic Algorithm","floor":1},{"not_picked":["Hologram","Redo"],"picked":"Compile Driver","floor":2},{"not_picked":["Force Field","Steam"],"picked":"Leap","floor":3},{"not_picked":["Storm","Turbo"],"picked":"Beam Cell","floor":8},{"not_picked":["Turbo","Hologram"],"picked":"Sunder","floor":10},{"not_picked":["Steam","Cold Snap"],"picked":"Defragment","floor":13},{"not_picked":["Hello World","Heatsinks"],"picked":"Cold Snap","floor":14}],"player_experience":715358,"relics_obtained":[{"floor":4,"key":"Orichalcum"},{"floor":8,"key":"Ancient Tea Set"},{"floor":9,"key":"Oddly Smooth Stone"},{"floor":13,"key":"Odd Mushroom"}],"event_choices":[{"event_name":"Golden Idol","player_choice":"Take Wound","floor":5,"damage_taken":0},{"event_name":"Mushrooms","player_choice":"Fought Mushrooms","floor":13,"damage_taken":0}],"is_beta":true,"boss_relics":[],"items_purged_floors":[],"is_endless":false,"potions_floor_spawned":[1,3,13],"killed_by":"Hexaghost","ascension_level":7}