{"path_per_floor":["M","?","?","$","M","E","R","E","T","R","?","$","M","M","R","B",null,"M","M","?","?","M","R"],"character_chosen":"THE_SILENT","items_purchased":["Well Laid Plans","Quick Slash","Deflect","Endless Agony"],"gold_per_floor":[110,285,285,84,102,141,141,177,177,177,277,50,74,88,88,214,214,229,214,214,129,149,149],"floor_reached":24,"campfire_rested":3,"playtime":2853,"current_hp_per_floor":[61,61,61,61,59,28,46,4,18,41,41,41,41,41,64,20,77,34,21,87,87,61,61],"items_purged":["Doubt","Injury"],"gold":149,"score":229,"play_id":"2ae5dd14-9746-44b4-9629-3f946d291095","is_prod":false,"is_daily":false,"is_ascension_mode":false,"campfire_upgraded":1,"path_taken":["M","?","?","$","M","E","R","E","T","R","?","$","?","?","R","BOSS","M","M","?","?","M","R","E"],"build_version":"2018-02-15-PROD1","purchased_purges":2,"victory":false,"master_deck":["Defend_G","Defend_G","Defend_G","Defend_G","Defend_G","Strike_G","Strike_G","Strike_G","Strike_G","Strike_G","Survivor","Neutralize","Blur","Well Laid Plans","Quick Slash","Die Die Die","Backflip+1","Deflect","Endless Agony","Calculated Gamble","Crippling Poison","Bullet Time","Quick Slash","Quick Slash","Flying Knee+1"],"max_hp_per_floor":[63,63,63,63,63,63,63,63,77,77,77,77,77,77,77,77,77,77,77,87,87,87,87],"relics":["Ring of the Snake","Gambling Chip","Golden Idol","Snake Skull","Pen Nib","Mango","White Beast Statue","Letter Opener"],"card_choices":[{"not_picked":["Dagger Throw","Deflect"],"picked":"Blur"},{"not_picked":["Calculated Gamble","Finisher"],"picked":"Venomology"},{"not_picked":["Backflip","Sucker Punch"],"picked":"Die Die Die"},{"not_picked":["Cloak And Dagger","Malaise"],"picked":"Backflip"},{"not_picked":["Outmaneuver","PiercingWail"],"picked":"Calculated Gamble"},{"not_picked":["Dagger Throw","Underhanded Strike"],"picked":"Crippling Poison"},{"not_picked":["Die Die Die","Glass Knife"],"picked":"Bullet Time"},{"not_picked":["Distraction","Masterful Stab"],"picked":"Quick Slash"},{"not_picked":["Prepared","Riddle With Holes"],"picked":"Quick Slash"},{"not_picked":["Flechettes","PiercingWail"],"picked":"Flying Knee"}],"player_experience":158895,"potions_floor_usage":[6,8,8,14,16,16,16,18,19,22,24,24],"damage_taken":[{"damage":2,"enemies":"2 Louse","floor":1,"turns":4},{"damage":2,"enemies":"Small Slimes","floor":5,"turns":4},{"damage":31,"enemies":"3 Sentries","floor":6,"turns":16},{"damage":42,"enemies":"Lagavulin","floor":8,"turns":14},{"damage":0,"enemies":"Cultist","floor":13,"turns":3},{"damage":0,"enemies":"2 Fungi Beasts","floor":14,"turns":2},{"damage":44,"enemies":"Slime Boss","floor":16,"turns":16},{"damage":43,"enemies":"Spheric Guardian","floor":18,"turns":9},{"damage":13,"enemies":"2 Thieves","floor":19,"turns":4},{"damage":26,"enemies":"Snake Plant","floor":22,"turns":6},{"damage":72,"enemies":"Gremlin Leader","floor":24,"turns":10}],"event_choices":[{"event_name":"Liars Game","player_choice":"agreed","floor":2,"damage_taken":0},{"event_name":"Golden Idol","player_choice":"Take Wound","floor":3,"damage_taken":0},{"event_name":"Golden Shrine","player_choice":"Pray","floor":11,"damage_taken":0},{"event_name":"Bonfire Elementals","player_choice":"RARE","floor":20,"damage_taken":0},{"event_name":"Addict","player_choice":"Obtained Relic","floor":21,"damage_taken":0}],"boss_relics":[{"not_picked":["Eternal Feather","Philosopher\u0027s Stone"],"picked":"White Beast Statue"}],"potions_floor_spawned":[6,8,13,18,19,22],"seed_played":"-5582229978958695095","killed_by":"Gremlin Leader","ascension_level":0,"is_trial":false}