{"gold_per_floor":[113,38,88,108,128,128,139,139,139,170,187,10,10,44,44,123,123,139,139,189,189,4,4,4,33,33,50,50,64,64],"floor_reached":30,"playtime":724,"items_purged":["Strike_B","Writhe"],"score":499,"play_id":"cb411afc-d657-4c1b-8eec-9edbd422594d","local_time":"20190214015242","is_ascension_mode":true,"campfire_choices":[{"data":"Defragment","floor":6.0,"key":"SMITH"},{"floor":8.0,"key":"REST"},{"floor":13.0,"key":"REST"},{"data":"Capacitor","floor":15,"key":"SMITH"},{"floor":23,"key":"REST"},{"floor":28,"key":"REST"}],"neow_cost":"NONE","seed_source_timestamp":0,"circlet_count":0,"master_deck":["AscendersBane","Strike_B+1","Strike_B","Defend_B","Defend_B","Defend_B","Defend_B","Zap","Dualcast","Defragment+1","Chill","Doom and Gloom+1","Capacitor+1","Creative AI","Go for the Eyes","Static Discharge","Core Surge","Electrodynamics","FTL","Sunder+1","Doubt","Double Energy+1","Force Field+1"],"special_seed":0,"relics":["Cracked Core","Bag of Marbles","Sundial","Whetstone","Cursed Key","Enchiridion","Vajra","Bronze Scales","Toxic Egg 2"],"potions_floor_usage":[18,29],"damage_taken":[{"damage":7.0,"enemies":"Jaw Worm","floor":1.0,"turns":2.0},{"damage":11.0,"enemies":"Small Slimes","floor":4.0,"turns":4.0},{"damage":3.0,"enemies":"Cultist","floor":5.0,"turns":4.0},{"damage":4.0,"enemies":"Exordium Thugs","floor":7.0,"turns":4.0},{"damage":9.0,"enemies":"Lagavulin","floor":10.0,"turns":4.0},{"damage":7.0,"enemies":"2 Fungi Beasts","floor":11.0,"turns":3.0},{"damage":29,"enemies":"Gremlin Nob","floor":14,"turns":4},{"damage":32,"enemies":"The Guardian","floor":16,"turns":11},{"damage":7,"enemies":"3 Byrds","floor":18,"turns":4},{"damage":15,"enemies":"Gremlin Leader","floor":25,"turns":5},{"damage":22,"enemies":"Chosen","floor":27,"turns":4},{"damage":33,"enemies":"Centurion and Healer","floor":29,"turns":4},{"damage":18,"enemies":"Cultist and Chosen","floor":30,"turns":2}],"seed_played":"-1215475570382029279","potions_obtained":[{"floor":4.0,"key":"FearPotion"},{"floor":5.0,"key":"Block Potion"},{"floor":10.0,"key":"FocusPotion"},{"floor":16,"key":"FocusPotion"},{"floor":25,"key":"Fire Potion"},{"floor":29,"key":"Explosive Potion"}],"is_trial":false,"path_per_floor":["M","?","?","M","M","R","M","R","T","E","M","$","R","E","R","B",null,"M","?","?","?","$","R","?","E","T","M","R","M","M"],"character_chosen":"DEFECT","items_purchased":["Go for the Eyes","Static Discharge","Sunder"],"campfire_rested":4,"item_purchase_floors":[12,12,22],"current_hp_per_floor":[64,64,64,53,50,50,46,69,69,60,53,53,76,47,47,15,62,55,34,34,34,34,57,57,42,42,20,43,10,0],"gold":64,"neow_bonus":"TEN_PERCENT_HP_BONUS","is_prod":false,"is_daily":false,"chose_seed":false,"campfire_upgraded":2,"win_rate":0,"timestamp":1550127162,"path_taken":["M","?","?","M","M","R","?","R","T","E","M","?","R","E","R","BOSS","M","?","?","?","$","R","?","E","T","?","R","M","M"],"build_version":"2019-01-23","purchased_purges":2,"victory":false,"max_hp_per_floor":[78,78,78,78,78,78,78,78,78,78,78,78,78,78,78,78,78,78,78,78,78,78,78,78,78,78,78,78,78,78],"card_choices":[{"not_picked":["Streamline","Sunder"],"picked":"Defragment","floor":1.0},{"not_picked":["Turbo","Sweeping Beam"],"picked":"Chill","floor":4.0},{"not_picked":["Hologram","Redo","Chill"],"picked":"SKIP","floor":5.0},{"not_picked":["Steam","Turbo"],"picked":"Doom and Gloom","floor":7.0},{"not_picked":["Rebound","Heatsinks"],"picked":"Capacitor","floor":10.0},{"not_picked":["Skim","Coolheaded"],"picked":"Creative AI","floor":11.0},{"not_picked":["Rip and Tear","Streamline"],"picked":"Core Surge","floor":14},{"not_picked":["Hyperbeam","Rainbow"],"picked":"Electrodynamics","floor":16},{"not_picked":["Leap","Streamline"],"picked":"FTL","floor":18},{"not_picked":["Streamline","Hologram","Steam Power"],"picked":"SKIP","floor":25},{"not_picked":["Ball Lightning","Turbo+1"],"picked":"Double Energy+1","floor":27},{"not_picked":["Leap+1","Doom and Gloom+1"],"picked":"Force Field+1","floor":29}],"player_experience":282038,"relics_obtained":[{"floor":9.0,"key":"Bag of Marbles"},{"floor":10.0,"key":"Sundial"},{"floor":14,"key":"Whetstone"},{"floor":19,"key":"Enchiridion"},{"floor":25,"key":"Bronze Scales"},{"floor":26,"key":"Toxic Egg 2"}],"event_choices":[{"cards_removed":["Strike_B"],"damage_healed":0.0,"max_hp_gain":0.0,"max_hp_loss":0.0,"gold_gain":0.0,"event_name":"The Cleric","player_choice":"Card Removal","floor":2.0,"gold_loss":75.0,"damage_taken":0.0},{"damage_healed":0.0,"max_hp_gain":0.0,"max_hp_loss":0.0,"gold_gain":50.0,"event_name":"Golden Shrine","player_choice":"Pray","floor":3.0,"gold_loss":0.0,"damage_taken":0.0},{"damage_healed":0,"gold_gain":0,"player_choice":"Obtained Book","damage_taken":21,"max_hp_gain":0,"max_hp_loss":0,"event_name":"Cursed Tome","floor":19,"gold_loss":0},{"damage_healed":0,"gold_gain":50,"player_choice":"Stole From Cult","damage_taken":0,"max_hp_gain":0,"max_hp_loss":0,"event_name":"Nest","floor":20,"gold_loss":0},{"damage_healed":0,"gold_gain":0,"player_choice":"Opened","damage_taken":0,"relics_obtained":["Vajra"],"max_hp_gain":0,"max_hp_loss":0,"event_name":"The Mausoleum","floor":21,"gold_loss":0,"cards_obtained":["Writhe"]},{"damage_healed":0,"gold_gain":0,"player_choice":"Upgraded","damage_taken":0,"max_hp_gain":0,"max_hp_loss":0,"event_name":"Upgrade Shrine","floor":24,"gold_loss":0,"cards_upgraded":["Sunder"]}],"is_beta":false,"boss_relics":[{"not_picked":["Tiny House","Runic Pyramid"],"picked":"Cursed Key"}],"items_purged_floors":[12,22],"is_endless":false,"potions_floor_spawned":[4,5,10,14,16,25,29],"killed_by":"Cultist and Chosen","ascension_level":19}