{"gold_per_floor":[109,109,125,137,31,31,41,75,75,75,88,88,88],"floor_reached":13,"playtime":792,"items_purged":[],"score":170,"play_id":"a219224f-4984-4970-b459-76eadec88acb","local_time":"20190202103503","is_ascension_mode":true,"campfire_choices":[{"data":"Whirlwind","floor":6.0,"key":"SMITH"},{"data":"Bash","floor":12.0,"key":"SMITH"}],"neow_cost":"PERCENT_DAMAGE","seed_source_timestamp":2339126573296,"circlet_count":0,"master_deck":["AscendersBane","Strike_R","Strike_R","Strike_R","Strike_R","Strike_R","Defend_R","Defend_R","Defend_R","Defend_R","Bash+1","Anger","Pommel Strike","Corruption","Shrug It Off","Whirlwind+1","Decay","Disarm"],"special_seed":0,"relics":["Burning Blood","Matryoshka","Frozen Egg 2","Mummified Hand","Ornamental Fan"],"potions_floor_usage":[13],"damage_taken":[{"damage":11.0,"enemies":"Jaw Worm","floor":1.0,"turns":4.0},{"damage":1.0,"enemies":"Cultist","floor":3.0,"turns":3.0},{"damage":7.0,"enemies":"Small Slimes","floor":4.0,"turns":3.0},{"damage":12.0,"enemies":"Exordium Wildlife","floor":7.0,"turns":2.0},{"damage":22.0,"enemies":"Lagavulin","floor":8.0,"turns":7.0},{"damage":5.0,"enemies":"2 Fungi Beasts","floor":11.0,"turns":3.0},{"damage":29,"enemies":"Gremlin Gang","floor":13,"turns":2}],"seed_played":"7140329052991740643","potions_obtained":[{"floor":4.0,"key":"PowerPotion"},{"floor":8.0,"key":"EssenceOfSteel"}],"is_trial":false,"path_per_floor":["M","?","M","M","$","R","M","E","T","?","M","R","M"],"character_chosen":"IRONCLAD","items_purchased":["Shrug It Off","Whirlwind"],"campfire_rested":0,"item_purchase_floors":[5,5],"current_hp_per_floor":[59,41,46,45,45,45,39,23,23,23,24,24,0],"gold":88,"neow_bonus":"TWENTY_PERCENT_HP_BONUS","is_prod":false,"is_daily":false,"chose_seed":false,"campfire_upgraded":2,"win_rate":0,"timestamp":1549132503,"path_taken":["M","?","M","M","$","R","M","E","T","?","M","R","?"],"build_version":"2019-01-23","purchased_purges":0,"victory":false,"max_hp_per_floor":[89,89,89,89,89,89,89,89,89,89,89,89,89],"card_choices":[{"not_picked":["Headbutt","Bloodletting"],"picked":"Anger","floor":1.0},{"not_picked":["Searing Blow","Iron Wave"],"picked":"Pommel Strike","floor":3.0},{"not_picked":["Blood for Blood","Body Slam"],"picked":"Corruption","floor":4.0},{"not_picked":["Flex","Sever Soul","Anger"],"picked":"SKIP","floor":7.0},{"not_picked":["Sword Boomerang","Bloodletting","Power Through"],"picked":"SKIP","floor":8.0},{"not_picked":["Clothesline","Evolve+1"],"picked":"Disarm","floor":11.0}],"player_experience":1319923,"relics_obtained":[{"floor":8.0,"key":"Frozen Egg 2"},{"floor":9.0,"key":"Mummified Hand"},{"floor":9.0,"key":"Ornamental Fan"}],"event_choices":[{"damage_healed":0.0,"max_hp_gain":0.0,"max_hp_loss":0.0,"gold_gain":0.0,"event_name":"Scrap Ooze","player_choice":"Success","floor":2.0,"gold_loss":0.0,"damage_taken":18.0,"relics_obtained":["Matryoshka"]},{"damage_healed":0.0,"max_hp_gain":0.0,"max_hp_loss":0.0,"gold_gain":0.0,"event_name":"Wheel of Change","player_choice":"Cursed","floor":10.0,"gold_loss":0.0,"damage_taken":0.0,"cards_obtained":["Decay"]}],"is_beta":true,"boss_relics":[],"items_purged_floors":[],"is_endless":false,"potions_floor_spawned":[4,8],"killed_by":"Gremlin Gang","ascension_level":20}