{"path_per_floor":["M","M","M","?","?","R","E","M","T","M","$","M","M","M","R","B",null,"M","?","M","?","?","R","M","$","T","M","R","M","?","$","R","B",null,"M","?","M","$","M","E","R","M","T","R","E","M","M","?","R"],"character_chosen":"THE_SILENT","items_purchased":["Cloak And Dagger","Panache","Gremlin Horn","Panacea","Dodge and Roll"],"gold_per_floor":[118,135,149,224,224,224,252,265,265,276,37,57,68,85,85,187,187,197,197,214,214,249,249,259,6,6,16,16,26,126,22,22,118,118,133,133,144,67,86,114,114,127,152,152,187,206,222,444,444,444],"floor_reached":50,"campfire_rested":6,"playtime":2676,"current_hp_per_floor":[70,70,70,59,41,64,49,45,45,44,44,29,29,28,51,44,77,71,71,71,71,71,71,62,62,62,58,58,48,48,48,71,51,77,70,70,63,63,51,30,56,37,37,63,51,39,39,39,65,0],"items_purged":["Writhe"],"gold":444,"score":634,"play_id":"8d0dd0f3-8724-4441-94b1-f6ce636e4de9","local_time":"20180331231106","is_prod":false,"is_daily":false,"is_ascension_mode":true,"campfire_upgraded":2,"timestamp":1522552266,"path_taken":["M","M","M","?","?","R","E","M","T","?","$","M","M","M","R","BOSS","M","?","M","?","?","R","M","$","T","?","R","M","?","$","R","BOSS","M","?","?","$","M","E","R","M","T","R","E","M","M","?","R","BOSS"],"build_version":"2018-03-29","purchased_purges":1,"victory":false,"master_deck":["Defend_G","Defend_G","Defend_G","Defend_G","Defend_G","Strike_G","Strike_G","Strike_G","Strike_G","Strike_G","Survivor","Neutralize","Slice","Dagger Spray","Finisher","Backflip","Sucker Punch","Malaise","Cloak And Dagger","Panache+1","Bullet Time","PiercingWail","Slice","Envenom+1","Escape Plan","Acrobatics","Neutralize","Expertise","Clumsy","Terror+1","Deflect+1","Panacea+1","After Image","Setup+1","Flash of Steel","Deflect+1","Dodge and Roll+1","Deflect+1","Expertise+1","Dodge and Roll+1","Writhe","Caltrops","Deflect+1"],"max_hp_per_floor":[70,70,70,70,77,77,77,77,77,77,77,77,77,77,77,77,77,77,77,77,77,77,77,77,77,77,77,77,77,77,77,77,77,77,77,77,77,77,77,87,87,87,87,87,87,87,87,87,87,87],"relics":["Ring of the Snake","Strawberry","Oddly Smooth Stone","Calipers","Cursed Key","Smiling Mask","Red Mask","Gremlin Horn","Toxic Egg 2","Sozu","Pear","Ancient Tea Set","Sundial"],"card_choices":[{"not_picked":["Deadly Poison","Eviscerate"],"picked":"Slice","floor":1},{"not_picked":["Backflip","Riddle With Holes"],"picked":"Dagger Spray","floor":2},{"not_picked":["PiercingWail","Deadly Poison"],"picked":"Finisher","floor":3},{"not_picked":["Heel Hook","Endless Agony"],"picked":"Backflip","floor":7},{"not_picked":["Bane","Quick Slash"],"picked":"Sucker Punch","floor":8},{"not_picked":["Poisoned Stab","Caltrops"],"picked":"Malaise","floor":10},{"not_picked":["Prepared","Deflect"],"picked":"Bullet Time","floor":12},{"not_picked":["Quick Slash","Bane"],"picked":"PiercingWail","floor":13},{"not_picked":["Skewer","Masterful Stab"],"picked":"Slice","floor":14},{"not_picked":["Unload","Corpse Explosion"],"picked":"Envenom","floor":16},{"not_picked":["Finisher","Flying Knee"],"picked":"Escape Plan","floor":18},{"not_picked":["Dagger Throw","Underhanded Strike"],"picked":"Acrobatics","floor":20},{"not_picked":["Well Laid Plans","Sucker Punch"],"picked":"Expertise","floor":24},{"not_picked":["Underhanded Strike","Flechettes"],"picked":"Terror","floor":27},{"not_picked":["Deadly Poison","Expertise"],"picked":"Deflect","floor":29},{"not_picked":["Tools of the Trade","Envenom"],"picked":"After Image","floor":33},{"not_picked":["Dagger Throw","Acrobatics"],"picked":"Setup","floor":35},{"not_picked":["Secret Weapon","Madness"],"picked":"Flash of Steel","floor":36},{"not_picked":["Backflip","Dagger Spray"],"picked":"Deflect","floor":37},{"not_picked":["Distraction","Heel Hook"],"picked":"Deflect","floor":39},{"not_picked":["Phantasmal Killer","Poisoned Stab"],"picked":"Expertise","floor":40},{"not_picked":["Bane","Quick Slash"],"picked":"Dodge and Roll","floor":42},{"not_picked":["PiercingWail","Quick Slash"],"picked":"Caltrops","floor":45},{"not_picked":["Grand Finale","Dagger Spray"],"picked":"Deflect","floor":47}],"player_experience":51322,"potions_floor_usage":[2,7,10,13,16,16,20,27,33,33],"damage_taken":[{"damage":0,"enemies":"Small Slimes","floor":1,"turns":5},{"damage":0,"enemies":"Jaw Worm","floor":2,"turns":4},{"damage":0,"enemies":"Cultist","floor":3,"turns":4},{"damage":15,"enemies":"3 Sentries","floor":7,"turns":7},{"damage":4,"enemies":"Exordium Thugs","floor":8,"turns":4},{"damage":1,"enemies":"Blue Slaver","floor":10,"turns":4},{"damage":15,"enemies":"Large Slime","floor":12,"turns":7},{"damage":0,"enemies":"Gremlin Gang","floor":13,"turns":3},{"damage":1,"enemies":"2 Fungi Beasts","floor":14,"turns":4},{"damage":22,"enemies":"Hexaghost","floor":16,"turns":12},{"damage":6,"enemies":"Spheric Guardian","floor":18,"turns":4},{"damage":0,"enemies":"Chosen","floor":20,"turns":5},{"damage":0,"enemies":"Masked Bandits","floor":22,"turns":2},{"damage":9,"enemies":"3 Cultists","floor":24,"turns":6},{"damage":4,"enemies":"Slaver and Parasite","floor":27,"turns":5},{"damage":10,"enemies":"Centurion and Healer","floor":29,"turns":5},{"damage":20,"enemies":"Collector","floor":33,"turns":8},{"damage":7,"enemies":"3 Darklings","floor":35,"turns":6},{"damage":7,"enemies":"Flame Bruiser 1 Orb","floor":37,"turns":5},{"damage":12,"enemies":"Spire Growth","floor":39,"turns":6},{"damage":31,"enemies":"Giant Head","floor":40,"turns":10},{"damage":19,"enemies":"Sphere and 2 Shapes","floor":42,"turns":6},{"damage":12,"enemies":"2 Orb Walkers","floor":45,"turns":6},{"damage":12,"enemies":"Maw","floor":46,"turns":9},{"damage":0,"enemies":"Flame Bruiser 2 Orb","floor":47,"turns":7},{"damage":85,"enemies":"Donu and Deca","floor":50,"turns":10}],"event_choices":[{"event_name":"World of Goop","player_choice":"Gather Gold","floor":4,"damage_taken":0},{"event_name":"Scrap Ooze","player_choice":"success","floor":5,"damage_taken":25},{"event_name":"The Mausoleum","player_choice":"Yes","floor":19,"damage_taken":0},{"event_name":"Match and Keep!","player_choice":"1 cards matched","floor":21,"damage_taken":0},{"event_name":"Masked Bandits","player_choice":"Fought over 214 gold","floor":22,"damage_taken":0},{"event_name":"Golden Shrine","player_choice":"Pray","floor":30,"damage_taken":0},{"event_name":"SensoryStone","player_choice":"Memory 1","floor":36,"damage_taken":0},{"event_name":"Tomb of Lord Red Mask","player_choice":"Wore Mask","floor":48,"damage_taken":0}],"boss_relics":[{"not_picked":["Ectoplasm","Snecko Eye"],"picked":"Cursed Key"},{"not_picked":["The Specimen","Pandora\u0027s Box"],"picked":"Sozu"}],"potions_floor_spawned":[3,7,8,12,13,16,18,27,39,40,45],"seed_played":"-5969112387516507267","killed_by":"Donu and Deca","ascension_level":1,"is_trial":false}