{"path_per_floor":["M","$","M","M","M","E","?","E","T","?","M","M","M","M","R","B",null,"M","M","?","?","?","R","E","R","T","M","M","$","?","M","R","B",null,"M","M","?","?","M","E","M","R","T","M","?","M","$","M","R","B"],"character_chosen":"IRONCLAD","items_purchased":["Demon Form","Apotheosis","Weak Potion","Heavy Blade","Shuriken","Energy Potion","Strength Potion"],"gold_per_floor":[109,32,50,62,77,104,104,136,159,159,184,205,229,249,249,374,374,393,416,416,416,416,416,448,448,522,540,560,210,135,151,151,253,253,266,279,327,327,343,369,388,388,443,454,454,464,20,34,34,34],"floor_reached":51,"campfire_rested":4,"playtime":3123,"current_hp_per_floor":[79,79,74,73,57,41,23,18,18,18,25,31,37,35,61,53,88,76,82,82,82,82,82,51,51,56,65,65,65,65,58,84,54,88,88,69,60,98,98,68,62,91,96,91,79,93,93,64,93,67],"items_purged":["Writhe","Writhe"],"gold":34,"score":791,"play_id":"fb1a213f-2835-49c5-90e2-7ae5dc6a5b9e","local_time":"20180310033614","is_prod":false,"is_daily":false,"is_ascension_mode":false,"campfire_upgraded":2,"timestamp":1520670974,"path_taken":["M","$","M","M","M","E","?","E","T","?","M","M","M","M","R","BOSS","M","M","?","?","?","R","E","R","T","M","M","$","?","M","R","BOSS","M","?","?","?","M","E","M","R","T","?","?","M","$","?","R","BOSS"],"build_version":"2018-03-09","purchased_purges":2,"victory":true,"master_deck":["Defend_R","Defend_R","Defend_R+1","Defend_R","Bash","Clash","Demon Form+1","Cleave","Battle Trance+1","Twin Strike","Power Through","Shrug It Off","Thunderclap","Infernal Blade","Seeing Red+1","Twin Strike+1","Bite","Bite","Bite","Bite","Bite","Evolve","Injury","Ghostly Armor+1","Iron Wave+1","Apotheosis","Heavy Blade+1","Cleave+1","Reaper+1","True Grit+1","Warcry+1","Pommel Strike+1","Limit Break","Wild Strike+1","Uppercut+1","Anger+1","Madness","Madness","Seeing Red+1","Sever Soul+1"],"max_hp_per_floor":[88,88,88,88,88,88,88,88,88,88,88,88,88,88,88,88,88,88,88,88,88,88,88,88,88,88,88,88,88,88,88,88,88,88,88,88,88,98,98,98,98,98,98,98,98,98,98,98,98,98],"relics":["Burning Blood","Anchor","Ornamental Fan","Bloody Idol","Cursed Key","Frozen Eye","Toolbox","Molten Egg 2","Mark of Pain","Girya","Ginger","Oddly Smooth Stone","Shuriken"],"card_choices":[{"not_picked":["Metallicize","Iron Wave"],"picked":"Clash"},{"not_picked":["Pommel Strike","Clothesline"],"picked":"Cleave"},{"not_picked":["Heavy Blade","Pummel"],"picked":"Battle Trance"},{"not_picked":["Warcry","Clash"],"picked":"Twin Strike"},{"not_picked":["Spot Weakness","Barricade"],"picked":"Power Through"},{"not_picked":["Clash","Intimidate"],"picked":"Shrug It Off"},{"not_picked":["Dual Wield","Warcry"],"picked":"Thunderclap"},{"not_picked":["Perfected Strike","Bloodletting"],"picked":"Infernal Blade"},{"not_picked":["Demon Form","Brutality"],"picked":"Bludgeon"},{"not_picked":["Warcry","Perfected Strike"],"picked":"Seeing Red"},{"not_picked":["Iron Wave","Reckless Charge"],"picked":"Twin Strike"},{"not_picked":["Clash","Hemokinesis"],"picked":"Evolve"},{"not_picked":["Evolve","Disarm"],"picked":"Ghostly Armor"},{"not_picked":["Clothesline","Cleave"],"picked":"Iron Wave"},{"not_picked":["Carnage","Uppercut"],"picked":"Cleave"},{"not_picked":["Bludgeon","Fiend Fire"],"picked":"Reaper"},{"not_picked":["Twin Strike","Clothesline"],"picked":"True Grit"},{"not_picked":["Wild Strike","Body Slam"],"picked":"Warcry"},{"not_picked":["Heavy Blade","Sword Boomerang"],"picked":"Pommel Strike"},{"not_picked":["Flex","Pummel"],"picked":"Limit Break"},{"not_picked":["Rupture","Perfected Strike"],"picked":"Wild Strike"},{"not_picked":["Sword Boomerang","Flex"],"picked":"Uppercut"},{"not_picked":["Battle Trance","Searing Blow"],"picked":"Anger"},{"not_picked":["Perfected Strike","Shrug It Off"],"picked":"Seeing Red"},{"not_picked":["Entrench","Clothesline"],"picked":"Sever Soul"}],"player_experience":494412,"potions_floor_usage":[5,13,14,16,18,27,31,33,37,40,50,50],"damage_taken":[{"damage":15,"enemies":"Small Slimes","floor":1,"turns":4},{"damage":11,"enemies":"Jaw Worm","floor":3,"turns":3},{"damage":7,"enemies":"2 Louse","floor":4,"turns":3},{"damage":22,"enemies":"2 Fungi Beasts","floor":5,"turns":4},{"damage":22,"enemies":"Lagavulin","floor":6,"turns":7},{"damage":11,"enemies":"Gremlin Nob","floor":8,"turns":4},{"damage":1,"enemies":"Exordium Wildlife","floor":11,"turns":3},{"damage":2,"enemies":"Blue Slaver","floor":12,"turns":4},{"damage":2,"enemies":"Looter","floor":13,"turns":4},{"damage":10,"enemies":"Large Slime","floor":14,"turns":6},{"damage":16,"enemies":"Hexaghost","floor":16,"turns":9},{"damage":24,"enemies":"3 Byrds","floor":18,"turns":6},{"damage":2,"enemies":"2 Thieves","floor":19,"turns":5},{"damage":56,"enemies":"Book of Stabbing","floor":24,"turns":7},{"damage":6,"enemies":"Snake Plant","floor":27,"turns":3},{"damage":23,"enemies":"Sentry and Sphere","floor":28,"turns":7},{"damage":23,"enemies":"Cultist and Chosen","floor":31,"turns":6},{"damage":47,"enemies":"Automaton","floor":33,"turns":8},{"damage":5,"enemies":"3 Shapes","floor":35,"turns":5},{"damage":34,"enemies":"Orb Walker","floor":36,"turns":5},{"damage":37,"enemies":"Mysterious Sphere","floor":37,"turns":7},{"damage":17,"enemies":"Maw","floor":39,"turns":6},{"damage":50,"enemies":"Giant Head","floor":40,"turns":8},{"damage":46,"enemies":"Sphere and 2 Shapes","floor":41,"turns":6},{"damage":20,"enemies":"4 Shapes","floor":44,"turns":3},{"damage":27,"enemies":"Maw","floor":46,"turns":6},{"damage":50,"enemies":"Sphere and 2 Shapes","floor":48,"turns":6},{"damage":65,"enemies":"Time Eater","floor":50,"turns":8}],"event_choices":[{"event_name":"Shining Light","player_choice":"Entered Light","floor":7,"damage_taken":0},{"event_name":"Golden Idol","player_choice":"Take Wound","floor":10,"damage_taken":0},{"event_name":"Forgotten Altar","player_choice":"Gave Idol","floor":20,"damage_taken":0},{"event_name":"The Mausoleum","player_choice":"Yes","floor":21,"damage_taken":0},{"event_name":"Vampires","player_choice":"Became a vampire (Vial)","floor":22,"damage_taken":0},{"event_name":"Beggar","player_choice":"Gave Gold","floor":30,"damage_taken":0},{"event_name":"Mysterious Sphere","player_choice":"Fight","floor":37,"damage_taken":0},{"event_name":"Bonfire Elementals","player_choice":"RARE","floor":38,"damage_taken":0},{"event_name":"Winding Halls","player_choice":"Embrace Madness","floor":45,"damage_taken":0}],"boss_relics":[{"not_picked":["Lizard Tail","Question Card"],"picked":"Cursed Key"},{"not_picked":["Orrery","Tiny House"],"picked":"Mark of Pain"}],"potions_floor_spawned":[1,12,13,14,16,19,31,36,37,46],"seed_played":"3443169221840216707","ascension_level":0,"is_trial":false}