{"gold_per_floor":[368,106,117,133,133,133,161,161,188,188,214,233,248,282,282,353,353,363,379,394,410,99,99,124,124,124,157,157,157,82,182,182,259,259,278,22,22,0,20,20,55,55,55,55,100,124,136],"floor_reached":47,"playtime":4282,"items_purged":["Normality","Strike_G","Strike_G"],"score":1043,"play_id":"3323fc3a-635c-4fbe-8c3f-dabf0876a43f","local_time":"20190115195457","is_ascension_mode":true,"campfire_choices":[{"data":"Dash","floor":6.0,"key":"SMITH"},{"data":"Neutralize","floor":8.0,"key":"SMITH"},{"floor":10.0,"key":"REST"},{"data":"Noxious Fumes","floor":15.0,"key":"SMITH"},{"floor":23.0,"key":"REST"},{"floor":25.0,"key":"REST"},{"floor":29.0,"key":"REST"},{"floor":32.0,"key":"REST"},{"floor":40.0,"key":"RECALL"},{"floor":42.0,"key":"REST"},{"floor":44.0,"key":"REST"}],"neow_cost":"CURSE","seed_source_timestamp":6175904006702,"circlet_count":0,"master_deck":["AscendersBane","Defend_G","Defend_G","Defend_G","Defend_G","Defend_G","Strike_G","Survivor","Neutralize+1","PiercingWail","Dash+1","Caltrops","Deflect","Deadly Poison","Unload","Dash","Noxious Fumes+1","Well Laid Plans","Corpse Explosion","Dodge and Roll","Blur","Backflip+1","Caltrops","PiercingWail","After Image","Crippling Poison","Footwork","PiercingWail","Cloak And Dagger","PiercingWail","PiercingWail","Leg Sweep"],"special_seed":0,"relics":["Ring of the Snake","Pen Nib","Ancient Tea Set","Vajra","Bronze Scales","Fusion Hammer","Membership Card","Orichalcum","Kunai","Juzu Bracelet","FossilizedHelix","Pear","Sozu","Medical Kit","Red Mask","Regal Pillow","MawBank"],"potions_floor_usage":[],"damage_taken":[{"damage":8.0,"enemies":"Small Slimes","floor":1.0,"turns":5.0},{"damage":0.0,"enemies":"Cultist","floor":3.0,"turns":4.0},{"damage":0.0,"enemies":"2 Louse","floor":4.0,"turns":3.0},{"damage":12.0,"enemies":"3 Sentries","floor":7.0,"turns":10.0},{"damage":7.0,"enemies":"Lagavulin","floor":11.0,"turns":5.0},{"damage":0.0,"enemies":"Looter","floor":12.0,"turns":2.0},{"damage":0.0,"enemies":"3 Louse","floor":13.0,"turns":3.0},{"damage":24.0,"enemies":"Gremlin Nob","floor":14.0,"turns":4.0},{"damage":7.0,"enemies":"Hexaghost","floor":16.0,"turns":8.0},{"damage":0.0,"enemies":"Chosen","floor":18.0,"turns":4.0},{"damage":13.0,"enemies":"Shell Parasite","floor":19.0,"turns":6.0},{"damage":0.0,"enemies":"Cultist and Chosen","floor":20.0,"turns":5.0},{"damage":12.0,"enemies":"Centurion and Healer","floor":21.0,"turns":6.0},{"damage":32.0,"enemies":"Slavers","floor":24.0,"turns":3.0},{"damage":10.0,"enemies":"Gremlin Leader","floor":27.0,"turns":6.0},{"damage":13.0,"enemies":"Colosseum Slavers","floor":31.0,"turns":4.0},{"damage":8.0,"enemies":"Colosseum Nobs","floor":31.0,"turns":4.0},{"damage":62.0,"enemies":"Collector","floor":33.0,"turns":10.0},{"damage":0.0,"enemies":"3 Shapes","floor":35.0,"turns":7.0},{"damage":0.0,"enemies":"3 Darklings","floor":39.0,"turns":6.0},{"damage":57.0,"enemies":"Giant Head","floor":41.0,"turns":11.0},{"damage":36,"enemies":"Jaw Worm Horde","floor":46,"turns":6},{"damage":62,"enemies":"Transient","floor":47,"turns":5}],"seed_played":"-2158348031992552494","potions_obtained":[{"floor":1.0,"key":"SkillPotion"},{"floor":3.0,"key":"Fire Potion"},{"floor":11.0,"key":"Regen Potion"},{"floor":16.0,"key":"SteroidPotion"},{"floor":18.0,"key":"Regen Potion"},{"floor":20.0,"key":"PowerPotion"},{"floor":24.0,"key":"Fire Potion"},{"floor":27.0,"key":"GhostInAJar"}],"is_trial":false,"path_per_floor":["M","$","M","M","?","R","E","R","T","R","E","M","M","E","R","B",null,"M","M","M","M","$","R","E","R","T","E","?","R","?","?","R","B",null,"M","$","?","?","M","R","E","R","T","R","T","M","M"],"character_chosen":"THE_SILENT","items_purchased":["Dash","Caltrops","Poison Potion","Membership Card","GhostInAJar","Footwork","Medical Kit","PiercingWail","Cloak And Dagger"],"campfire_rested":7,"item_purchase_floors":[2,2,2,22,22,36,36,36,36],"current_hp_per_floor":[51,51,51,51,51,51,39,39,39,58,51,51,51,27,27,20,55,55,55,55,57,57,66,34,53,53,43,43,62,62,51,73,11,60,60,60,60,60,60,60,3,39,39,72,72,36,0],"gold":136,"neow_bonus":"TWO_FIFTY_GOLD","is_prod":false,"is_daily":false,"chose_seed":false,"campfire_upgraded":3,"win_rate":0,"timestamp":1547610897,"path_taken":["M","$","M","M","?","R","E","R","T","R","E","M","M","E","R","BOSS","M","M","M","?","$","R","E","R","T","E","?","R","?","?","R","BOSS","M","$","?","?","M","R","E","R","T","R","?","M","M"],"build_version":"2019-01-14v2","purchased_purges":3,"victory":false,"max_hp_per_floor":[66,66,66,66,66,66,66,66,66,66,66,66,66,66,66,66,66,66,66,66,66,66,66,66,66,66,66,66,66,66,76,76,76,76,76,76,72,72,72,72,72,72,72,72,72,72,72],"card_choices":[{"not_picked":["Heel Hook","Catalyst"],"picked":"PiercingWail","floor":1.0},{"not_picked":["Choke","Sucker Punch"],"picked":"Deflect","floor":3.0},{"not_picked":["Outmaneuver","Deflect"],"picked":"Deadly Poison","floor":4.0},{"not_picked":["Dagger Throw","Bane"],"picked":"Dash","floor":7.0},{"not_picked":["Quick Slash","Blur","Grand Finale"],"picked":"SKIP","floor":11.0},{"not_picked":["Prepared","Dagger Throw","Quick Slash"],"picked":"SKIP","floor":12.0},{"not_picked":["Backflip","Underhanded Strike"],"picked":"Noxious Fumes","floor":13.0},{"not_picked":["Terror","Outmaneuver"],"picked":"Well Laid Plans","floor":14.0},{"not_picked":["Burst","Storm of Steel"],"picked":"Corpse Explosion","floor":16.0},{"not_picked":["Distraction","Deadly Poison"],"picked":"Dodge and Roll","floor":18.0},{"not_picked":["Calculated Gamble","Cloak And Dagger","Flying Knee+1"],"picked":"SKIP","floor":19.0},{"not_picked":["Flying Knee","Deadly Poison"],"picked":"Blur","floor":20.0},{"not_picked":["Acrobatics","Deflect","Concentrate"],"picked":"SKIP","floor":21.0},{"not_picked":["Phantasmal Killer","Bane"],"picked":"Backflip+1","floor":24.0},{"not_picked":["Quick Slash","Dagger Spray"],"picked":"Caltrops","floor":27.0},{"not_picked":["Acrobatics","Bullet Time"],"picked":"PiercingWail","floor":31.0},{"not_picked":["Corpse Explosion","Glass Knife"],"picked":"After Image","floor":33.0},{"not_picked":["Sucker Punch","Slice"],"picked":"Crippling Poison","floor":35.0},{"not_picked":["Expertise","Predator+1"],"picked":"PiercingWail","floor":39.0},{"not_picked":["Quick Slash","Tools of the Trade"],"picked":"PiercingWail","floor":41.0},{"not_picked":["All Out Attack+1","Bouncing Flask"],"picked":"Leg Sweep","floor":46}],"player_experience":1208494,"relics_obtained":[{"floor":7.0,"key":"Pen Nib"},{"floor":9.0,"key":"Ancient Tea Set"},{"floor":11.0,"key":"Vajra"},{"floor":14.0,"key":"Bronze Scales"},{"floor":24.0,"key":"Orichalcum"},{"floor":26.0,"key":"Kunai"},{"floor":27.0,"key":"Juzu Bracelet"},{"floor":31.0,"key":"FossilizedHelix"},{"floor":31.0,"key":"Pear"},{"floor":41.0,"key":"Regal Pillow"},{"floor":45.0,"key":"MawBank"}],"event_choices":[{"damage_healed":0.0,"max_hp_gain":0.0,"max_hp_loss":0.0,"gold_gain":0.0,"cards_transformed":["Strike_G"],"event_name":"Transmorgrifier","player_choice":"Transformed","floor":5.0,"gold_loss":0.0,"damage_taken":0.0,"cards_obtained":["Unload"]},{"damage_healed":0.0,"max_hp_gain":0.0,"max_hp_loss":0.0,"gold_gain":0.0,"event_name":"The Mausoleum","player_choice":"Ignored","floor":28.0,"gold_loss":0.0,"damage_taken":0.0},{"cards_removed":["Strike_G"],"damage_healed":0.0,"max_hp_gain":0.0,"max_hp_loss":0.0,"gold_gain":0.0,"event_name":"Beggar","player_choice":"Gave Gold","floor":30.0,"gold_loss":75.0,"damage_taken":0.0},{"damage_healed":0.0,"max_hp_gain":0.0,"max_hp_loss":0.0,"gold_gain":0.0,"event_name":"Colosseum","player_choice":"Fight","floor":31.0,"gold_loss":0.0,"damage_taken":0.0},{"damage_healed":0.0,"max_hp_gain":0.0,"max_hp_loss":0.0,"gold_gain":0.0,"event_name":"Colosseum","player_choice":"Fought Nobs","floor":31.0,"gold_loss":0.0,"damage_taken":0.0},{"damage_healed":0.0,"max_hp_gain":0.0,"max_hp_loss":4.0,"gold_gain":0.0,"event_name":"Winding Halls","player_choice":"Max HP","floor":37.0,"gold_loss":0.0,"damage_taken":0.0},{"damage_healed":0.0,"max_hp_gain":0.0,"max_hp_loss":0.0,"gold_gain":0.0,"event_name":"Tomb of Lord Red Mask","player_choice":"Paid","floor":38.0,"gold_loss":22.0,"damage_taken":0.0,"relics_obtained":["Red Mask"]}],"is_beta":true,"boss_relics":[{"not_picked":["Pandora\u0027s Box","Runic Dome"],"picked":"Fusion Hammer"},{"not_picked":["Coffee Dripper","Ring of the Serpent"],"picked":"Sozu"}],"items_purged_floors":[2,22,36],"is_endless":false,"potions_floor_spawned":[1,3,11,16,18,20,24,27,39,41],"killed_by":"Transient","ascension_level":20}