{"gold_per_floor":[115,61,81,101,118,149,149,178,201,201,201,231,37,47,47,143,143,153,186,41,41,18,43,43,70,70,89,89,89,89,89,89,193,243,256,256,276,292,311,311,311,311,334,269,269,269],"floor_reached":46,"playtime":2819,"items_purged":[],"score":568,"play_id":"f4d5f65b-c57f-49a5-90d0-3b332aec4a94","local_time":"20190114151600","is_ascension_mode":true,"campfire_choices":[{"data":"True Grit","floor":7,"key":"SMITH"},{"data":"Perfected Strike","floor":10,"key":"SMITH"},{"floor":15,"key":"REST"},{"floor":24,"key":"REST"},{"floor":28,"key":"REST"},{"floor":32,"key":"REST"},{"data":"Limit Break","floor":40,"key":"SMITH"},{"data":"Inflame","floor":42,"key":"SMITH"},{"floor":45,"key":"REST"}],"neow_cost":"NONE","seed_source_timestamp":417241585564633,"circlet_count":0,"master_deck":["Strike_R+1","Strike_R+1","Strike_R+1","Strike_R+1","Strike_R+1","Defend_R+1","Defend_R+1","Defend_R+1","Bash+1","Perfected Strike+1","Shrug It Off","True Grit+1","Inflame+1","Shockwave","Feel No Pain+1","Dark Embrace","Whirlwind","Pummel","Limit Break+1","Metallicize","Flame Barrier+1","Clothesline","True Grit+1","Twin Strike+1","Pommel Strike+1","Feed","Sword Boomerang+1","Fire Breathing","Feel No Pain+1","Flame Barrier"],"relics":["Burning Blood","NeowsBlessing","Dodecahedron","Regal Pillow","Bronze Scales","War Paint","OrangePellets","Sozu","Red Mask","Ancient Tea Set","Bag of Marbles","Happy Flower","Blood Vial","MutagenicStrength","Tiny House","Letter Opener"],"potions_floor_usage":[8,16,23],"damage_taken":[{"damage":0,"enemies":"Cultist","floor":1,"turns":1},{"damage":0,"enemies":"2 Louse","floor":3,"turns":1},{"damage":0,"enemies":"Small Slimes","floor":4,"turns":1},{"damage":7,"enemies":"3 Louse","floor":5,"turns":5},{"damage":24,"enemies":"Gremlin Nob","floor":6,"turns":4},{"damage":21,"enemies":"3 Sentries","floor":8,"turns":9},{"damage":13,"enemies":"Lagavulin","floor":12,"turns":6},{"damage":5,"enemies":"2 Fungi Beasts","floor":14,"turns":3},{"damage":63,"enemies":"Hexaghost","floor":16,"turns":12},{"damage":16,"enemies":"Shell Parasite","floor":18,"turns":5},{"damage":30,"enemies":"Masked Bandits","floor":19,"turns":4},{"damage":22,"enemies":"Colosseum Slavers","floor":21,"turns":4},{"damage":25,"enemies":"Slavers","floor":23,"turns":6},{"damage":21,"enemies":"Gremlin Leader","floor":25,"turns":8},{"damage":0,"enemies":"3 Byrds","floor":27,"turns":3},{"damage":45,"enemies":"Automaton","floor":33,"turns":9},{"damage":0,"enemies":"Orb Walker","floor":35,"turns":2},{"damage":0,"enemies":"3 Shapes","floor":37,"turns":5},{"damage":34,"enemies":"Transient","floor":38,"turns":5},{"damage":15,"enemies":"Sphere and 2 Shapes","floor":39,"turns":8},{"damage":99,"enemies":"Giant Head","floor":46,"turns":8}],"seed_played":"-5869031772280199733","potions_obtained":[{"floor":3,"key":"AttackPotion"},{"floor":6,"key":"Strength Potion"},{"floor":12,"key":"Dexterity Potion"}],"is_trial":false,"path_per_floor":["M","$","M","M","M","E","R","E","T","R","?","E","$","M","R","B",null,"M","?","$","?","$","E","R","E","T","M","R","?","?","?","R","B",null,"M","?","M","M","M","R","?","R","T","?","R","E"],"character_chosen":"IRONCLAD","items_purchased":["Shrug It Off","OrangePellets","Ancient Tea Set","Clothesline"],"campfire_rested":5,"item_purchase_floors":[2,13,20,22],"current_hp_per_floor":[80,80,80,80,79,61,61,46,46,46,46,39,39,40,79,22,80,70,46,46,30,30,11,50,35,35,43,80,80,80,65,85,46,90,93,93,96,68,61,61,61,61,61,61,96,0],"gold":269,"neow_bonus":"THREE_ENEMY_KILL","is_prod":false,"is_daily":false,"chose_seed":false,"campfire_upgraded":4,"win_rate":0,"timestamp":1547496960,"path_taken":["M","$","M","?","M","E","R","E","T","R","?","E","$","M","R","BOSS","M","?","$","?","$","E","R","E","T","M","R","?","?","?","R","BOSS","M","?","M","?","M","R","?","R","T","?","R","E"],"build_version":"2019-01-10","purchased_purges":0,"victory":false,"max_hp_per_floor":[80,80,80,80,80,80,80,80,80,80,80,80,80,80,80,80,80,80,80,80,80,80,80,80,80,80,80,80,80,80,85,85,85,90,93,93,96,96,96,96,96,96,96,96,96,96],"card_choices":[{"not_picked":["Second Wind","Dual Wield"],"picked":"Perfected Strike","floor":1},{"not_picked":["Flex","Evolve"],"picked":"True Grit","floor":3},{"not_picked":["Intimidate","True Grit"],"picked":"Inflame","floor":4},{"not_picked":["Seeing Red","Iron Wave"],"picked":"Shockwave","floor":5},{"not_picked":["Dropkick","Carnage"],"picked":"Feel No Pain","floor":6},{"not_picked":["Clash","Warcry"],"picked":"Dark Embrace","floor":8},{"not_picked":["Thunderclap","Twin Strike"],"picked":"Whirlwind","floor":12},{"not_picked":["Flex","Blood for Blood"],"picked":"Pummel","floor":14},{"not_picked":["Double Tap","Impervious"],"picked":"Limit Break","floor":16},{"not_picked":["Ghostly Armor","Body Slam"],"picked":"Metallicize","floor":18},{"not_picked":["Havoc","Cleave"],"picked":"Flame Barrier+1","floor":19},{"not_picked":["Burning Pact+1","Rupture+1"],"picked":"True Grit+1","floor":23},{"not_picked":["True Grit+1","Iron Wave"],"picked":"Twin Strike+1","floor":25},{"not_picked":["Dropkick+1","Perfected Strike+1"],"picked":"Pommel Strike+1","floor":27},{"not_picked":["Impervious","Double Tap"],"picked":"Feed","floor":33},{"not_picked":["Havoc","Hemokinesis"],"picked":"Sword Boomerang+1","floor":34},{"not_picked":["Rampage","Iron Wave","Intimidate"],"picked":"SKIP","floor":35},{"not_picked":["Reckless Charge","Carnage+1"],"picked":"Fire Breathing","floor":37},{"not_picked":["Pommel Strike+1","Ghostly Armor+1"],"picked":"Feel No Pain+1","floor":38},{"not_picked":["Perfected Strike+1","Iron Wave"],"picked":"Flame Barrier","floor":39}],"player_experience":1258681,"relics_obtained":[{"floor":6,"key":"Dodecahedron"},{"floor":8,"key":"Regal Pillow"},{"floor":9,"key":"Bronze Scales"},{"floor":12,"key":"War Paint"},{"floor":19,"key":"Red Mask"},{"floor":23,"key":"Bag of Marbles"},{"floor":25,"key":"Happy Flower"},{"floor":26,"key":"Blood Vial"}],"event_choices":[{"damage_healed":0,"gold_gain":0,"player_choice":"Grow","damage_taken":0,"max_hp_gain":0,"max_hp_loss":0,"event_name":"Living Wall","floor":11,"gold_loss":0,"cards_upgraded":["Feel No Pain"]},{"damage_healed":0,"gold_gain":0,"player_choice":"Fought Bandits","damage_taken":0,"max_hp_gain":0,"max_hp_loss":0,"event_name":"Masked Bandits","floor":19,"gold_loss":0},{"damage_healed":0,"gold_gain":0,"player_choice":"Fight","damage_taken":0,"max_hp_gain":0,"max_hp_loss":0,"event_name":"Colosseum","floor":21,"gold_loss":0},{"damage_healed":0,"gold_gain":0,"player_choice":"Fled From Nobs","damage_taken":0,"max_hp_gain":0,"max_hp_loss":0,"event_name":"Colosseum","floor":21,"gold_loss":0},{"damage_healed":0,"gold_gain":0,"player_choice":"Inject Mutagens","damage_taken":0,"relics_obtained":["MutagenicStrength"],"max_hp_gain":0,"max_hp_loss":0,"event_name":"Drug Dealer","floor":29,"gold_loss":0},{"damage_healed":0,"gold_gain":0,"player_choice":"Simplicity","damage_taken":0,"max_hp_gain":0,"max_hp_loss":0,"event_name":"Back to Basics","floor":30,"gold_loss":0,"cards_upgraded":["Strike_R","Strike_R","Strike_R","Strike_R","Strike_R","Defend_R","Defend_R"]},{"damage_healed":0,"gold_gain":0,"player_choice":"Shed Blood","damage_taken":20,"max_hp_gain":5,"max_hp_loss":0,"event_name":"Forgotten Altar","floor":31,"gold_loss":0},{"damage_healed":0,"gold_gain":0,"player_choice":"Got Potions","damage_taken":0,"max_hp_gain":0,"max_hp_loss":0,"event_name":"Lab","floor":36,"gold_loss":0},{"cards_removed":["Defend_R"],"damage_healed":0,"gold_gain":0,"player_choice":"Removed Skill","damage_taken":0,"max_hp_gain":0,"max_hp_loss":0,"event_name":"Falling","floor":41,"gold_loss":0},{"damage_healed":0,"gold_gain":0,"player_choice":"Paid Gold","damage_taken":0,"relics_obtained":["Letter Opener"],"max_hp_gain":0,"max_hp_loss":0,"event_name":"WeMeetAgain","floor":44,"gold_loss":65}],"is_beta":true,"boss_relics":[{"not_picked":["Snecko Eye","Velvet Choker"],"picked":"Sozu"},{"not_picked":["Astrolabe","Philosopher\u0027s Stone"],"picked":"Tiny House"}],"items_purged_floors":[],"is_endless":false,"potions_floor_spawned":[3,6,12,18,19,21,25,33,39],"killed_by":"Giant Head","ascension_level":3}