{"path_per_floor":["M","?","$","?","?","E","M","R","T","T","R","E","M","M","R","B",null,"M","M","$","?","M","R","M","?","T","M","M","$","R"],"character_chosen":"IRONCLAD","items_purchased":["Shrug It Off","Ghostly Armor","Apotheosis"],"gold_per_floor":[111,111,36,36,36,70,88,88,88,88,88,123,133,144,144,248,248,265,278,125,125,145,145,158,158,231,247,267,45,45],"floor_reached":31,"campfire_rested":3,"playtime":2195,"current_hp_per_floor":[70,70,69,69,69,38,41,41,41,41,61,43,50,56,56,16,69,53,51,51,51,35,56,44,44,44,19,15,15,36],"items_purged":["Parasite","Strike_R"],"gold":45,"score":245,"play_id":"0e89f567-3a96-43e9-947a-4d0903b90715","is_prod":false,"is_daily":false,"is_ascension_mode":false,"campfire_upgraded":2,"path_taken":["M","?","$","?","?","E","?","R","T","?","R","E","M","M","R","BOSS","M","M","$","?","?","R","M","?","T","M","M","?","R","M"],"build_version":"2018-02-22-PROD2","purchased_purges":4,"victory":false,"master_deck":["Strike_R","Strike_R","Strike_R","Strike_R","Defend_R","Defend_R","Defend_R","Defend_R","Bash","Limit Break+1","Flex+1","Deep Breath","Bash","Inflame","Rampage","Carnage","Heavy Blade+1","Brutality","Dual Wield+1","Pommel Strike+1","Shrug It Off+1","Clothesline","Ghostly Armor+1","Ghostly Armor+1","Apotheosis+1"],"max_hp_per_floor":[72,72,69,69,69,69,69,69,69,69,69,69,69,69,69,69,69,69,69,69,69,71,71,73,73,73,73,73,73,73],"relics":["Black Blood","Blood Vial","Torii","Self Forming Clay","Orichalcum","Singing Bowl","Toxic Egg 2"],"card_choices":[{"not_picked":["Fiend Fire","Juggernaut"],"picked":"Limit Break"},{"not_picked":["Wild Strike","Iron Wave"],"picked":"Flex"},{"not_picked":["True Grit","Twin Strike"],"picked":"Inflame"},{"not_picked":["Anger","Clothesline"],"picked":"Rampage"},{"not_picked":["Clash","Warcry"],"picked":"Carnage"},{"not_picked":["Inflame","Searing Blow"],"picked":"Heavy Blade"},{"not_picked":["Bludgeon","Immolate"],"picked":"Brutality"},{"not_picked":["Sword Boomerang","Armaments"],"picked":"Dual Wield"},{"not_picked":["Rupture","Inflame"],"picked":"Pommel Strike"},{"not_picked":["Perfected Strike","Anger"],"picked":"Clothesline"},{"not_picked":["Intimidate","Havoc"],"picked":"Ghostly Armor"}],"player_experience":221665,"potions_floor_usage":[6,13,14,16,16,24,27,28],"damage_taken":[{"damage":8,"enemies":"2 Louse","floor":1,"turns":2},{"damage":37,"enemies":"3 Sentries","floor":6,"turns":10},{"damage":5,"enemies":"Cultist","floor":7,"turns":4},{"damage":26,"enemies":"Gremlin Nob","floor":12,"turns":5},{"damage":1,"enemies":"Small Slimes","floor":13,"turns":2},{"damage":2,"enemies":"Looter","floor":14,"turns":3},{"damage":48,"enemies":"Slime Boss","floor":16,"turns":10},{"damage":26,"enemies":"2 Thieves","floor":18,"turns":4},{"damage":14,"enemies":"Spheric Guardian","floor":19,"turns":5},{"damage":30,"enemies":"Snake Plant","floor":22,"turns":4},{"damage":26,"enemies":"Cultist and Chosen","floor":24,"turns":8},{"damage":37,"enemies":"3 Cultists","floor":27,"turns":7},{"damage":16,"enemies":"Slaver and Parasite","floor":28,"turns":5},{"damage":45,"enemies":"Cultist and Chosen","floor":31,"turns":9}],"event_choices":[{"event_name":"Match and Keep!","player_choice":"3 cards matched","floor":2,"damage_taken":0},{"event_name":"Living Wall","player_choice":"Grow","floor":4,"damage_taken":0},{"event_name":"The Lab","player_choice":"Got Potions","floor":5,"damage_taken":0},{"event_name":"The Mausoleum","player_choice":"Yes","floor":21,"damage_taken":0},{"event_name":"Upgrade Shrine","player_choice":"Upgraded","floor":25,"damage_taken":0}],"boss_relics":[{"not_picked":["Pandora\u0027s Box","Runic Dome"],"picked":"Black Blood"}],"potions_floor_spawned":[6,12,14,18,22,27],"seed_played":"4749739227941634460","killed_by":"Cultist and Chosen","ascension_level":0,"is_trial":false}