{"gold_per_floor":[116,81,54,71,71,71,104,124,192,208,226,226,241,255,255,359,359,374,390,40,57,57,57,116,116,140,140,158,158,177,194,194,194],"floor_reached":33,"playtime":1570,"items_purged":[],"score":312,"play_id":"9dbbabdf-c0ba-463a-b02c-fd4edb4059b6","local_time":"20180728185744","is_ascension_mode":true,"campfire_choices":[{"data":"Darkness","floor":6,"key":"SMITH"},{"data":"Zap","floor":12,"key":"SMITH"},{"data":"Consume","floor":15,"key":"SMITH"},{"data":"Echo Form","floor":23,"key":"SMITH"},{"floor":25,"key":"REST"},{"floor":29,"key":"REST"},{"floor":32,"key":"REST"}],"neow_cost":"","seed_source_timestamp":630500109331454,"circlet_count":0,"master_deck":["Strike_B","Strike_B","Strike_B","Defend_B","Defend_B","Defend_B","Defend_B","Zap+1","Dualcast","Steam","Ball Lightning","Darkness+1","Undo","Sunder","Leap","Ball Lightning+1","Hologram","Consume+1","Rainbow","Sweeping Beam+1","Darkness","Capacitor+1","Cold Snap+1","Echo Form+1","BootSequence","Leap+1","Glacier+1"],"relics":["Cracked Core","Centennial Puzzle","Molten Egg 2","Inserter","Orichalcum","Ancient Tea Set","Tiny Chest","Boot"],"potions_floor_usage":[16,16,24,24],"damage_taken":[{"damage":8,"enemies":"Small Slimes","floor":1,"turns":4},{"damage":0,"enemies":"2 Louse","floor":4,"turns":2},{"damage":20,"enemies":"3 Sentries","floor":7,"turns":5},{"damage":2,"enemies":"Jaw Worm","floor":8,"turns":3},{"damage":0,"enemies":"2 Fungi Beasts","floor":10,"turns":2},{"damage":3,"enemies":"3 Louse","floor":11,"turns":2},{"damage":0,"enemies":"Gremlin Gang","floor":13,"turns":3},{"damage":0,"enemies":"Blue Slaver","floor":14,"turns":2},{"damage":12,"enemies":"The Guardian","floor":16,"turns":10},{"damage":7,"enemies":"Spheric Guardian","floor":18,"turns":4},{"damage":1,"enemies":"Chosen","floor":19,"turns":3},{"damage":10,"enemies":"Snecko","floor":21,"turns":4},{"damage":29,"enemies":"Slavers","floor":24,"turns":5},{"damage":20,"enemies":"Chosen and Byrds","floor":28,"turns":5},{"damage":10,"enemies":"Cultist and Chosen","floor":30,"turns":6},{"damage":26,"enemies":"Sentry and Sphere","floor":31,"turns":5},{"damage":45,"enemies":"Collector","floor":33,"turns":5}],"seed_played":"2524216100775736878","potions_obtained":[{"floor":10,"key":"GamblersBrew"},{"floor":11,"key":"SkillPotion"},{"floor":13,"key":"Weak Potion"},{"floor":16,"key":"SteroidPotion"},{"floor":18,"key":"FocusPotion"},{"floor":30,"key":"FearPotion"}],"is_trial":false,"path_per_floor":["M","?","$","M","?","R","E","M","T","M","M","R","M","M","R","B",null,"M","M","$","M","?","R","E","R","T","?","M","R","M","M","R"],"character_chosen":"DEFECT","items_purchased":["Ball Lightning","Capacitor","Orichalcum","Ancient Tea Set"],"campfire_rested":3,"item_purchase_floors":[3,20,20,20],"current_hp_per_floor":[67,75,75,75,75,75,55,53,53,53,50,50,50,50,50,38,75,68,67,67,57,57,57,28,50,50,50,30,52,42,16,38,0],"gold":194,"neow_bonus":"","is_prod":false,"is_daily":false,"chose_seed":false,"campfire_upgraded":4,"win_rate":0,"timestamp":1532818664,"path_taken":["M","?","$","M","?","R","E","M","T","M","M","R","M","M","R","BOSS","M","?","$","M","?","R","E","R","T","?","?","R","M","M","R","BOSS"],"build_version":"2018-07-26","purchased_purges":0,"victory":false,"max_hp_per_floor":[75,75,75,75,75,75,75,75,75,75,75,75,75,75,75,75,75,75,75,75,75,75,75,75,75,75,75,75,75,75,75,75,75],"card_choices":[{"not_picked":["Hologram","Stack"],"picked":"Steam","floor":1},{"not_picked":["Double Energy","Fusion"],"picked":"Darkness","floor":4},{"not_picked":["Barrage","Fusion"],"picked":"Undo","floor":7},{"not_picked":["Tempest","Steam"],"picked":"Sunder","floor":8},{"not_picked":["Sweeping Beam+1","Steam"],"picked":"Leap","floor":10},{"not_picked":["Static Discharge","FTL+1"],"picked":"Ball Lightning+1","floor":11},{"not_picked":["Doom and Gloom+1","Rebound+1"],"picked":"Hologram","floor":13},{"not_picked":["Ball Lightning+1","Blizzard+1"],"picked":"Consume","floor":14},{"not_picked":["Reboot","All For One+1"],"picked":"Rainbow","floor":16},{"not_picked":["Turbo","Coolheaded"],"picked":"Sweeping Beam+1","floor":18},{"not_picked":["Sweeping Beam+1","Force Field"],"picked":"Darkness","floor":19},{"not_picked":["Go for the Eyes+1","Leap"],"picked":"Cold Snap+1","floor":21},{"not_picked":["Machine Learning","Skim+1"],"picked":"BootSequence","floor":24},{"not_picked":["Loop","Rebound+1"],"picked":"Leap+1","floor":28},{"not_picked":["Heatsinks","Gash+1","Streamline+1"],"picked":"SKIP","floor":30},{"not_picked":["Leap","Scrape+1"],"picked":"Glacier+1","floor":31}],"player_experience":664171,"relics_obtained":[{"floor":7,"key":"Centennial Puzzle"},{"floor":9,"key":"Molten Egg 2"},{"floor":24,"key":"Tiny Chest"},{"floor":26,"key":"Boot"}],"event_choices":[{"event_name":"The Cleric","player_choice":"Healed","floor":2,"damage_taken":0},{"event_name":"Liars Game","player_choice":"disagreed","floor":5,"damage_taken":0},{"event_name":"Transmorgrifier","player_choice":"Transform","floor":22,"damage_taken":0},{"event_name":"Accursed Blacksmith","player_choice":"Forge","floor":27,"damage_taken":0}],"is_beta":true,"boss_relics":[{"not_picked":["Lizard Tail","Black Star"],"picked":"Inserter"}],"items_purged_floors":[],"is_endless":false,"potions_floor_spawned":[10,11,13,16,18,21,30],"killed_by":"Collector","ascension_level":3}