{"path_per_floor":["M","M","$","M","M","E","R","E","T","M","M","M","?","$","R","B",null,"M","M","?","?","M","R","$","E","T","R","M","$","E","T","R"],"character_chosen":"THE_SILENT","items_purchased":["Panache","Flash of Steel","PiercingWail","Regal Pillow","Escape Plan","Mind Blast","Happy Flower","Cloak And Dagger"],"gold_per_floor":[364,382,42,62,82,109,109,139,164,184,204,222,280,61,61,164,164,184,204,204,204,223,223,47,111,192,192,211,11,39,66,66,66],"floor_reached":33,"campfire_rested":4,"playtime":1840,"current_hp_per_floor":[63,63,63,63,63,18,36,27,27,17,12,10,10,10,43,43,63,22,12,12,12,8,42,42,42,42,65,65,65,55,55,55,0],"items_purged":["Regret"],"gold":66,"score":446,"play_id":"eead0de9-b3ce-4277-85e1-554eddad3aeb","local_time":"20180407125130","is_prod":false,"is_daily":false,"is_ascension_mode":true,"campfire_upgraded":1,"timestamp":1523119890,"path_taken":["M","M","$","M","M","E","R","E","T","M","M","M","?","$","R","BOSS","M","M","?","?","M","R","$","E","T","R","M","$","E","?","R","BOSS"],"build_version":"2018-04-05","purchased_purges":1,"victory":false,"master_deck":["Defend_G","Defend_G","Defend_G","Defend_G","Defend_G","Strike_G","Strike_G","Strike_G","Strike_G+1","Strike_G+1","Survivor+1","Neutralize","Dagger Spray","Malaise","Panache","Flash of Steel","PiercingWail","Flying Knee","Sucker Punch","All Out Attack","Slice","PiercingWail","Outmaneuver","Escape Plan+1","Storm of Steel","Injury","Decay","Backflip+1","Backstab+1","Mind Blast+1","Leg Sweep+1","Adrenaline","Cloak And Dagger","Distraction+1"],"max_hp_per_floor":[63,63,63,63,63,63,63,63,63,63,63,63,63,63,63,63,63,63,63,63,63,65,65,65,65,65,65,65,65,65,65,65,65],"relics":["Ring of the Snake","Bag of Preparation","Kunai","Whetstone","Regal Pillow","Calling Bell","Singing Bowl","Vajra","Ancient Tea Set","Tiny Chest","Shuriken","Happy Flower","Frozen Egg 2","War Paint"],"card_choices":[{"not_picked":["Cloak And Dagger","Accuracy"],"picked":"Dagger Spray","floor":1},{"not_picked":["Dagger Spray","Underhanded Strike"],"picked":"Malaise","floor":2},{"not_picked":["Reflex","Deflect"],"picked":"Flying Knee","floor":4},{"not_picked":["PiercingWail","Prepared"],"picked":"Sucker Punch","floor":6},{"not_picked":["Crippling Poison","Deflect"],"picked":"All Out Attack","floor":8},{"not_picked":["Burst","Dodge and Roll"],"picked":"Slice","floor":10},{"not_picked":["Masterful Stab","Quick Slash"],"picked":"PiercingWail","floor":11},{"not_picked":["Expertise","Deflect"],"picked":"Outmaneuver","floor":12},{"not_picked":["Unload","Adrenaline"],"picked":"Storm of Steel","floor":16},{"not_picked":["Dagger Spray","All Out Attack"],"picked":"Backflip","floor":18},{"not_picked":["Reflex","Sucker Punch"],"picked":"Backstab","floor":19},{"not_picked":["Dagger Spray","Prepared"],"picked":"Leg Sweep","floor":25},{"not_picked":["Catalyst","Deadly Poison"],"picked":"Adrenaline","floor":28},{"not_picked":["Sucker Punch","PiercingWail"],"picked":"Distraction","floor":30}],"player_experience":110165,"potions_floor_usage":[5,6,8,19,22,22,25,33],"damage_taken":[{"damage":0,"enemies":"2 Louse","floor":1,"turns":4},{"damage":0,"enemies":"Small Slimes","floor":2,"turns":2},{"damage":0,"enemies":"Cultist","floor":4,"turns":4},{"damage":0,"enemies":"Red Slaver","floor":5,"turns":4},{"damage":45,"enemies":"Lagavulin","floor":6,"turns":11},{"damage":9,"enemies":"3 Sentries","floor":8,"turns":6},{"damage":10,"enemies":"Looter","floor":10,"turns":3},{"damage":5,"enemies":"Exordium Thugs","floor":11,"turns":4},{"damage":2,"enemies":"Large Slime","floor":12,"turns":6},{"damage":0,"enemies":"The Guardian","floor":16,"turns":16},{"damage":41,"enemies":"Shell Parasite","floor":18,"turns":10},{"damage":16,"enemies":"Chosen","floor":19,"turns":4},{"damage":6,"enemies":"Snecko","floor":22,"turns":5},{"damage":0,"enemies":"Slavers","floor":25,"turns":2},{"damage":0,"enemies":"Snake Plant","floor":28,"turns":3},{"damage":10,"enemies":"Book of Stabbing","floor":30,"turns":6},{"damage":56,"enemies":"Champ","floor":33,"turns":9}],"event_choices":[{"event_name":"Golden Wing","player_choice":"Gained Gold","floor":13,"damage_taken":0},{"event_name":"Ghosts","player_choice":"Ignored","floor":20,"damage_taken":0},{"event_name":"The Lab","player_choice":"Got Potions","floor":21,"damage_taken":0}],"boss_relics":[{"not_picked":["Orrery","Astrolabe"],"picked":"Calling Bell"}],"potions_floor_spawned":[2,5,6,12,18,19,25],"seed_played":"-4357525596730001942","killed_by":"Champ","ascension_level":4,"is_trial":false}