{"gold_per_floor":[360,372,7,23,40,40,67,67,67,84,116,128,158,218,218,295,295,307,357,376,11,30,30,55,55,79,136,136,152,172,0,0,71,71,81,81,99,114,125,125,151,151,151,178,195,4,4,19,19,19,19,19,19,19,52,52],"floor_reached":57,"playtime":5282,"items_purged":["Strike_B","Strike_B","Strike_B","Strike_B"],"score":2873,"play_id":"b8ebc9e7-83cc-430b-9389-498c81b9154f","local_time":"20190126163224","is_ascension_mode":true,"campfire_choices":[{"data":"Sweeping Beam","floor":6.0,"key":"SMITH"},{"floor":8.0,"key":"REST"},{"data":"Defragment","floor":15.0,"key":"SMITH"},{"data":"Defragment","floor":23.0,"key":"SMITH"},{"floor":25.0,"key":"REST"},{"data":"Defragment","floor":28.0,"key":"SMITH"},{"data":"Fusion","floor":32.0,"key":"SMITH"},{"floor":40.0,"key":"REST"},{"floor":47.0,"key":"RECALL"},{"data":"Fission","floor":49.0,"key":"SMITH"},{"data":"Buffer","floor":53.0,"key":"SMITH"}],"neow_cost":"TEN_PERCENT_HP_LOSS","seed_source_timestamp":841367498673731,"circlet_count":0,"master_deck":["AscendersBane","Defend_B","Defend_B","Defend_B","Defend_B","Zap+1","Dualcast+1","Defragment+1","Sweeping Beam+1","Ball Lightning","Compile Driver","Go for the Eyes","Cold Snap","Glacier","Fission+1","Conserve Battery","Melter","Glacier","Echo Form","Barrage","Defragment+1","Defragment+1","Leap+1","Fusion+1","Buffer+1","BootSequence","Barrage+1","Consume","Hologram","Hologram"],"special_seed":0,"relics":["Cracked Core","Membership Card","Anchor","Boot","War Paint","Bottled Flame","Mercury Hourglass","Happy Flower","Inserter","Bottled Tornado","Medical Kit","Bag of Marbles","Omamori","Tiny Chest","Regal Pillow","Runic Pyramid","WarpedTongs","Girya","Ancient Tea Set","OrangePellets","Pocketwatch"],"potions_floor_usage":[56,56],"damage_taken":[{"damage":1.0,"enemies":"Cultist","floor":1.0,"turns":3.0},{"damage":9.0,"enemies":"2 Louse","floor":2.0,"turns":3.0},{"damage":0.0,"enemies":"Small Slimes","floor":4.0,"turns":2.0},{"damage":14.0,"enemies":"Gremlin Gang","floor":5.0,"turns":3.0},{"damage":25.0,"enemies":"Lagavulin","floor":7.0,"turns":6.0},{"damage":0.0,"enemies":"2 Fungi Beasts","floor":10.0,"turns":2.0},{"damage":11.0,"enemies":"Gremlin Nob","floor":11.0,"turns":3.0},{"damage":0.0,"enemies":"3 Louse","floor":12.0,"turns":2.0},{"damage":0.0,"enemies":"3 Sentries","floor":13.0,"turns":5.0},{"damage":2.0,"enemies":"Gremlin Nob","floor":14.0,"turns":3.0},{"damage":0.0,"enemies":"Hexaghost","floor":16.0,"turns":9.0},{"damage":0.0,"enemies":"Chosen","floor":18.0,"turns":4.0},{"damage":4.0,"enemies":"3 Byrds","floor":20.0,"turns":3.0},{"damage":3.0,"enemies":"Snake Plant","floor":22.0,"turns":4.0},{"damage":20.0,"enemies":"Gremlin Leader","floor":24.0,"turns":6.0},{"damage":9.0,"enemies":"Slavers","floor":27.0,"turns":4.0},{"damage":5.0,"enemies":"Centurion and Healer","floor":29.0,"turns":6.0},{"damage":2.0,"enemies":"Chosen and Byrds","floor":30.0,"turns":6.0},{"damage":9.0,"enemies":"Automaton","floor":33.0,"turns":9.0},{"damage":11.0,"enemies":"3 Shapes","floor":35.0,"turns":4.0},{"damage":9.0,"enemies":"3 Darklings","floor":37.0,"turns":6.0},{"damage":26.0,"enemies":"4 Shapes","floor":38.0,"turns":5.0},{"damage":0.0,"enemies":"Transient","floor":39.0,"turns":6.0},{"damage":1.0,"enemies":"Reptomancer","floor":41.0,"turns":7.0},{"damage":0.0,"enemies":"Nemesis","floor":44.0,"turns":5.0},{"damage":0.0,"enemies":"Maw","floor":45.0,"turns":9.0},{"damage":4.0,"enemies":"4 Shapes","floor":48.0,"turns":6.0},{"damage":22.0,"enemies":"Time Eater","floor":50.0,"turns":16.0},{"damage":4.0,"enemies":"Donu and Deca","floor":51.0,"turns":9.0},{"damage":23.0,"enemies":"Shield and Spear","floor":55.0,"turns":10.0},{"damage":20,"enemies":"The Heart","floor":56,"turns":15}],"seed_played":"-2889244466810467592","potions_obtained":[{"floor":1.0,"key":"LiquidBronze"},{"floor":7.0,"key":"GamblersBrew"},{"floor":13.0,"key":"Swift Potion"},{"floor":16.0,"key":"EssenceOfSteel"},{"floor":22.0,"key":"Weak Potion"},{"floor":27.0,"key":"EssenceOfSteel"},{"floor":29.0,"key":"Explosive Potion"},{"floor":38.0,"key":"AttackPotion"},{"floor":39.0,"key":"Block Potion"},{"floor":44.0,"key":"Ancient Potion"}],"is_trial":false,"path_per_floor":["M","M","$","M","M","R","E","R","T","M","E","M","E","?","R","B",null,"M","?","M","$","M","R","E","R","T","E","R","M","M","$","R","B",null,"M","?","M","M","M","R","E","?","T","E","M","$","R","M","R","B","B",null,"R","$","E","B",null],"character_chosen":"DEFECT","items_purchased":["Membership Card","Ball Lightning","Anchor","Bottled Tornado","Medical Kit","Defragment","Energy Potion","Regal Pillow","Weak Potion","OrangePellets"],"campfire_rested":3,"item_purchase_floors":[3,3,3,21,21,21,21,31,31,46],"current_hp_per_floor":[63,54,54,54,40,40,15,34,34,34,23,23,23,21,21,21,53,53,53,49,49,46,46,26,45,45,36,36,31,29,29,29,20,53,42,42,33,7,7,41,40,64,64,64,64,64,64,60,60,38,34,57,57,57,34,14],"gold":52,"neow_bonus":"TWO_FIFTY_GOLD","is_prod":false,"is_daily":false,"chose_seed":false,"campfire_upgraded":7,"win_rate":0,"timestamp":1548549144,"path_taken":["M","M","$","?","?","R","E","R","T","M","E","M","E","?","R","BOSS","M","?","M","$","M","R","E","R","T","E","R","M","M","$","R","BOSS","M","?","?","M","M","R","E","?","T","E","M","$","R","M","R","BOSS","BOSS","R","$","E","BOSS"],"build_version":"2019-01-23","purchased_purges":4,"victory":true,"max_hp_per_floor":[64,64,64,64,64,64,64,64,64,64,64,64,64,64,64,64,64,64,64,64,64,64,64,64,64,64,64,64,64,64,64,64,64,64,64,64,64,64,64,64,64,64,64,64,64,64,64,64,64,64,64,64,64,64,64,64],"card_choices":[{"not_picked":["Heatsinks","Conserve Battery"],"picked":"Defragment","floor":1.0},{"not_picked":["Streamline","Coolheaded"],"picked":"Sweeping Beam","floor":2.0},{"not_picked":["Sweeping Beam","Steam"],"picked":"Compile Driver","floor":4.0},{"not_picked":["Rip and Tear","Beam Cell"],"picked":"Go for the Eyes","floor":5.0},{"not_picked":["Rebound","Force Field"],"picked":"Cold Snap","floor":7.0},{"not_picked":["Thunder Strike","Conserve Battery"],"picked":"Glacier","floor":10.0},{"not_picked":["Heatsinks","Coolheaded"],"picked":"Fission","floor":11.0},{"not_picked":["Cold Snap","Streamline"],"picked":"Conserve Battery","floor":12.0},{"not_picked":["Rebound","Reinforced Body"],"picked":"Melter","floor":13.0},{"not_picked":["Hologram","Ball Lightning"],"picked":"Glacier","floor":14.0},{"not_picked":["Seek","Hyperbeam"],"picked":"Echo Form","floor":16.0},{"not_picked":["Gash","Sweeping Beam"],"picked":"Barrage","floor":18.0},{"not_picked":["Scrape","Rip and Tear"],"picked":"Defragment","floor":20.0},{"not_picked":["Gash","Beam Cell"],"picked":"Leap+1","floor":22.0},{"not_picked":["Sweeping Beam","Beam Cell","Auto Shields"],"picked":"SKIP","floor":24.0},{"not_picked":["Stack","Streamline","Steam"],"picked":"SKIP","floor":27.0},{"not_picked":["Barrage","Leap","Stack"],"picked":"SKIP","floor":29.0},{"not_picked":["Doom and Gloom+1","Sunder"],"picked":"Fusion","floor":30.0},{"not_picked":["Amplify","Machine Learning"],"picked":"Buffer","floor":33.0},{"not_picked":["Redo","Barrage","Undo"],"picked":"SKIP","floor":35.0},{"not_picked":["Storm","Chaos"],"picked":"BootSequence","floor":37.0},{"not_picked":["Conserve Battery","Darkness","Barrage"],"picked":"SKIP","floor":38.0},{"not_picked":["Chaos","Cold Snap+1"],"picked":"Barrage+1","floor":39.0},{"not_picked":["Rainbow","Gash+1","FTL"],"picked":"SKIP","floor":41.0},{"not_picked":["Streamline","Rebound+1"],"picked":"Consume","floor":44.0},{"not_picked":["Barrage+1","Leap","Undo"],"picked":"SKIP","floor":45.0},{"not_picked":["Barrage+1","Leap","Undo"],"picked":"SKIP","floor":45.0},{"not_picked":["Scrape+1","Go for the Eyes"],"picked":"Hologram","floor":48.0},{"not_picked":["Compile Driver","Chill"],"picked":"Hologram","floor":55.0}],"player_experience":1296383,"relics_obtained":[{"floor":7.0,"key":"Boot"},{"floor":9.0,"key":"War Paint"},{"floor":11.0,"key":"Bottled Flame"},{"floor":13.0,"key":"Mercury Hourglass"},{"floor":14.0,"key":"Happy Flower"},{"floor":24.0,"key":"Bag of Marbles"},{"floor":26.0,"key":"Omamori"},{"floor":27.0,"key":"Tiny Chest"},{"floor":41.0,"key":"Girya"},{"floor":44.0,"key":"Ancient Tea Set"},{"floor":55.0,"key":"Pocketwatch"}],"event_choices":[{"damage_healed":0.0,"max_hp_gain":0.0,"max_hp_loss":0.0,"gold_gain":0.0,"event_name":"Dead Adventurer","player_choice":"Searched \u00271\u0027 times","floor":14.0,"gold_loss":0.0,"damage_taken":0.0},{"damage_healed":0.0,"max_hp_gain":0.0,"max_hp_loss":0.0,"gold_gain":50.0,"event_name":"Nest","player_choice":"Stole From Cult","floor":19.0,"gold_loss":0.0,"damage_taken":0.0},{"damage_healed":0.0,"max_hp_gain":0.0,"max_hp_loss":0.0,"gold_gain":0.0,"event_name":"Accursed Blacksmith","player_choice":"Rummage","floor":36.0,"gold_loss":0.0,"damage_taken":0.0,"relics_obtained":["WarpedTongs"],"cards_obtained":["Pain"]},{"damage_healed":24.0,"max_hp_gain":0.0,"max_hp_loss":0.0,"gold_gain":0.0,"event_name":"MindBloom","player_choice":"Heal","floor":42.0,"gold_loss":0.0,"damage_taken":0.0,"cards_obtained":["Doubt"]}],"is_beta":true,"boss_relics":[{"not_picked":["Orrery","Cursed Key"],"picked":"Inserter"},{"not_picked":["Tiny House","FrozenCore"],"picked":"Runic Pyramid"}],"items_purged_floors":[3,21,31,46],"is_endless":false,"potions_floor_spawned":[1,7,13,16,22,27,29,38,39,44,45,48,55],"ascension_level":20}