{"path_per_floor":["M","?","$","?","M","R","E","M","T","R","?","M","$","M","R","B",null,"M","$","M","?","M","R","?","R","T","M","?","M","T","M","R","B",null,"M","$","M","?","?","R","?","R","T","M","?","M","M","$","R"],"character_chosen":"THE_SILENT","items_purchased":["PiercingWail","Bouncing Flask","Noxious Fumes","Mind Blast","Bane","Noxious Fumes"],"gold_per_floor":[118,118,43,43,54,54,79,91,91,91,114,129,6,26,26,125,125,141,39,53,53,68,68,68,68,68,80,80,95,95,111,111,211,241,255,28,47,47,47,47,47,47,74,86,141,151,164,71,71,71],"floor_reached":50,"campfire_rested":5,"playtime":1782,"current_hp_per_floor":[60,60,60,53,47,47,34,25,25,46,36,36,36,34,55,35,61,61,61,46,46,41,41,41,62,72,57,41,24,31,37,63,20,75,72,72,72,62,102,102,89,89,89,73,40,37,19,19,49,0],"items_purged":["Strike_G","Strike_G","Strike_G"],"gold":71,"score":729,"play_id":"781b72cd-019a-4247-b489-95c6b0d99e72","local_time":"20180415010706","is_prod":false,"is_daily":false,"chose_seed":false,"is_ascension_mode":true,"campfire_upgraded":4,"timestamp":1523768826,"path_taken":["M","?","$","?","?","R","E","M","T","R","?","M","$","M","R","BOSS","M","$","M","?","M","R","?","R","T","?","?","M","?","M","R","BOSS","M","$","M","?","?","R","?","R","T","M","?","M","M","$","R","BOSS"],"build_version":"2018-04-13","seed_source_timestamp":230871388775733,"purchased_purges":4,"victory":false,"master_deck":["Defend_G","Defend_G","Defend_G","Defend_G","Strike_G","Strike_G","Survivor","Neutralize+1","Bouncing Flask+1","Catalyst+1","Calculated Gamble","Dagger Spray","Backstab","Dodge and Roll","PiercingWail","Dash+1","Footwork","Bouncing Flask+1","Noxious Fumes+1","Acrobatics+1","Noxious Fumes","Necronomicurse","Venomology","Bullet Time","Backflip","Terror","Mind Blast","Panache","Dramatic Entrance","Flash of Steel","Madness+1","Madness","Expertise+1","Dash","Bane+1","Bane","Noxious Fumes"],"max_hp_per_floor":[70,70,70,70,70,70,70,70,70,70,70,70,70,70,70,70,70,70,70,70,70,70,70,70,70,80,80,80,80,87,87,87,87,92,92,92,92,92,102,102,102,102,102,102,102,102,102,102,102,102],"relics":["Ring of the Snake","Centennial Puzzle","Bag of Preparation","Odd Mushroom","Runic Dome","Pear","Necronomicon","Strawberry","Tiny House","Bronze Scales","The Specimen"],"card_choices":[{"not_picked":["Bane","Catalyst"],"picked":"Bouncing Flask","floor":1},{"not_picked":["Reflex","Backstab"],"picked":"Catalyst","floor":5},{"not_picked":["Sucker Punch","Endless Agony"],"picked":"Calculated Gamble","floor":7},{"not_picked":["Underhanded Strike","Outmaneuver"],"picked":"Dagger Spray","floor":8},{"not_picked":["Acrobatics","Endless Agony"],"picked":"Backstab","floor":11},{"not_picked":["Choke","Unload"],"picked":"Dodge and Roll","floor":12},{"not_picked":["Slice","Flying Knee"],"picked":"Dash","floor":14},{"not_picked":["A Thousand Cuts","Die Die Die"],"picked":"Tools of the Trade","floor":16},{"not_picked":["Slice","Dagger Spray"],"picked":"Footwork","floor":18},{"not_picked":["Infinite Blades","Blade Dance"],"picked":"Acrobatics","floor":20},{"not_picked":["Well Laid Plans","Skewer"],"picked":"Noxious Fumes","floor":27},{"not_picked":["Outmaneuver","Cloak And Dagger"],"picked":"Venomology","floor":29},{"not_picked":["A Thousand Cuts","Corpse Explosion"],"picked":"Bullet Time","floor":33},{"not_picked":["Flying Knee","Blade Dance"],"picked":"Backflip","floor":34},{"not_picked":["Sucker Punch","Infinite Blades"],"picked":"Terror","floor":35},{"not_picked":["Finesse","Madness"],"picked":"Panache","floor":38},{"not_picked":["Deep Breath","Secret Weapon"],"picked":"Dramatic Entrance","floor":38},{"not_picked":["Panacea","Transmutation"],"picked":"Flash of Steel","floor":38},{"not_picked":["Flechettes","Slice"],"picked":"Expertise","floor":45},{"not_picked":["Noxious Fumes","Backflip"],"picked":"Dash","floor":46},{"not_picked":["All Out Attack","Sucker Punch"],"picked":"Bane","floor":47}],"player_experience":196723,"potions_floor_usage":[7,7,22,29,31,31,31,33,35,44,45,46,47,50],"damage_taken":[{"damage":3,"enemies":"Jaw Worm","floor":1,"turns":6},{"damage":6,"enemies":"Small Slimes","floor":5,"turns":3},{"damage":13,"enemies":"Gremlin Nob","floor":7,"turns":3},{"damage":9,"enemies":"2 Louse","floor":8,"turns":2},{"damage":10,"enemies":"The Mushroom Lair","floor":11,"turns":4},{"damage":0,"enemies":"Exordium Wildlife","floor":12,"turns":2},{"damage":2,"enemies":"Looter","floor":14,"turns":2},{"damage":20,"enemies":"Hexaghost","floor":16,"turns":6},{"damage":0,"enemies":"Chosen","floor":18,"turns":3},{"damage":15,"enemies":"Shell Parasite","floor":20,"turns":3},{"damage":5,"enemies":"Snake Plant","floor":22,"turns":2},{"damage":15,"enemies":"Sentry and Sphere","floor":27,"turns":4},{"damage":23,"enemies":"Centurion and Healer","floor":29,"turns":5},{"damage":9,"enemies":"Chosen and Byrds","floor":31,"turns":5},{"damage":43,"enemies":"Collector","floor":33,"turns":7},{"damage":3,"enemies":"Orb Walker","floor":35,"turns":3},{"damage":0,"enemies":"3 Shapes","floor":37,"turns":4},{"damage":16,"enemies":"Maw","floor":44,"turns":6},{"damage":39,"enemies":"Mysterious Sphere","floor":45,"turns":4},{"damage":3,"enemies":"3 Darklings","floor":46,"turns":4},{"damage":18,"enemies":"Flame Bruiser 2 Orb","floor":47,"turns":4},{"damage":53,"enemies":"Time Eater","floor":50,"turns":4}],"event_choices":[{"event_name":"Living Wall","player_choice":"Grow","floor":2,"damage_taken":0},{"event_name":"Golden Wing","player_choice":"Card Removal","floor":4,"damage_taken":0},{"event_name":"Mushrooms","player_choice":"Fought Mushrooms","floor":11,"damage_taken":0},{"event_name":"Accursed Blacksmith","player_choice":"Forge","floor":21,"damage_taken":0},{"event_name":"Drug Dealer","player_choice":"Ignored","floor":24,"damage_taken":0},{"event_name":"Cursed Tome","player_choice":"Obtained Book","floor":28,"damage_taken":0},{"event_name":"SensoryStone","player_choice":"Memory 3","floor":38,"damage_taken":0},{"event_name":"Bonfire Elementals","player_choice":"RARE","floor":39,"damage_taken":0},{"event_name":"Winding Halls","player_choice":"Embrace Madness","floor":41,"damage_taken":0},{"event_name":"Mysterious Sphere","player_choice":"Fight","floor":45,"damage_taken":0}],"boss_relics":[{"not_picked":["White Beast Statue","Runic Pyramid"],"picked":"Runic Dome"},{"not_picked":["Orrery","Black Star"],"picked":"Tiny House"}],"potions_floor_spawned":[1,7,14,16,22,27,31,33,35,46],"seed_played":"1805153721489791785","killed_by":"Time Eater","ascension_level":8,"is_trial":false}