{"gold_per_floor":[18,28,39,39,50,50,79,100,168,168,250,201,236,236,236,332,332,344,360,214,214,214,214,214,214,214,247,265,295,311,311,311,413,413,424,472,472,486,238,238,252,282,282,282,292,292,321,333,333,333,333,333,0,28,28],"floor_reached":56,"playtime":3767,"items_purged":[],"score":1325,"play_id":"2ddd6747-2b94-488e-b508-b0814d422984","local_time":"20190108200317","is_ascension_mode":true,"campfire_choices":[{"data":"Fiend Fire","floor":6,"key":"SMITH"},{"data":"Armaments","floor":10,"key":"SMITH"},{"floor":15,"key":"REST"},{"data":"Juggernaut","floor":23,"key":"SMITH"},{"floor":25,"key":"REST"},{"floor":32,"key":"REST"},{"data":"Barricade","floor":40,"key":"SMITH"},{"floor":44,"key":"REST"},{"data":"Armaments","floor":46,"key":"SMITH"},{"floor":49,"key":"RECALL"},{"data":"Shockwave","floor":52,"key":"SMITH"}],"neow_cost":"NO_GOLD","seed_source_timestamp":688007323990545,"circlet_count":0,"master_deck":["Strike_R","Strike_R","Defend_R","Defend_R","Defend_R+1","Defend_R","Bash","Fiend Fire+1","Impervious+1","True Grit","Shrug It Off","Iron Wave+1","Armaments+1","Rampage","Headbutt","Shrug It Off","Anger","Blood for Blood+1","Juggernaut+1","Armaments+1","Feel No Pain+1","Dual Wield+1","Warcry+1","Body Slam+1","Flame Barrier+1","Writhe","Barricade+1","Whirlwind+1","Sword Boomerang+1","Juggernaut+1","Seeing Red+1","Parasite","Shockwave+1","Shockwave+1","Shrug It Off+1","Battle Trance","Feel No Pain+1","Demon Form+1"],"relics":["Burning Blood","Unceasing Top","Odd Mushroom","Shuriken","Letter Opener","Art of War","Sozu","Orichalcum","Nilry\u0027s Codex","Bird Faced Urn","Peace Pipe","Mango","Strawberry","Runic Pyramid","Torii","Paper Frog","Frozen Egg 2","Singing Bowl","Anchor","Whetstone","Oddly Smooth Stone"],"potions_floor_usage":[7,7,27,55],"damage_taken":[{"damage":0,"enemies":"Small Slimes","floor":1,"turns":2},{"damage":1,"enemies":"2 Louse","floor":2,"turns":4},{"damage":0,"enemies":"Jaw Worm","floor":3,"turns":3},{"damage":8,"enemies":"2 Fungi Beasts","floor":5,"turns":4},{"damage":0,"enemies":"3 Sentries","floor":7,"turns":16},{"damage":22,"enemies":"The Mushroom Lair","floor":8,"turns":8},{"damage":25,"enemies":"Lagavulin","floor":13,"turns":7},{"damage":22,"enemies":"Slime Boss","floor":16,"turns":8},{"damage":6,"enemies":"2 Thieves","floor":18,"turns":5},{"damage":0,"enemies":"Shell Parasite","floor":19,"turns":5},{"damage":28,"enemies":"Slavers","floor":27,"turns":5},{"damage":5,"enemies":"Shelled Parasite and Fungi","floor":28,"turns":7},{"damage":44,"enemies":"Book of Stabbing","floor":29,"turns":6},{"damage":0,"enemies":"Cultist and Chosen","floor":30,"turns":5},{"damage":32,"enemies":"Collector","floor":33,"turns":10},{"damage":16,"enemies":"3 Darklings","floor":35,"turns":7},{"damage":25,"enemies":"2 Orb Walkers","floor":36,"turns":6},{"damage":1,"enemies":"Orb Walker","floor":38,"turns":4},{"damage":13,"enemies":"Writhing Mass","floor":41,"turns":5},{"damage":29,"enemies":"Nemesis","floor":42,"turns":5},{"damage":24,"enemies":"Sphere and 2 Shapes","floor":45,"turns":6},{"damage":26,"enemies":"Giant Head","floor":47,"turns":6},{"damage":0,"enemies":"Spire Growth","floor":48,"turns":6},{"damage":14,"enemies":"Time Eater","floor":50,"turns":8},{"damage":57,"enemies":"Shield and Spear","floor":54,"turns":8},{"damage":53,"enemies":"The Heart","floor":55,"turns":11}],"seed_played":"5338897691899252997","potions_obtained":[{"floor":1,"key":"Block Potion"},{"floor":3,"key":"EssenceOfSteel"},{"floor":5,"key":"Swift Potion"},{"floor":16,"key":"Ancient Potion"}],"is_trial":false,"path_per_floor":["M","M","M","?","M","R","E","?","T","R","T","$","E","?","R","B",null,"M","M","$","?","?","R","?","R","T","E","M","E","M","?","R","B",null,"M","?","?","M","$","R","M","E","T","R","M","R","E","M","R","B",null,"R","$","E","B",null],"character_chosen":"IRONCLAD","items_purchased":["Shrug It Off","Orichalcum","Paper Frog","Feel No Pain+1","Anchor","Whetstone"],"campfire_rested":4,"item_purchase_floors":[12,20,39,53,53,53],"current_hp_per_floor":[80,80,80,64,62,62,68,52,52,52,52,52,33,33,57,41,80,80,80,80,64,49,49,49,74,74,54,59,39,49,56,87,67,106,100,85,85,92,92,92,91,74,74,105,93,93,83,95,95,97,108,108,108,65,34],"gold":28,"neow_bonus":"TRANSFORM_TWO_CARDS","is_prod":false,"is_daily":false,"chose_seed":false,"campfire_upgraded":6,"win_rate":0,"timestamp":1546995797,"path_taken":["M","M","M","?","M","R","E","?","T","R","?","$","E","?","R","BOSS","M","M","$","?","?","R","?","R","T","E","M","E","?","?","R","BOSS","M","?","?","M","$","R","M","E","T","R","M","R","E","?","R","BOSS","R","$","E","BOSS"],"build_version":"2019-01-07","purchased_purges":0,"victory":true,"max_hp_per_floor":[80,80,80,80,80,80,80,80,80,80,80,80,80,80,80,80,80,80,80,80,80,85,85,85,85,85,85,85,99,99,106,106,106,106,106,106,106,106,106,106,106,106,106,106,106,106,108,108,108,108,108,108,108,108,108],"card_choices":[{"not_picked":["Intimidate","Clash"],"picked":"True Grit","floor":1},{"not_picked":["Shockwave","Sever Soul"],"picked":"Shrug It Off","floor":2},{"not_picked":["Perfected Strike","Clash"],"picked":"Iron Wave","floor":3},{"not_picked":["Corruption","True Grit"],"picked":"Armaments","floor":5},{"not_picked":["Body Slam","Clothesline"],"picked":"Rampage","floor":7},{"not_picked":["Wild Strike","Bludgeon"],"picked":"Headbutt","floor":8},{"not_picked":["Wild Strike","Perfected Strike"],"picked":"Anger","floor":13},{"not_picked":["Immolate","Impervious"],"picked":"Juggernaut","floor":16},{"not_picked":["Anger+1","Blood for Blood+1"],"picked":"Armaments","floor":18},{"not_picked":["Perfected Strike","Iron Wave"],"picked":"Feel No Pain+1","floor":19},{"not_picked":["Wild Strike","Havoc"],"picked":"Dual Wield+1","floor":27},{"not_picked":["Heavy Blade+1","Seeing Red+1"],"picked":"Warcry+1","floor":28},{"not_picked":["Limit Break","Impervious"],"picked":"Body Slam+1","floor":29},{"not_picked":["Reckless Charge","Armaments"],"picked":"Flame Barrier+1","floor":30},{"not_picked":["Dark Embrace","Feed"],"picked":"Barricade","floor":33},{"not_picked":["Power Through","Havoc+1"],"picked":"Whirlwind+1","floor":35},{"not_picked":["Cleave","Second Wind+1"],"picked":"Sword Boomerang+1","floor":36},{"not_picked":["Heavy Blade","Sword Boomerang+1"],"picked":"Seeing Red+1","floor":38},{"not_picked":["Heavy Blade","Cleave+1"],"picked":"Shockwave+1","floor":41},{"not_picked":["Hemokinesis+1","Sever Soul"],"picked":"Shockwave","floor":42},{"not_picked":["Clash+1","Sword Boomerang+1"],"picked":"Shrug It Off+1","floor":45},{"not_picked":["Headbutt","Combust+1","Reckless Charge+1"],"picked":"Singing Bowl","floor":47},{"not_picked":["Headbutt+1","Infernal Blade"],"picked":"Battle Trance","floor":48},{"not_picked":["True Grit+1","Twin Strike"],"picked":"Demon Form+1","floor":54}],"player_experience":1212807,"relics_obtained":[{"floor":7,"key":"Unceasing Top"},{"floor":8,"key":"Odd Mushroom"},{"floor":9,"key":"Shuriken"},{"floor":11,"key":"Letter Opener"},{"floor":13,"key":"Art of War"},{"floor":21,"key":"Nilry\u0027s Codex"},{"floor":26,"key":"Bird Faced Urn"},{"floor":27,"key":"Peace Pipe"},{"floor":29,"key":"Mango"},{"floor":36,"key":"Torii"},{"floor":42,"key":"Frozen Egg 2"},{"floor":47,"key":"Singing Bowl"},{"floor":54,"key":"Oddly Smooth Stone"}],"event_choices":[{"damage_healed":0,"gold_gain":0,"player_choice":"Entered Light","damage_taken":16,"max_hp_gain":0,"max_hp_loss":0,"event_name":"Shining Light","floor":4,"gold_loss":0,"cards_upgraded":["Defend_R","Impervious"]},{"damage_healed":0,"gold_gain":0,"player_choice":"Fought Mushrooms","damage_taken":0,"max_hp_gain":0,"max_hp_loss":0,"event_name":"Mushrooms","floor":8,"gold_loss":0},{"damage_healed":0,"gold_gain":0,"cards_transformed":["Strike_R"],"player_choice":"Transformed","damage_taken":0,"max_hp_gain":0,"max_hp_loss":0,"event_name":"Transmorgrifier","floor":14,"gold_loss":0,"cards_obtained":["Blood for Blood"]},{"damage_healed":0,"gold_gain":0,"player_choice":"Obtained Book","damage_taken":16,"max_hp_gain":0,"max_hp_loss":0,"event_name":"Cursed Tome","floor":21,"gold_loss":0},{"damage_healed":0,"gold_gain":0,"player_choice":"Shed Blood","damage_taken":20,"max_hp_gain":5,"max_hp_loss":0,"event_name":"Forgotten Altar","floor":22,"gold_loss":0},{"damage_healed":0,"gold_gain":0,"player_choice":"Ignored","damage_taken":0,"max_hp_gain":0,"max_hp_loss":0,"event_name":"N\u0027loth","floor":24,"gold_loss":0},{"damage_healed":0,"gold_gain":0,"player_choice":"Opened","damage_taken":0,"relics_obtained":["Strawberry"],"max_hp_gain":0,"max_hp_loss":0,"event_name":"The Mausoleum","floor":31,"gold_loss":0,"cards_obtained":["Writhe"]},{"damage_healed":0,"gold_gain":0,"player_choice":"Fight","damage_taken":0,"max_hp_gain":0,"max_hp_loss":0,"event_name":"Mysterious Sphere","floor":36,"gold_loss":0},{"damage_healed":0,"gold_gain":0,"player_choice":"Copied","damage_taken":0,"max_hp_gain":0,"max_hp_loss":0,"event_name":"Duplicator","floor":37,"gold_loss":0,"cards_obtained":["Juggernaut"]}],"is_beta":true,"boss_relics":[{"not_picked":["Lizard Tail","Tiny House"],"picked":"Sozu"},{"not_picked":["Coffee Dripper","Calling Bell"],"picked":"Runic Pyramid"}],"items_purged_floors":[],"is_endless":false,"potions_floor_spawned":[1,3,5,16,18,27,29,33,41,45,54],"ascension_level":1}