{"gold_per_floor":[109,124,124,124,141,141,174,174,227,258,258,288,184,184,184,261,261,273,222,312,332,332,332,350,365,365,365,385,401,432,60,60,60],"floor_reached":33,"playtime":2179,"items_purged":[],"score":559,"play_id":"3f64ea74-8ed1-4b25-93b7-c9decda68b8a","local_time":"20190110211742","daily_mods":["Draft"],"is_ascension_mode":true,"campfire_choices":[{"data":"Masterful Stab","floor":6,"key":"SMITH"},{"data":"Crippling Poison","floor":8,"key":"SMITH"},{"data":"Noxious Fumes","floor":11,"key":"SMITH"},{"floor":15,"key":"REST"},{"floor":23,"key":"REST"},{"data":"Acrobatics","floor":27,"key":"SMITH"},{"data":"Bullet Time","floor":32,"key":"SMITH"}],"neow_cost":"","seed_source_timestamp":0,"circlet_count":0,"master_deck":["AscendersBane","Masterful Stab+1","Backflip","Well Laid Plans","Acrobatics+1","Dagger Throw","Crippling Poison+1","Caltrops","Dagger Throw","Dash","Noxious Fumes","Deadly Poison","Dagger Spray","Backflip","Backflip","Underhanded Strike","Dagger Throw","Footwork+1","Noxious Fumes+1","Dash","Blade Dance","Underhanded Strike","Footwork","PiercingWail","Bullet Time+1","Backflip+1","Acrobatics","Dodge and Roll","Prepared","Blade Dance","Sucker Punch","Backstab","Malaise","Catalyst","Footwork"],"relics":["Ring of the Snake","Pen Nib","Tiny Chest","Centennial Puzzle","Smiling Mask","Snecko Eye","The Courier","Blood Vial","OrangePellets","Ancient Tea Set"],"potions_floor_usage":[12,16,21,25,28,29],"damage_taken":[{"damage":0,"enemies":"2 Louse","floor":1,"turns":2},{"damage":2,"enemies":"Jaw Worm","floor":2,"turns":2},{"damage":2,"enemies":"Small Slimes","floor":5,"turns":3},{"damage":7,"enemies":"Lagavulin","floor":7,"turns":5},{"damage":12,"enemies":"Gremlin Nob","floor":10,"turns":4},{"damage":2,"enemies":"3 Sentries","floor":12,"turns":8},{"damage":16,"enemies":"The Guardian","floor":16,"turns":9},{"damage":0,"enemies":"3 Byrds","floor":18,"turns":2},{"damage":11,"enemies":"Spheric Guardian","floor":21,"turns":3},{"damage":0,"enemies":"Centurion and Healer","floor":24,"turns":6},{"damage":0,"enemies":"3 Cultists","floor":25,"turns":3},{"damage":3,"enemies":"Snake Plant","floor":28,"turns":3},{"damage":8,"enemies":"Centurion and Healer","floor":29,"turns":5},{"damage":14,"enemies":"Gremlin Leader","floor":30,"turns":7},{"damage":50,"enemies":"Automaton","floor":33,"turns":6}],"seed_played":"-7914278248991862682","potions_obtained":[{"floor":1,"key":"Swift Potion"},{"floor":2,"key":"Block Potion"},{"floor":16,"key":"Strength Potion"},{"floor":18,"key":"AttackPotion"},{"floor":21,"key":"Poison Potion"},{"floor":25,"key":"Regen Potion"}],"is_trial":true,"path_per_floor":["M","M","?","?","M","R","E","R","T","E","R","E","$","?","R","B",null,"M","$","?","M","?","R","M","M","T","R","M","M","E","$","R","B"],"character_chosen":"THE_SILENT","items_purchased":["Footwork","PiercingWail","Acrobatics","OrangePellets","Ancient Tea Set","Footwork"],"campfire_rested":2,"item_purchase_floors":[13,13,19,31,31,31],"current_hp_per_floor":[59,57,57,57,55,55,48,48,48,36,36,34,34,34,53,37,59,59,59,47,36,36,55,55,55,55,55,52,58,44,44,44,0],"gold":60,"neow_bonus":"","is_prod":false,"is_daily":false,"chose_seed":false,"campfire_upgraded":5,"win_rate":0,"timestamp":1547173062,"path_taken":["M","M","?","?","M","R","E","R","T","E","R","E","$","?","R","BOSS","M","$","?","?","?","R","M","?","T","R","M","M","E","$","R","BOSS"],"build_version":"2019-01-09","purchased_purges":0,"victory":false,"max_hp_per_floor":[66,66,66,66,66,66,66,66,66,66,66,66,66,66,66,66,66,66,66,66,66,66,66,66,66,66,66,66,66,66,66,66,66],"card_choices":[{"not_picked":["Eviscerate","Backflip"],"picked":"Masterful Stab","floor":0},{"not_picked":["Endless Agony","Quick Slash"],"picked":"Backflip","floor":0},{"not_picked":["Endless Agony","Choke"],"picked":"Well Laid Plans","floor":0},{"not_picked":["Setup","Dagger Throw"],"picked":"Acrobatics","floor":0},{"not_picked":["Deflect","Acrobatics"],"picked":"Dagger Throw","floor":0},{"not_picked":["Expertise","Backflip"],"picked":"Crippling Poison","floor":0},{"not_picked":["Dagger Throw","Masterful Stab"],"picked":"Caltrops","floor":0},{"not_picked":["Outmaneuver","Prepared"],"picked":"Dagger Throw","floor":0},{"not_picked":["Blade Dance","PiercingWail"],"picked":"Dash","floor":0},{"not_picked":["Sucker Punch","Flying Knee"],"picked":"Noxious Fumes","floor":0},{"not_picked":["Dagger Throw","Bouncing Flask"],"picked":"Deadly Poison","floor":0},{"not_picked":["Terror","Sucker Punch"],"picked":"Dagger Spray","floor":0},{"not_picked":["Dagger Spray","Slice"],"picked":"Backflip","floor":0},{"not_picked":["Distraction","Reflex"],"picked":"Backflip","floor":0},{"not_picked":["Finisher","Outmaneuver"],"picked":"Underhanded Strike","floor":0},{"not_picked":["Acrobatics","Calculated Gamble"],"picked":"Dagger Throw","floor":1},{"not_picked":["Underhanded Strike","Dagger Spray"],"picked":"Footwork","floor":2},{"not_picked":["Eviscerate","Bouncing Flask"],"picked":"Noxious Fumes","floor":5},{"not_picked":["Outmaneuver","Heel Hook"],"picked":"Dash","floor":7},{"not_picked":["Backflip","Bouncing Flask"],"picked":"Blade Dance","floor":10},{"not_picked":["Quick Slash","Flying Knee"],"picked":"Underhanded Strike","floor":12},{"not_picked":["Glass Knife","Venomology"],"picked":"Bullet Time","floor":16},{"not_picked":["Slice","All Out Attack"],"picked":"Backflip+1","floor":18},{"not_picked":["Masterful Stab","Eviscerate"],"picked":"Dodge and Roll","floor":21},{"not_picked":["Endless Agony","Backflip"],"picked":"Blade Dance","floor":24},{"not_picked":["Prepared","Underhanded Strike"],"picked":"Sucker Punch","floor":25},{"not_picked":["Outmaneuver","Dash"],"picked":"Backstab","floor":28},{"not_picked":["Prepared","Dagger Spray"],"picked":"Malaise","floor":29},{"not_picked":["Sucker Punch","Cloak And Dagger"],"picked":"Catalyst","floor":30}],"player_experience":1230429,"relics_obtained":[{"floor":7,"key":"Pen Nib"},{"floor":9,"key":"Tiny Chest"},{"floor":10,"key":"Centennial Puzzle"},{"floor":12,"key":"Smiling Mask"},{"floor":26,"key":"The Courier"},{"floor":30,"key":"Blood Vial"}],"event_choices":[{"damage_healed":0,"gold_gain":0,"player_choice":"Leave","damage_taken":0,"max_hp_gain":0,"max_hp_loss":0,"event_name":"The Cleric","floor":3,"gold_loss":0},{"damage_healed":0,"gold_gain":0,"player_choice":"Grow","damage_taken":0,"max_hp_gain":0,"max_hp_loss":0,"event_name":"Living Wall","floor":4,"gold_loss":0,"cards_upgraded":["Footwork"]},{"damage_healed":0,"gold_gain":0,"player_choice":"Ignored","damage_taken":0,"max_hp_gain":0,"max_hp_loss":0,"event_name":"Shining Light","floor":14,"gold_loss":0},{"damage_healed":0,"gold_gain":90,"player_choice":"GOLD ","damage_taken":12,"max_hp_gain":0,"max_hp_loss":0,"event_name":"Knowing Skull","floor":20,"potions_obtained":[],"gold_loss":0,"cards_obtained":[]},{"damage_healed":0,"gold_gain":0,"player_choice":"1 cards matched","damage_taken":0,"max_hp_gain":0,"max_hp_loss":0,"event_name":"Match and Keep!","floor":22,"gold_loss":0,"cards_obtained":["Prepared"]}],"is_beta":true,"boss_relics":[{"not_picked":["WristBlade","Philosopher\u0027s Stone"],"picked":"Snecko Eye"}],"items_purged_floors":[],"is_endless":false,"potions_floor_spawned":[1,2,7,16,18,21,25],"killed_by":"Automaton","ascension_level":16}