{"path_per_floor":["M","M","M","M","?","R","M","E","T","E","?","M","M","$","R","B",null,"M","$","M","M","M","R","M"],"character_chosen":"THE_SILENT","items_purchased":["Choke","Cloak And Dagger","Noxious Fumes","Adrenaline","Dagger Throw"],"gold_per_floor":[117,129,148,163,163,163,182,212,235,264,264,288,307,74,74,199,199,213,93,111,129,152,152,173,173],"floor_reached":25,"campfire_rested":3,"playtime":1523,"current_hp_per_floor":[57,57,57,56,42,63,62,53,53,15,15,23,23,23,42,19,54,54,54,54,25,5,24,4,0],"items_purged":["Writhe"],"gold":173,"score":318,"play_id":"34f0a8bc-9153-4302-ac36-84c67519c794","local_time":"20180416213409","is_prod":false,"is_daily":false,"chose_seed":false,"is_ascension_mode":true,"campfire_upgraded":0,"timestamp":1523928849,"path_taken":["M","M","M","M","?","R","M","E","T","E","?","M","M","$","R","BOSS","M","$","M","M","M","R","M","E"],"build_version":"2018-04-13","seed_source_timestamp":390488160147479,"purchased_purges":1,"victory":false,"master_deck":["Survivor","Neutralize","Leg Sweep","Slice","Deflect","Dagger Spray+1","Heel Hook","Backstab","Outmaneuver","Backflip","Masterful Stab","Choke","Cloak And Dagger","Noxious Fumes","Tactician","Quick Slash","Outmaneuver","Dagger Throw","All Out Attack","Riddle With Holes","Deadly Poison","Flying Knee","Poisoned Stab","Cloak And Dagger","Prepared","Blade Dance","Adrenaline","Dagger Throw","Acrobatics+1","Setup+1","Well Laid Plans+1","Backstab"],"max_hp_per_floor":[70,70,70,70,70,70,70,70,70,70,65,65,65,65,65,65,65,65,65,65,65,65,65,65,65],"relics":["Ring of the Snake","Unceasing Top","Pen Nib","Snake Skull","Tough Bandages","Golden Idol","Pandora\u0027s Box"],"card_choices":[{"not_picked":["Quick Slash","Poisoned Stab"],"picked":"Leg Sweep","floor":1},{"not_picked":["PiercingWail","Prepared"],"picked":"Slice","floor":2},{"not_picked":["Doppelganger","Prepared"],"picked":"Deflect","floor":3},{"not_picked":["Flying Knee","Caltrops"],"picked":"Dagger Spray","floor":4},{"not_picked":["Cloak And Dagger","Backflip"],"picked":"Heel Hook","floor":7},{"not_picked":["PiercingWail","Sucker Punch"],"picked":"Backstab","floor":8},{"not_picked":["Underhanded Strike","Bane"],"picked":"Outmaneuver","floor":10},{"not_picked":["Expertise","Bane"],"picked":"Backflip","floor":12},{"not_picked":["PiercingWail","Flying Knee"],"picked":"Masterful Stab","floor":13},{"not_picked":["Night Terror","Doppelganger"],"picked":"Tactician","floor":16},{"not_picked":["Poisoned Stab","Choke"],"picked":"Blade Dance","floor":18},{"not_picked":["Outmaneuver","Crippling Poison"],"picked":"Acrobatics","floor":20},{"not_picked":["Prepared","PiercingWail"],"picked":"Setup","floor":21},{"not_picked":["Poisoned Stab","Skewer"],"picked":"Well Laid Plans","floor":22},{"not_picked":["Eviscerate","Sucker Punch"],"picked":"Backstab","floor":24}],"player_experience":235430,"potions_floor_usage":[10,12,21,22,25],"damage_taken":[{"damage":6,"enemies":"Jaw Worm","floor":1,"turns":6},{"damage":0,"enemies":"2 Louse","floor":2,"turns":7},{"damage":0,"enemies":"Cultist","floor":3,"turns":5},{"damage":1,"enemies":"3 Louse","floor":4,"turns":7},{"damage":1,"enemies":"Blue Slaver","floor":7,"turns":5},{"damage":9,"enemies":"3 Sentries","floor":8,"turns":7},{"damage":38,"enemies":"Lagavulin","floor":10,"turns":7},{"damage":4,"enemies":"Large Slime","floor":12,"turns":5},{"damage":0,"enemies":"2 Fungi Beasts","floor":13,"turns":3},{"damage":23,"enemies":"The Guardian","floor":16,"turns":12},{"damage":0,"enemies":"Shell Parasite","floor":18,"turns":4},{"damage":0,"enemies":"3 Byrds","floor":20,"turns":3},{"damage":29,"enemies":"Snecko","floor":21,"turns":6},{"damage":20,"enemies":"Chosen and Byrds","floor":22,"turns":8},{"damage":20,"enemies":"Sentry and Sphere","floor":24,"turns":6},{"damage":10,"enemies":"Slavers","floor":25,"turns":1}],"event_choices":[{"event_name":"Shining Light","player_choice":"Entered Light","floor":5,"damage_taken":0},{"event_name":"Golden Idol","player_choice":"Lose Max HP","floor":11,"damage_taken":0}],"boss_relics":[{"not_picked":["Astrolabe","Eternal Feather"],"picked":"Pandora\u0027s Box"}],"potions_floor_spawned":[1,7,8,12,16,20],"seed_played":"-1442020392011610914","killed_by":"Slavers","ascension_level":9,"is_trial":false}