{"gold_per_floor":[109,109,129,145,160,187,187,67,67,67,85,85,158,197,197,197],"floor_reached":16,"playtime":528,"items_purged":[],"score":165,"play_id":"c65def6e-f051-4e9b-b1a9-cc89383c14c7","local_time":"20180630170601","is_ascension_mode":true,"campfire_choices":[{"floor":7,"key":"REST"},{"floor":10,"key":"REST"},{"floor":15,"key":"REST"}],"neow_cost":"","seed_source_timestamp":0,"circlet_count":0,"master_deck":["Defend_G","Defend_G","Defend_G","Defend_G","Defend_G","Strike_G","Strike_G","Strike_G","Strike_G","Strike_G","Survivor","Neutralize","AscendersBane","All Out Attack","Slice","Cloak And Dagger","Flying Knee","Malaise","Skewer","Footwork","PiercingWail","Injury","Backflip"],"relics":["Ring of the Snake","Vajra","Gremlin Horn","Strawberry","Golden Idol","Art of War"],"potions_floor_usage":[6,14],"damage_taken":[{"damage":0,"enemies":"2 Louse","floor":1,"turns":3},{"damage":0,"enemies":"Small Slimes","floor":3,"turns":3},{"damage":7,"enemies":"Jaw Worm","floor":4,"turns":5},{"damage":0,"enemies":"Looter","floor":5,"turns":3},{"damage":17,"enemies":"3 Sentries","floor":6,"turns":8},{"damage":5,"enemies":"Exordium Wildlife","floor":11,"turns":4},{"damage":16,"enemies":"Gremlin Nob","floor":14,"turns":3},{"damage":69,"enemies":"Hexaghost","floor":16,"turns":17}],"seed_played":"17712","potions_obtained":[{"floor":3,"key":"SkillPotion"},{"floor":6,"key":"FearPotion"}],"is_trial":false,"path_per_floor":["M","?","M","M","M","E","R","$","T","R","M","?","?","E","R"],"character_chosen":"THE_SILENT","items_purchased":["Skewer","Footwork"],"campfire_rested":3,"item_purchase_floors":[8,8],"current_hp_per_floor":[63,38,38,31,31,14,35,35,42,65,60,60,60,44,67,0],"gold":197,"neow_bonus":"","is_prod":false,"is_daily":false,"chose_seed":true,"campfire_upgraded":0,"win_rate":0,"timestamp":1530392761,"path_taken":["M","?","M","M","M","E","R","$","T","R","M","?","?","E","R","BOSS"],"build_version":"2018-06-29","purchased_purges":0,"victory":false,"max_hp_per_floor":[70,70,70,70,70,70,70,70,77,77,77,77,77,77,77,77],"card_choices":[{"not_picked":["Deadly Poison","Backflip"],"picked":"All Out Attack","floor":1},{"not_picked":["Outmaneuver","Deflect"],"picked":"Slice","floor":3},{"not_picked":["Deadly Poison","Setup"],"picked":"Cloak And Dagger","floor":4},{"not_picked":["Slice","Dodge and Roll"],"picked":"Flying Knee","floor":5},{"not_picked":["Quick Slash","Infinite Blades"],"picked":"Malaise","floor":6},{"not_picked":["Underhanded Strike","Grand Finale"],"picked":"PiercingWail","floor":11},{"not_picked":["Storm of Steel","Backstab"],"picked":"Backflip","floor":14}],"player_experience":486662,"relics_obtained":[{"floor":6,"key":"Gremlin Horn"},{"floor":9,"key":"Strawberry"},{"floor":14,"key":"Art of War"}],"event_choices":[{"event_name":"Scrap Ooze","player_choice":"success","floor":2,"damage_taken":25},{"event_name":"Golden Idol","player_choice":"Take Wound","floor":12,"damage_taken":0},{"event_name":"Golden Wing","player_choice":"Gained Gold","floor":13,"damage_taken":0}],"boss_relics":[],"items_purged_floors":[],"is_endless":false,"potions_floor_spawned":[3,6],"killed_by":"Hexaghost","ascension_level":10}