{"gold_per_floor":[111,111,49,67,82,117,117,128,128,128,128,159,176,210,210,315,315,333,323,323,413,427,427,458,458,458,458,469,39,52,52,52,150,150,164,176,276,276,276,305,305,335,362,362,394,394,394,408,408,408,408,408,6,40,40],"floor_reached":55,"playtime":2622,"items_purged":["Strike_R","Strike_R"],"score":870,"play_id":"975f7ce3-8672-46bc-a989-059caa853cad","local_time":"20190110230706","is_ascension_mode":true,"campfire_choices":[{"data":"Rampage","floor":7.0,"key":"SMITH"},{"data":"Shockwave","floor":10,"key":"SMITH"},{"floor":15,"key":"REST"},{"data":"Barricade","floor":23,"key":"SMITH"},{"floor":25,"key":"REST"},{"data":"Disarm","floor":27,"key":"SMITH"},{"floor":32,"key":"REST"},{"data":"Juggernaut","floor":41,"key":"SMITH"},{"floor":44,"key":"REST"},{"data":"Metallicize","floor":46,"key":"SMITH"},{"floor":49,"key":"RECALL"},{"data":"Rampage","floor":52,"key":"SMITH"}],"neow_cost":"NONE","seed_source_timestamp":99975650764939,"circlet_count":0,"master_deck":["Strike_R","Strike_R","Strike_R","Defend_R","Defend_R","Defend_R","Bash","Rampage+1","Disarm+1","Thunderclap","Shockwave+1","Exhume","Metallicize+1","Battle Trance","Offering","Barricade+1","Shrug It Off","Shrug It Off","Combust","Headbutt+1","Corruption","Spot Weakness","Anger+1","Juggernaut+1","Headbutt","True Grit+1","Armaments+1","Bandage Up","Whirlwind+1","Rampage+1","Flame Barrier+1","Headbutt","Impervious","Havoc+1"],"special_seed":0,"relics":["Burning Blood","NeowsBlessing","Vajra","Mummified Hand","Omamori","Oddly Smooth Stone","Red Skull","Runic Dome","Ice Cream","Paper Frog","Meat on the Bone","Cursed Key","Pocketwatch","Centennial Puzzle","Calipers","Ornamental Fan","Smiling Mask","OrangePellets","Boot"],"potions_floor_usage":[12,13,14,19,24,30,33,40,42,50,55],"damage_taken":[{"damage":0.0,"enemies":"Small Slimes","floor":1.0,"turns":1.0},{"damage":0.0,"enemies":"Cultist","floor":4.0,"turns":1.0},{"damage":0.0,"enemies":"Jaw Worm","floor":5.0,"turns":1.0},{"damage":34.0,"enemies":"Lagavulin","floor":6.0,"turns":7.0},{"damage":8,"enemies":"Red Slaver","floor":8,"turns":5},{"damage":23,"enemies":"3 Sentries","floor":12,"turns":6},{"damage":8,"enemies":"Looter","floor":13,"turns":4},{"damage":43,"enemies":"Gremlin Nob","floor":14,"turns":5},{"damage":0,"enemies":"Hexaghost","floor":16,"turns":9},{"damage":23,"enemies":"Spheric Guardian","floor":18,"turns":5},{"damage":26,"enemies":"2 Thieves","floor":19,"turns":4},{"damage":13,"enemies":"Centurion and Healer","floor":22,"turns":7},{"damage":30,"enemies":"Book of Stabbing","floor":24,"turns":8},{"damage":4,"enemies":"Snecko","floor":28,"turns":5},{"damage":10,"enemies":"3 Cultists","floor":30,"turns":4},{"damage":23,"enemies":"Colosseum Slavers","floor":31,"turns":4},{"damage":9,"enemies":"Champ","floor":33,"turns":11},{"damage":30,"enemies":"3 Darklings","floor":35,"turns":6},{"damage":16,"enemies":"3 Shapes","floor":36,"turns":6},{"damage":18,"enemies":"Mind Bloom Boss Battle","floor":37,"turns":7},{"damage":8,"enemies":"Giant Head","floor":40,"turns":7},{"damage":10,"enemies":"Reptomancer","floor":42,"turns":4},{"damage":27,"enemies":"Nemesis","floor":45,"turns":7},{"damage":7,"enemies":"Spire Growth","floor":48,"turns":5},{"damage":37,"enemies":"Donu and Deca","floor":50,"turns":8},{"damage":82,"enemies":"Shield and Spear","floor":54,"turns":8},{"damage":49,"enemies":"The Heart","floor":55,"turns":2}],"seed_played":"-6401712911321095478","potions_obtained":[{"floor":4.0,"key":"Regen Potion"},{"floor":6.0,"key":"SneckoOil"},{"floor":11,"key":"Explosive Potion"},{"floor":11,"key":"SteroidPotion"},{"floor":13,"key":"Regen Potion"},{"floor":16,"key":"Explosive Potion"},{"floor":22,"key":"BloodPotion"},{"floor":24,"key":"Energy Potion"},{"floor":28,"key":"AttackPotion"},{"floor":35,"key":"SkillPotion"},{"floor":37,"key":"Dexterity Potion"},{"floor":42,"key":"PowerPotion"}],"is_trial":false,"path_per_floor":["M","?","?","M","M","E","R","M","T","R","?","E","M","E","R","B",null,"M","M","?","?","M","R","E","R","T","R","M","$","M","?","R","B",null,"M","M","?","?","?","E","R","E","T","R","E","R","?","M","R","B",null,"R","$","E","B"],"character_chosen":"IRONCLAD","items_purchased":["Meat on the Bone","Corruption","Spot Weakness","Impervious","OrangePellets"],"campfire_rested":4,"item_purchase_floors":[29,29,29,53,53],"current_hp_per_floor":[80,85,85,85,85,57,57,55,55,55,55,38,36,13,38,44,85,68,62,85,69,62,62,46,71,71,71,73,73,69,52,77,74,85,61,51,51,51,51,53,53,55,55,80,63,63,63,66,66,51,85,85,85,25,0],"gold":40,"neow_bonus":"THREE_ENEMY_KILL","is_prod":false,"is_daily":false,"chose_seed":false,"campfire_upgraded":7,"win_rate":0,"timestamp":1547179626,"path_taken":["M","?","?","M","M","E","R","?","T","R","?","E","M","E","R","BOSS","M","M","?","?","?","R","E","R","T","R","M","$","M","?","R","BOSS","M","M","?","?","?","E","R","E","T","R","E","R","?","?","R","BOSS","R","$","E","BOSS"],"build_version":"2019-01-09","purchased_purges":2,"victory":false,"max_hp_per_floor":[80,85,85,85,85,85,85,85,85,85,85,85,85,85,85,85,85,85,85,85,85,85,85,85,85,85,85,85,85,85,85,85,85,85,85,85,85,85,85,85,85,85,85,85,85,85,85,85,85,85,85,85,85,85,85],"card_choices":[{"not_picked":["Sword Boomerang","Wild Strike"],"picked":"Rampage","floor":1.0},{"not_picked":["Entrench","Sword Boomerang"],"picked":"Disarm","floor":4.0},{"not_picked":["Sever Soul","Wild Strike"],"picked":"Thunderclap","floor":5.0},{"not_picked":["Heavy Blade","Wild Strike"],"picked":"Shockwave","floor":6.0},{"not_picked":["Warcry","Body Slam"],"picked":"Exhume","floor":8},{"not_picked":["Carnage","Sword Boomerang"],"picked":"Metallicize","floor":12},{"not_picked":["Hemokinesis","Heavy Blade"],"picked":"Battle Trance","floor":13},{"not_picked":["Shrug It Off","Pommel Strike"],"picked":"Offering","floor":14},{"not_picked":["Bludgeon","Demon Form"],"picked":"Barricade","floor":16},{"not_picked":["Shockwave+1","Clash"],"picked":"Shrug It Off","floor":18},{"not_picked":["Pommel Strike","Perfected Strike"],"picked":"Shrug It Off","floor":19},{"not_picked":["Wild Strike+1","Second Wind","Heavy Blade"],"picked":"SKIP","floor":22},{"not_picked":["Rupture","Pommel Strike"],"picked":"Combust","floor":24},{"not_picked":["Rage","Reaper"],"picked":"Headbutt+1","floor":28},{"not_picked":["Iron Wave","Warcry"],"picked":"Anger+1","floor":30},{"not_picked":["Limit Break","Offering"],"picked":"Juggernaut","floor":33},{"not_picked":["Corruption+1","Sword Boomerang+1"],"picked":"Headbutt","floor":35},{"not_picked":["Heavy Blade+1","Anger+1"],"picked":"True Grit+1","floor":36},{"not_picked":["Iron Wave","Pommel Strike+1"],"picked":"Armaments+1","floor":37},{"not_picked":["Secret Weapon","Good Instincts"],"picked":"Bandage Up","floor":39},{"not_picked":["Blood for Blood+1","Iron Wave+1"],"picked":"Whirlwind+1","floor":40},{"not_picked":["Spot Weakness","Havoc"],"picked":"Rampage","floor":42},{"not_picked":["Twin Strike+1","Body Slam+1"],"picked":"Flame Barrier+1","floor":45},{"not_picked":["Rupture","Twin Strike+1"],"picked":"Headbutt","floor":48},{"not_picked":["Blood for Blood+1","Sentinel"],"picked":"Havoc+1","floor":54}],"player_experience":1235461,"relics_obtained":[{"floor":6.0,"key":"Mummified Hand"},{"floor":9,"key":"Omamori"},{"floor":12,"key":"Oddly Smooth Stone"},{"floor":14,"key":"Red Skull"},{"floor":24,"key":"Ice Cream"},{"floor":26,"key":"Paper Frog"},{"floor":37,"key":"Pocketwatch"},{"floor":40,"key":"Centennial Puzzle"},{"floor":42,"key":"Calipers"},{"floor":45,"key":"Ornamental Fan"},{"floor":47,"key":"Smiling Mask"},{"floor":54,"key":"Boot"}],"event_choices":[{"damage_healed":0.0,"max_hp_gain":5.0,"max_hp_loss":0.0,"gold_gain":0.0,"event_name":"Big Fish","player_choice":"Donut","floor":2.0,"gold_loss":0.0,"damage_taken":0.0},{"damage_healed":0.0,"max_hp_gain":0.0,"max_hp_loss":0.0,"gold_gain":0.0,"event_name":"WeMeetAgain","player_choice":"Paid Gold","floor":3.0,"gold_loss":62.0,"damage_taken":0.0,"relics_obtained":["Vajra"]},{"damage_healed":0,"gold_gain":0,"player_choice":"Got Potions","damage_taken":0,"max_hp_gain":0,"max_hp_loss":0,"event_name":"Lab","floor":11,"gold_loss":0},{"damage_healed":28,"gold_gain":0,"player_choice":"Heal","damage_taken":0,"max_hp_gain":0,"max_hp_loss":0,"event_name":"The Library","floor":20,"gold_loss":0},{"damage_healed":0,"gold_gain":90,"player_choice":"GOLD ","damage_taken":16,"max_hp_gain":0,"max_hp_loss":0,"event_name":"Knowing Skull","floor":21,"potions_obtained":[],"gold_loss":0,"cards_obtained":[]},{"damage_healed":0,"gold_gain":0,"player_choice":"Fight","damage_taken":0,"max_hp_gain":0,"max_hp_loss":0,"event_name":"Colosseum","floor":31,"gold_loss":0},{"damage_healed":0,"gold_gain":0,"player_choice":"Fled From Nobs","damage_taken":0,"max_hp_gain":0,"max_hp_loss":0,"event_name":"Colosseum","floor":31,"gold_loss":0},{"damage_healed":0,"gold_gain":0,"player_choice":"Fight","damage_taken":0,"max_hp_gain":0,"max_hp_loss":0,"event_name":"MindBloom","floor":37,"gold_loss":0},{"cards_removed":["Defend_R"],"damage_healed":0,"gold_gain":0,"player_choice":"Removed Skill","damage_taken":0,"max_hp_gain":0,"max_hp_loss":0,"event_name":"Falling","floor":38,"gold_loss":0},{"damage_healed":0,"gold_gain":0,"player_choice":"Memory 1","damage_taken":0,"max_hp_gain":0,"max_hp_loss":0,"event_name":"SensoryStone","floor":39,"gold_loss":0},{"damage_healed":0,"gold_gain":0,"player_choice":"Relic","damage_taken":0,"max_hp_gain":0,"max_hp_loss":0,"event_name":"Wheel of Change","floor":47,"gold_loss":0}],"is_beta":true,"boss_relics":[{"not_picked":["Eternal Feather","Black Blood"],"picked":"Runic Dome"},{"not_picked":["Runic Cube","White Beast Statue"],"picked":"Cursed Key"}],"items_purged_floors":[29,53],"is_endless":false,"potions_floor_spawned":[4,6,13,16,22,24,28,35,37,42],"killed_by":"The Heart","ascension_level":2}