{"gold_per_floor":[117,217,29,29,29,54,70,90,90,110,138,138,138,199,199,295,295,306,356,80,130,56,91,108,108,131,181,181,193,193,213,213,309,309,319,333,14,25,95,95,145,145],"floor_reached":42,"playtime":1754,"items_purged":[],"score":540,"play_id":"b545cc1a-a6c4-43bd-a59a-90a8559d45b2","local_time":"20180728172259","is_ascension_mode":true,"campfire_choices":[{"floor":12,"key":"REST"},{"floor":15,"key":"REST"},{"floor":25,"key":"REST"},{"floor":28,"key":"REST"},{"floor":30,"key":"REST"},{"data":"Glacier","floor":32,"key":"SMITH"},{"floor":40,"key":"REST"}],"neow_cost":"NONE","seed_source_timestamp":624657886086775,"circlet_count":0,"master_deck":["Zap","Dualcast","Beam Cell","Loop","Conserve Battery","All For One","Rip and Tear","Chill","Conserve Battery","Loop","Cold Snap","Cold Snap","Electrodynamics","Glacier+1","Auto Shields","Hologram","Double Energy","Storm","Stack+1","Defragment","Leap","Self Repair","Leap","Steam","Gash+1","Bite","Bite","Bite","Bite","Bite","Echo Form","Self Repair","Barrage+1","Static Discharge","Fission","Stack","Chill","Ball Lightning","Barrage","Steam+1","Reboot","Ball Lightning","Ball Lightning+1","Turbo","Recycle+1"],"relics":["Cracked Core","Dream Catcher","Bronze Scales","Turnip","Mango","Ginger","SsserpentHead","Nloth\u0027s Gift","Oddly Smooth Stone","Nilry\u0027s Codex","Art of War","Ancient Tea Set","Pandora\u0027s Box","Gremlin Horn"],"potions_floor_usage":[11,14,23,29,42,42],"damage_taken":[{"damage":3,"enemies":"2 Louse","floor":1,"turns":3},{"damage":32,"enemies":"3 Sentries","floor":6,"turns":7},{"damage":0,"enemies":"Cultist","floor":7,"turns":3},{"damage":2,"enemies":"Jaw Worm","floor":8,"turns":4},{"damage":4,"enemies":"3 Louse","floor":10,"turns":4},{"damage":36,"enemies":"Lagavulin","floor":11,"turns":5},{"damage":1,"enemies":"Gremlin Gang","floor":14,"turns":3},{"damage":60,"enemies":"The Guardian","floor":16,"turns":13},{"damage":17,"enemies":"3 Byrds","floor":18,"turns":4},{"damage":35,"enemies":"Gremlin Leader","floor":23,"turns":8},{"damage":22,"enemies":"2 Thieves","floor":24,"turns":3},{"damage":31,"enemies":"Snake Plant","floor":29,"turns":4},{"damage":10,"enemies":"Cultist and Chosen","floor":31,"turns":5},{"damage":27,"enemies":"Champ","floor":33,"turns":11},{"damage":6,"enemies":"3 Shapes","floor":35,"turns":5},{"damage":22,"enemies":"Orb Walker","floor":36,"turns":4},{"damage":38,"enemies":"Maw","floor":38,"turns":10},{"damage":6,"enemies":"4 Shapes","floor":39,"turns":5},{"damage":69,"enemies":"Giant Head","floor":42,"turns":7}],"seed_played":"6600027998359955796","potions_obtained":[{"floor":6,"key":"SkillPotion"},{"floor":7,"key":"EssenceOfSteel"},{"floor":11,"key":"SkillPotion"},{"floor":18,"key":"SteroidPotion"},{"floor":24,"key":"Ancient Potion"},{"floor":31,"key":"Swift Potion"},{"floor":38,"key":"Fire Potion"},{"floor":39,"key":"Block Potion"}],"is_trial":false,"path_per_floor":["M","?","$","?","?","E","M","M","T","M","E","R","?","M","R","B",null,"M","?","$","?","$","E","M","R","T","?","R","M","R","M","R","B",null,"M","M","$","M","M","R","?"],"character_chosen":"DEFECT","items_purchased":["Bronze Scales","Loop","Defragment","Oddly Smooth Stone","Leap","Self Repair","Gremlin Horn","Ball Lightning","Barrage"],"campfire_rested":6,"item_purchase_floors":[3,3,20,20,20,22,37,37,37],"current_hp_per_floor":[72,72,72,72,72,40,40,38,52,48,12,38,38,37,63,3,89,72,72,72,56,56,28,6,32,32,32,50,30,48,51,51,53,62,62,56,56,36,48,62,62,0],"gold":145,"neow_bonus":"RANDOM_COMMON_RELIC","is_prod":false,"is_daily":false,"chose_seed":false,"campfire_upgraded":1,"win_rate":0,"timestamp":1532812979,"path_taken":["M","?","$","?","?","E","M","M","T","M","E","R","?","?","R","BOSS","M","?","$","?","$","E","M","R","T","?","R","M","R","M","R","BOSS","M","M","$","M","?","R","?","E"],"build_version":"2018-07-26","purchased_purges":0,"victory":false,"max_hp_per_floor":[75,75,75,75,75,75,75,75,89,89,89,89,89,89,89,89,89,89,89,89,89,89,89,89,89,89,62,62,62,62,62,62,62,62,62,62,62,62,62,62,62,62],"card_choices":[{"not_picked":["Rebound","Turbo"],"picked":"Beam Cell","floor":1},{"not_picked":["Rebound","Coolheaded"],"picked":"Conserve Battery","floor":6},{"not_picked":["Steam Power","Redo"],"picked":"All For One","floor":7},{"not_picked":["Sweeping Beam","Stack"],"picked":"Rip and Tear","floor":8},{"not_picked":["Redo","Storm"],"picked":"Chill","floor":10},{"not_picked":["Redo","Sweeping Beam"],"picked":"Conserve Battery","floor":11},{"not_picked":["Melter","Steam Power"],"picked":"Loop","floor":12},{"not_picked":["Melter","Gash"],"picked":"Cold Snap","floor":14},{"not_picked":["Meteor Strike","Rip and Tear"],"picked":"Cold Snap","floor":15},{"not_picked":["All For One","Thunder Strike"],"picked":"Electrodynamics","floor":16},{"not_picked":["Streamline","Gash"],"picked":"Glacier","floor":17},{"not_picked":["Streamline","Chill"],"picked":"Auto Shields","floor":17},{"not_picked":["Reprogram","Sweeping Beam"],"picked":"Hologram","floor":17},{"not_picked":["Streamline","Genetic Algorithm"],"picked":"Double Energy","floor":17},{"not_picked":["Hologram","Stack"],"picked":"Storm","floor":17},{"not_picked":["Static Discharge","Compile Driver"],"picked":"Stack+1","floor":18},{"not_picked":["Electrodynamics","Beam Cell"],"picked":"Leap","floor":23},{"not_picked":["Cold Snap+1","Hologram"],"picked":"Steam","floor":24},{"not_picked":["Steam+1","Turbo"],"picked":"Gash+1","floor":25},{"not_picked":["Steam Power","Reinforced Body"],"picked":"Echo Form","floor":28},{"not_picked":["Storm","Lockon+1"],"picked":"Self Repair","floor":29},{"not_picked":["Blizzard","Rebound"],"picked":"Barrage+1","floor":30},{"not_picked":["FTL","Doom and Gloom"],"picked":"Static Discharge","floor":31},{"not_picked":["Core Surge","Meteor Strike"],"picked":"Fission","floor":33},{"not_picked":["Stack+1","Gash+1"],"picked":"Steam+1","floor":35},{"not_picked":["Compile Driver+1","Conserve Battery+1"],"picked":"Reboot","floor":36},{"not_picked":["Sweeping Beam","Gash"],"picked":"Ball Lightning+1","floor":38},{"not_picked":["Rebound+1","Stack"],"picked":"Turbo","floor":39},{"not_picked":["Streamline","Hello World+1"],"picked":"Recycle+1","floor":40}],"player_experience":661197,"relics_obtained":[{"floor":6,"key":"Turnip"},{"floor":9,"key":"Mango"},{"floor":11,"key":"Ginger"},{"floor":21,"key":"Nilry\u0027s Codex"},{"floor":23,"key":"Art of War"},{"floor":26,"key":"Ancient Tea Set"}],"event_choices":[{"event_name":"Golden Shrine","player_choice":"Pray","floor":2,"damage_taken":0},{"event_name":"NoteForYourself","player_choice":"Took Card","floor":4,"damage_taken":0},{"event_name":"Liars Game","player_choice":"disagreed","floor":5,"damage_taken":0},{"event_name":"FaceTrader","player_choice":"Trade","floor":13,"damage_taken":0},{"event_name":"N\u0027loth","player_choice":"Traded a Orrery","floor":19,"damage_taken":0},{"event_name":"Cursed Tome","player_choice":"Obtained Book","floor":21,"damage_taken":0},{"event_name":"Vampires","player_choice":"Became a vampire","floor":27,"damage_taken":0},{"event_name":"Purifier","player_choice":"One Purge","floor":41,"damage_taken":0}],"is_beta":true,"boss_relics":[{"not_picked":["Coffee Dripper","Lizard Tail"],"picked":"Orrery"},{"not_picked":["Runic Dome","Astrolabe"],"picked":"Pandora\u0027s Box"}],"items_purged_floors":[],"is_endless":false,"potions_floor_spawned":[6,7,11,18,24,31,38,39],"killed_by":"Giant Head","ascension_level":3}