{"gold_per_floor":[114,114,139,164,185,221,221,236,259,259,280,300,300,324,324,444,444,459,477,28,51,51],"floor_reached":22,"playtime":887,"items_purged":[],"score":192,"play_id":"782bbee8-43c7-45c0-b798-31581c6f238f","local_time":"20181230182200","is_ascension_mode":false,"campfire_choices":[{"floor":13,"key":"REST"},{"floor":15,"key":"REST"}],"neow_cost":"NONE","seed_source_timestamp":12477556567919,"circlet_count":0,"master_deck":["Strike_R","Strike_R","Strike_R","Strike_R","Strike_R","Defend_R","Defend_R","Defend_R","Defend_R","Bash","Exhume","Rampage+1","Body Slam","Limit Break","Headbutt","Shrug It Off","Armaments","True Grit","Clothesline","Offering","Spot Weakness","Headbutt","Shockwave","Seeing Red","Shrug It Off+1"],"relics":["Burning Blood","Golden Idol","Pen Nib","Potion Belt","Runic Dome","Champion Belt"],"potions_floor_usage":[11,16,22,22],"damage_taken":[{"damage":0,"enemies":"2 Louse","floor":1,"turns":2},{"damage":12,"enemies":"Jaw Worm","floor":3,"turns":4},{"damage":0,"enemies":"Small Slimes","floor":4,"turns":3},{"damage":4,"enemies":"2 Fungi Beasts","floor":5,"turns":4},{"damage":49,"enemies":"3 Sentries","floor":6,"turns":8},{"damage":8,"enemies":"Exordium Wildlife","floor":8,"turns":4},{"damage":11,"enemies":"Gremlin Gang","floor":11,"turns":5},{"damage":11,"enemies":"Blue Slaver","floor":12,"turns":5},{"damage":10,"enemies":"2 Fungi Beasts","floor":14,"turns":5},{"damage":46,"enemies":"Slime Boss","floor":16,"turns":8},{"damage":21,"enemies":"2 Thieves","floor":18,"turns":5},{"damage":20,"enemies":"Spheric Guardian","floor":19,"turns":4},{"damage":43,"enemies":"Chosen and Byrds","floor":21,"turns":8},{"damage":13,"enemies":"Sentry and Sphere","floor":22,"turns":3}],"seed_played":"-801969690194784646","potions_obtained":[{"floor":5,"key":"Strength Potion"},{"floor":6,"key":"SteroidPotion"},{"floor":11,"key":"Dexterity Potion"},{"floor":16,"key":"Block Potion"},{"floor":21,"key":"SkillPotion"}],"is_trial":false,"path_per_floor":["M","?","M","M","M","E","?","M","T","?","M","M","R","M","R","B",null,"M","M","$","M","M"],"character_chosen":"IRONCLAD","items_purchased":["Shockwave","Champion Belt","Seeing Red"],"campfire_rested":2,"item_purchase_floors":[20,20,20],"current_hp_per_floor":[80,74,68,74,74,31,31,29,29,29,24,19,41,37,59,19,74,59,45,45,8,0],"gold":51,"neow_bonus":"ONE_RANDOM_RARE_CARD","is_prod":false,"is_daily":false,"chose_seed":false,"campfire_upgraded":0,"win_rate":0,"timestamp":1546212120,"path_taken":["M","?","M","M","M","E","?","M","T","?","M","M","R","M","R","BOSS","M","M","$","M","M"],"build_version":"2018-12-25","purchased_purges":0,"victory":false,"max_hp_per_floor":[80,74,74,74,74,74,74,74,74,74,74,74,74,74,74,74,74,74,74,74,74,74],"card_choices":[{"not_picked":["Anger","Headbutt"],"picked":"Rampage","floor":1},{"not_picked":["Twin Strike","Searing Blow"],"picked":"Body Slam","floor":3},{"not_picked":["Perfected Strike","Clothesline"],"picked":"Limit Break","floor":4},{"not_picked":["Clash","Flex"],"picked":"Headbutt","floor":5},{"not_picked":["Berserk","Second Wind","Thunderclap"],"picked":"SKIP","floor":6},{"not_picked":["Anger","Iron Wave"],"picked":"Shrug It Off","floor":8},{"not_picked":["Rampage","Heavy Blade"],"picked":"Armaments","floor":11},{"not_picked":["Twin Strike","Anger"],"picked":"True Grit","floor":12},{"not_picked":["Brutality","Blood for Blood"],"picked":"Clothesline","floor":14},{"not_picked":["Reaper","Double Tap"],"picked":"Offering","floor":16},{"not_picked":["Perfected Strike","Armaments"],"picked":"Spot Weakness","floor":18},{"not_picked":["Rupture","Clothesline+1"],"picked":"Headbutt","floor":19},{"not_picked":["Dropkick+1","Fiend Fire"],"picked":"Shrug It Off+1","floor":21}],"player_experience":1087567,"relics_obtained":[{"floor":6,"key":"Pen Nib"},{"floor":9,"key":"Potion Belt"}],"event_choices":[{"damage_healed":0,"gold_gain":0,"player_choice":"Lose Max HP","damage_taken":0,"relics_obtained":["Golden Idol"],"max_hp_gain":0,"max_hp_loss":6,"event_name":"Golden Idol","floor":2,"gold_loss":0},{"damage_healed":0,"gold_gain":0,"player_choice":"Ignored","damage_taken":0,"max_hp_gain":0,"max_hp_loss":0,"event_name":"Liars Game","floor":7,"gold_loss":0},{"damage_healed":0,"gold_gain":0,"player_choice":"Grow","damage_taken":0,"max_hp_gain":0,"max_hp_loss":0,"event_name":"Living Wall","floor":10,"gold_loss":0,"cards_upgraded":["Rampage"]}],"is_beta":true,"boss_relics":[{"not_picked":["Runic Cube","White Beast Statue"],"picked":"Runic Dome"}],"items_purged_floors":[],"is_endless":false,"potions_floor_spawned":[5,6,11,16,21],"killed_by":"Sentry and Sphere","ascension_level":0}