{"gold_per_floor":[114,114,8,83,103,103,141,165,165,165,165,184,207,240,240,365,365,383,383,65,49,49,49,83,107,107,207,207,220,59,59,59,178,178,198,198,18,351,363,363,398,398,421,52,67,67,167,180,180,180,180,180,58,86,86],"floor_reached":55,"playtime":2775,"items_purged":["Strike_G","Strike_G","Strike_G"],"score":989,"play_id":"0bdc0af4-acdb-4a0e-89dd-7750f80df05f","local_time":"20190203162908","is_ascension_mode":true,"campfire_choices":[{"data":"Skewer","floor":6.0,"key":"SMITH"},{"floor":11.0,"key":"REST"},{"floor":15.0,"key":"REST"},{"data":"A Thousand Cuts","floor":23.0,"key":"SMITH"},{"floor":28.0,"key":"REST"},{"floor":32.0,"key":"REST"},{"data":"Noxious Fumes","floor":40.0,"key":"SMITH"},{"data":"Leg Sweep","floor":42.0,"key":"SMITH"},{"data":"Footwork","floor":46.0,"key":"SMITH"},{"floor":49.0,"key":"RECALL"},{"data":"After Image","floor":52.0,"key":"SMITH"}],"neow_cost":"NONE","seed_source_timestamp":587467550837808,"circlet_count":0,"master_deck":["Defend_G","Defend_G","Defend_G","Defend_G","Defend_G","Strike_G","Survivor","Neutralize","Blade Dance","Infinite Blades","Skewer+1","Leg Sweep+1","Finisher","Noxious Fumes+1","Quick Slash","Noxious Fumes","PiercingWail","Escape Plan","Deadly Poison","A Thousand Cuts+1","Backflip","Blur+1","Cloak And Dagger","After Image+1","Envenom","Backflip+1","Panacea","Panache","Noxious Fumes","Footwork+1","Footwork+1","Deflect","After Image","Crippling Poison","Deflect+1","Catalyst","Cloak And Dagger+1"],"special_seed":0,"relics":["Ring of the Snake","Bottled Tornado","Darkstone Periapt","Ginger","Philosopher\u0027s Stone","Meat on the Bone","Shuriken","Ice Cream","Gremlin Horn","Coffee Dripper","Mango","Bag of Preparation","Du-Vu Doll","Vajra"],"potions_floor_usage":[55],"damage_taken":[{"damage":0.0,"enemies":"2 Louse","floor":1.0,"turns":3.0},{"damage":0.0,"enemies":"Small Slimes","floor":5.0,"turns":4.0},{"damage":36.0,"enemies":"Lagavulin","floor":7.0,"turns":8.0},{"damage":0.0,"enemies":"Cultist","floor":8.0,"turns":2.0},{"damage":3.0,"enemies":"3 Louse","floor":12.0,"turns":5.0},{"damage":1.0,"enemies":"Blue Slaver","floor":13.0,"turns":4.0},{"damage":20.0,"enemies":"Gremlin Nob","floor":14.0,"turns":4.0},{"damage":17.0,"enemies":"Slime Boss","floor":16.0,"turns":6.0},{"damage":0.0,"enemies":"Chosen","floor":18.0,"turns":4.0},{"damage":36.0,"enemies":"Colosseum Slavers","floor":19.0,"turns":5.0},{"damage":5.0,"enemies":"2 Thieves","floor":21.0,"turns":4.0},{"damage":29.0,"enemies":"Gremlin Leader","floor":24.0,"turns":7.0},{"damage":19.0,"enemies":"Centurion and Healer","floor":25.0,"turns":8.0},{"damage":17.0,"enemies":"Chosen and Byrds","floor":29.0,"turns":5.0},{"damage":13.0,"enemies":"Automaton","floor":33.0,"turns":9.0},{"damage":3.0,"enemies":"3 Darklings","floor":35.0,"turns":5.0},{"damage":5.0,"enemies":"Orb Walker","floor":39.0,"turns":4.0},{"damage":24.0,"enemies":"Giant Head","floor":41.0,"turns":8.0},{"damage":19.0,"enemies":"Maw","floor":45.0,"turns":7.0},{"damage":0.0,"enemies":"Mind Bloom Boss Battle","floor":47.0,"turns":5.0},{"damage":1.0,"enemies":"3 Darklings","floor":48.0,"turns":4.0},{"damage":31.0,"enemies":"Time Eater","floor":50.0,"turns":14.0},{"damage":11.0,"enemies":"Shield and Spear","floor":54.0,"turns":9.0},{"damage":55,"enemies":"The Heart","floor":55,"turns":5}],"seed_played":"-5312870274387203117","potions_obtained":[{"floor":5.0,"key":"GamblersBrew"},{"floor":8.0,"key":"SkillPotion"},{"floor":14.0,"key":"FearPotion"},{"floor":21.0,"key":"SpeedPotion"},{"floor":29.0,"key":"SpeedPotion"},{"floor":35.0,"key":"Explosive Potion"},{"floor":39.0,"key":"SneckoOil"},{"floor":41.0,"key":"SteroidPotion"}],"is_trial":false,"path_per_floor":["M","?","$","?","M","R","E","M","T","?","R","M","M","E","R","B",null,"M","?","$","M","?","R","E","M","T","?","R","M","$","T","R","B",null,"M","?","$","?","M","R","E","R","T","$","M","R","?","M","R","B",null,"R","$","E","B"],"character_chosen":"THE_SILENT","items_purchased":["Skewer","Leg Sweep","Meat on the Bone","After Image","Noxious Fumes","Footwork","Bag of Preparation","Deflect","Catalyst","PowerPotion"],"campfire_rested":4,"item_purchase_floors":[3,3,20,30,37,44,44,44,53,53],"current_hp_per_floor":[63,63,63,52,52,52,16,16,16,16,35,32,31,11,30,13,52,52,16,16,23,44,44,27,20,20,20,39,34,34,34,53,40,59,56,51,51,51,46,46,48,48,48,48,41,41,41,40,40,21,65,65,65,54,0],"gold":86,"neow_bonus":"THREE_CARDS","is_prod":false,"is_daily":false,"chose_seed":false,"campfire_upgraded":6,"win_rate":0,"timestamp":1549229348,"path_taken":["M","?","$","?","M","R","E","M","T","?","R","?","M","E","R","BOSS","M","?","$","M","?","R","E","M","T","?","R","?","?","?","R","BOSS","M","?","$","?","M","R","E","R","T","$","M","R","?","M","R","BOSS","R","$","E","BOSS"],"build_version":"2019-01-23","purchased_purges":3,"victory":false,"max_hp_per_floor":[70,65,65,65,65,65,65,65,65,65,65,65,65,65,65,65,65,65,65,65,65,65,65,65,65,65,65,65,65,65,65,65,65,65,65,65,65,65,65,65,79,79,79,79,79,79,79,79,79,79,79,79,79,79,79],"card_choices":[{"not_picked":["Calculated Gamble","Escape Plan"],"picked":"Blade Dance","floor":0.0},{"not_picked":["PiercingWail","Blade Dance"],"picked":"Infinite Blades","floor":1.0},{"not_picked":["Flying Knee","Slice"],"picked":"Finisher","floor":5.0},{"not_picked":["Dodge and Roll","PiercingWail"],"picked":"Noxious Fumes","floor":7.0},{"not_picked":["Calculated Gamble","Slice"],"picked":"Quick Slash","floor":8.0},{"not_picked":["Dagger Throw","Quick Slash"],"picked":"PiercingWail","floor":12.0},{"not_picked":["Poisoned Stab","Sucker Punch"],"picked":"Escape Plan","floor":13.0},{"not_picked":["Predator","Masterful Stab"],"picked":"Deadly Poison","floor":14.0},{"not_picked":["Bullet Time","Grand Finale"],"picked":"A Thousand Cuts","floor":16.0},{"not_picked":["Sucker Punch","Bane"],"picked":"Backflip","floor":18.0},{"not_picked":["Poisoned Stab+1","Setup","Sucker Punch+1"],"picked":"SKIP","floor":21.0},{"not_picked":["Tools of the Trade","Predator"],"picked":"Blur+1","floor":24.0},{"not_picked":["Outmaneuver","Bane","Underhanded Strike"],"picked":"SKIP","floor":25.0},{"not_picked":["Crippling Poison","Bane"],"picked":"Cloak And Dagger","floor":29.0},{"not_picked":["Night Terror","Tools of the Trade"],"picked":"Envenom","floor":33.0},{"not_picked":["Poisoned Stab","Cloak And Dagger"],"picked":"Backflip+1","floor":35.0},{"not_picked":["Forethought","The Bomb"],"picked":"Panacea","floor":36.0},{"not_picked":["Forethought","Chrysalis"],"picked":"Panache","floor":36.0},{"not_picked":["Riddle With Holes","Heel Hook+1"],"picked":"Footwork+1","floor":39.0},{"not_picked":["Outmaneuver+1","Masterful Stab","Underhanded Strike+1"],"picked":"SKIP","floor":41.0},{"not_picked":["Deflect","Bane"],"picked":"After Image","floor":45.0},{"not_picked":["Poisoned Stab","Setup"],"picked":"Crippling Poison","floor":47.0},{"not_picked":["Choke+1","Sucker Punch"],"picked":"Deflect+1","floor":48.0},{"not_picked":["Bane+1","Outmaneuver+1"],"picked":"Cloak And Dagger+1","floor":54.0}],"player_experience":1371039,"relics_obtained":[{"floor":7.0,"key":"Bottled Tornado"},{"floor":9.0,"key":"Darkstone Periapt"},{"floor":14.0,"key":"Ginger"},{"floor":24.0,"key":"Shuriken"},{"floor":26.0,"key":"Ice Cream"},{"floor":31.0,"key":"Gremlin Horn"},{"floor":41.0,"key":"Mango"},{"floor":47.0,"key":"Du-Vu Doll"},{"floor":54.0,"key":"Vajra"}],"event_choices":[{"damage_healed":0.0,"max_hp_gain":0.0,"max_hp_loss":5.0,"gold_gain":0.0,"event_name":"Golden Idol","player_choice":"Lose Max HP","floor":2.0,"gold_loss":0.0,"damage_taken":0.0,"relics_obtained":["Golden Idol"]},{"damage_healed":0.0,"max_hp_gain":0.0,"max_hp_loss":0.0,"gold_gain":75.0,"event_name":"World of Goop","player_choice":"Gather Gold","floor":4.0,"gold_loss":0.0,"damage_taken":11.0},{"damage_healed":0.0,"max_hp_gain":0.0,"max_hp_loss":0.0,"gold_gain":0.0,"cards_transformed":["Strike_G"],"event_name":"Transmorgrifier","player_choice":"Transformed","floor":10.0,"gold_loss":0.0,"damage_taken":0.0,"cards_obtained":["Noxious Fumes"]},{"damage_healed":0.0,"max_hp_gain":0.0,"max_hp_loss":0.0,"gold_gain":0.0,"event_name":"Colosseum","player_choice":"Fight","floor":19.0,"gold_loss":0.0,"damage_taken":0.0},{"damage_healed":0.0,"max_hp_gain":0.0,"max_hp_loss":0.0,"gold_gain":0.0,"event_name":"Colosseum","player_choice":"Fled From Nobs","floor":19.0,"gold_loss":0.0,"damage_taken":0.0},{"damage_healed":21.0,"max_hp_gain":0.0,"max_hp_loss":0.0,"gold_gain":0.0,"event_name":"The Library","player_choice":"Heal","floor":22.0,"gold_loss":0.0,"damage_taken":0.0},{"damage_healed":0.0,"max_hp_gain":0.0,"max_hp_loss":0.0,"gold_gain":100.0,"event_name":"Golden Shrine","player_choice":"Pray","floor":27.0,"gold_loss":0.0,"damage_taken":0.0},{"damage_healed":0.0,"max_hp_gain":0.0,"max_hp_loss":0.0,"gold_gain":0.0,"event_name":"SensoryStone","player_choice":"Memory 2","floor":36.0,"gold_loss":0.0,"damage_taken":5.0},{"damage_healed":0.0,"max_hp_gain":0.0,"max_hp_loss":0.0,"gold_gain":333.0,"event_name":"The Moai Head","player_choice":"Gave Idol","floor":38.0,"relics_lost":["Golden Idol"],"gold_loss":0.0,"damage_taken":0.0},{"damage_healed":0.0,"max_hp_gain":0.0,"max_hp_loss":0.0,"gold_gain":0.0,"event_name":"MindBloom","player_choice":"Fight","floor":47.0,"gold_loss":0.0,"damage_taken":0.0}],"is_beta":true,"boss_relics":[{"not_picked":["Busted Crown","HoveringKite"],"picked":"Philosopher\u0027s Stone"},{"not_picked":["Black Star","Lizard Tail"],"picked":"Coffee Dripper"}],"items_purged_floors":[20,37,44],"is_endless":false,"potions_floor_spawned":[5,8,14,19,21,29,35,39,41,45],"killed_by":"The Heart","ascension_level":8}