{"gold_per_floor":[109,121,196,212,229,229,240,240,263,263,263,273,238,248,248,352,352,362,374,374,374,386,386,420,420,502,522,294,312,11,25,25,123,123,139,139,157,177,5,5,31,31,54,65,32,44,44,44,44,44],"floor_reached":50,"playtime":1942,"items_purged":["Strike_R","Strike_R"],"score":511,"play_id":"10fe35d7-0444-4a32-932d-e857435972ae","local_time":"20181230190442","is_ascension_mode":false,"campfire_choices":[{"data":"Carnage","floor":6,"key":"SMITH"},{"data":"True Grit","floor":8,"key":"SMITH"},{"data":"Feel No Pain","floor":11,"key":"SMITH"},{"data":"Flex","floor":15,"key":"SMITH"},{"floor":23,"key":"REST"},{"data":"Limit Break","floor":25,"key":"SMITH"},{"data":"Demon Form","floor":32,"key":"SMITH"},{"data":"Heavy Blade","floor":40,"key":"SMITH"},{"floor":42,"key":"REST"},{"data":"Whirlwind","floor":47,"key":"SMITH"},{"floor":49,"key":"RECALL"}],"neow_cost":"NONE","seed_source_timestamp":13983678900874,"circlet_count":0,"master_deck":["Strike_R","Strike_R","Strike_R","Defend_R","Defend_R","Defend_R","Defend_R","Bash+1","Sword Boomerang","Limit Break+1","Carnage+1","True Grit+1","Feel No Pain+1","Flex+1","Clothesline","Demon Form+1","Flex","Flame Barrier+1","Necronomicurse","Metallicize","Heavy Blade+1","Fire Breathing","Pommel Strike+1","Fiend Fire","Whirlwind+1","Sentinel","Demon Form+1","Metallicize"],"relics":["Burning Blood","Regal Pillow","PreservedInsect","Snecko Eye","Necronomicon","Anchor","Sundial","Blood Vial","Gambling Chip","Velvet Choker","Happy Flower","Orichalcum"],"potions_floor_usage":[7,12,16,20,22,33,41,50,50],"damage_taken":[{"damage":1,"enemies":"Jaw Worm","floor":1,"turns":5},{"damage":7,"enemies":"2 Louse","floor":2,"turns":3},{"damage":5,"enemies":"Small Slimes","floor":4,"turns":4},{"damage":29,"enemies":"Exordium Wildlife","floor":5,"turns":6},{"damage":0,"enemies":"Looter","floor":7,"turns":3},{"damage":15,"enemies":"Large Slime","floor":12,"turns":6},{"damage":7,"enemies":"Red Slaver","floor":14,"turns":3},{"damage":46,"enemies":"Slime Boss","floor":16,"turns":11},{"damage":1,"enemies":"Spheric Guardian","floor":18,"turns":3},{"damage":20,"enemies":"2 Thieves","floor":19,"turns":3},{"damage":15,"enemies":"Masked Bandits","floor":20,"turns":3},{"damage":29,"enemies":"Shelled Parasite and Fungi","floor":22,"turns":6},{"damage":12,"enemies":"Gremlin Leader","floor":24,"turns":5},{"damage":2,"enemies":"Centurion and Healer","floor":27,"turns":4},{"damage":0,"enemies":"Snecko","floor":29,"turns":3},{"damage":0,"enemies":"Chosen and Byrds","floor":31,"turns":3},{"damage":37,"enemies":"Automaton","floor":33,"turns":6},{"damage":3,"enemies":"3 Darklings","floor":35,"turns":4},{"damage":5,"enemies":"3 Shapes","floor":37,"turns":4},{"damage":0,"enemies":"Sphere and 2 Shapes","floor":38,"turns":4},{"damage":43,"enemies":"Reptomancer","floor":41,"turns":4},{"damage":8,"enemies":"Writhing Mass","floor":44,"turns":3},{"damage":14,"enemies":"Maw","floor":46,"turns":4},{"damage":77,"enemies":"Donu and Deca","floor":50,"turns":5}],"seed_played":"682518879510828087","potions_obtained":[{"floor":1,"key":"SkillPotion"},{"floor":4,"key":"PowerPotion"},{"floor":5,"key":"SmokeBomb"},{"floor":14,"key":"Fire Potion"},{"floor":19,"key":"Regen Potion"},{"floor":24,"key":"Swift Potion"},{"floor":27,"key":"Ancient Potion"},{"floor":31,"key":"Ancient Potion"},{"floor":38,"key":"Swift Potion"},{"floor":44,"key":"GamblersBrew"},{"floor":46,"key":"SkillPotion"}],"is_trial":false,"path_per_floor":["M","M","?","M","M","R","M","R","T","?","R","M","?","M","R","B",null,"M","M","?","?","M","R","E","R","T","M","$","M","$","M","R","B",null,"M","?","M","M","$","R","E","R","T","M","$","M","R","?","R","B"],"character_chosen":"IRONCLAD","items_purchased":["Blood Vial","Gambling Chip","Whirlwind","Metallicize"],"campfire_rested":2,"item_purchase_floors":[28,30,39,45],"current_hp_per_floor":[80,79,68,69,46,46,52,52,52,52,52,43,63,62,62,22,80,80,66,57,41,33,72,66,66,66,70,70,78,78,80,80,49,80,80,80,80,80,80,80,43,80,80,78,78,72,72,72,72,0],"gold":44,"neow_bonus":"RANDOM_COMMON_RELIC","is_prod":false,"is_daily":false,"chose_seed":false,"campfire_upgraded":8,"win_rate":0,"timestamp":1546214682,"path_taken":["M","M","?","M","M","R","M","R","T","?","R","M","?","M","R","BOSS","M","M","?","?","M","R","E","R","T","M","?","M","$","M","R","BOSS","M","?","M","M","$","R","E","R","T","?","$","M","R","?","R","BOSS"],"build_version":"2018-12-25","purchased_purges":2,"victory":false,"max_hp_per_floor":[80,80,80,80,80,80,80,80,80,80,80,80,80,80,80,80,80,80,80,80,80,80,80,80,80,80,80,80,80,80,80,80,80,80,80,80,80,80,80,80,80,80,80,80,80,80,80,80,80,80],"card_choices":[{"not_picked":["Ghostly Armor","Wild Strike"],"picked":"Sword Boomerang","floor":1},{"not_picked":["Flex","Inflame"],"picked":"Limit Break","floor":2},{"not_picked":["Warcry","Iron Wave"],"picked":"Carnage","floor":4},{"not_picked":["Warcry","Flex"],"picked":"True Grit","floor":5},{"not_picked":["Thunderclap","Clash"],"picked":"Feel No Pain","floor":7},{"not_picked":["Rupture","Thunderclap"],"picked":"Flex","floor":12},{"not_picked":["Sword Boomerang","Thunderclap"],"picked":"Clothesline","floor":14},{"not_picked":["Barricade","Brutality"],"picked":"Demon Form","floor":16},{"not_picked":["Sentinel","Cleave"],"picked":"Flex","floor":18},{"not_picked":["Warcry+1","Wild Strike+1"],"picked":"Flame Barrier+1","floor":19},{"not_picked":["Dual Wield","Warcry"],"picked":"Metallicize","floor":22},{"not_picked":["Clash","Dark Embrace"],"picked":"Heavy Blade","floor":24},{"not_picked":["Flex+1","Heavy Blade","Clash"],"picked":"SKIP","floor":27},{"not_picked":["Spot Weakness","Pommel Strike"],"picked":"Fire Breathing","floor":29},{"not_picked":["True Grit","Anger+1"],"picked":"Pommel Strike+1","floor":31},{"not_picked":["Brutality","Demon Form"],"picked":"Fiend Fire","floor":33},{"not_picked":["Wild Strike+1","Flex+1","Clothesline+1"],"picked":"SKIP","floor":35},{"not_picked":["Wild Strike+1","Anger+1","Twin Strike"],"picked":"SKIP","floor":37},{"not_picked":["Cleave","Ghostly Armor+1","Wild Strike"],"picked":"SKIP","floor":38},{"not_picked":["Sword Boomerang","Burning Pact+1"],"picked":"Sentinel","floor":41},{"not_picked":["Thunderclap","Havoc+1"],"picked":"Demon Form","floor":44},{"not_picked":["Wild Strike+1","Clothesline","Pommel Strike"],"picked":"SKIP","floor":46}],"player_experience":1089046,"relics_obtained":[{"floor":9,"key":"PreservedInsect"},{"floor":21,"key":"Necronomicon"},{"floor":24,"key":"Anchor"},{"floor":26,"key":"Sundial"},{"floor":36,"key":"Happy Flower"},{"floor":41,"key":"Orichalcum"}],"event_choices":[{"damage_healed":0,"gold_gain":75,"player_choice":"Gather Gold","damage_taken":11,"max_hp_gain":0,"max_hp_loss":0,"event_name":"World of Goop","floor":3,"gold_loss":0},{"damage_healed":0,"gold_gain":0,"player_choice":"Grow","damage_taken":0,"max_hp_gain":0,"max_hp_loss":0,"event_name":"Living Wall","floor":10,"gold_loss":0,"cards_upgraded":["Bash"]},{"damage_healed":20,"gold_gain":0,"player_choice":"Healed","damage_taken":0,"max_hp_gain":0,"max_hp_loss":0,"event_name":"The Cleric","floor":13,"gold_loss":35},{"damage_healed":0,"gold_gain":0,"player_choice":"Fought Bandits","damage_taken":0,"max_hp_gain":0,"max_hp_loss":0,"event_name":"Masked Bandits","floor":20,"gold_loss":0},{"damage_healed":0,"gold_gain":0,"player_choice":"Obtained Book","damage_taken":16,"max_hp_gain":0,"max_hp_loss":0,"event_name":"Cursed Tome","floor":21,"gold_loss":0},{"damage_healed":0,"gold_gain":0,"player_choice":"Relic","damage_taken":0,"max_hp_gain":0,"max_hp_loss":0,"event_name":"Wheel of Change","floor":36,"gold_loss":0},{"damage_healed":0,"gold_gain":0,"player_choice":"Upgraded","damage_taken":0,"max_hp_gain":0,"max_hp_loss":0,"event_name":"Upgrade Shrine","floor":48,"gold_loss":0,"cards_upgraded":["Demon Form"]}],"is_beta":true,"boss_relics":[{"not_picked":["Astrolabe","Mark of Pain"],"picked":"Snecko Eye"},{"not_picked":["Runic Dome","Lizard Tail"],"picked":"Velvet Choker"}],"items_purged_floors":[28,39],"is_endless":false,"potions_floor_spawned":[1,4,5,14,19,24,27,31,38,44,46],"killed_by":"Donu and Deca","ascension_level":0}