{"path_per_floor":["M","M","$","?","M","R","E","?","T","M","M","M","?","$","R"],"character_chosen":"THE_SILENT","items_purchased":["Footwork","Riddle With Holes"],"gold_per_floor":[111,128,16,91,106,106,141,106,106,120,133,143,143,143,143,143],"floor_reached":16,"campfire_rested":1,"playtime":651,"current_hp_per_floor":[70,70,70,59,57,57,22,39,39,39,37,37,42,42,64,0],"items_purged":[],"gold":143,"score":102,"play_id":"0134ec30-61f9-4784-b479-5207d76cb670","local_time":"20180325183808","is_prod":false,"is_daily":false,"is_ascension_mode":false,"campfire_upgraded":1,"timestamp":1522017488,"path_taken":["M","M","$","?","M","R","E","?","T","M","M","?","?","$","R","BOSS"],"build_version":"2018-03-25","purchased_purges":0,"victory":false,"master_deck":["Defend_G","Defend_G","Defend_G","Defend_G","Defend_G","Strike_G","Strike_G","Strike_G","Strike_G","Strike_G","Survivor","Neutralize","Dagger Spray","Acrobatics","Footwork+1","Riddle With Holes","Backstab","Bullet Time","Dash","Dash","Quick Slash"],"max_hp_per_floor":[70,70,70,70,70,70,70,70,70,70,70,70,75,75,75,75],"relics":["Ring of the Snake","Ancient Tea Set","Torii"],"card_choices":[{"not_picked":["Dagger Throw","Blade Dance"],"picked":"Dagger Spray","floor":1},{"not_picked":["Deadly Poison","Distraction"],"picked":"Acrobatics","floor":2},{"not_picked":["Tactician","Flying Knee"],"picked":"Backstab","floor":5},{"not_picked":["Eviscerate","Blade Dance"],"picked":"Bullet Time","floor":7},{"not_picked":["Underhanded Strike","Slice"],"picked":"Dash","floor":10},{"not_picked":["Dagger Throw","Bouncing Flask"],"picked":"Dash","floor":11},{"not_picked":["Slice","Dagger Throw"],"picked":"Quick Slash","floor":12}],"player_experience":1856,"potions_floor_usage":[7,16,16],"damage_taken":[{"damage":0,"enemies":"Jaw Worm","floor":1,"turns":8},{"damage":0,"enemies":"Small Slimes","floor":2,"turns":3},{"damage":2,"enemies":"Cultist","floor":5,"turns":5},{"damage":35,"enemies":"Lagavulin","floor":7,"turns":11},{"damage":0,"enemies":"Blue Slaver","floor":10,"turns":3},{"damage":2,"enemies":"Exordium Wildlife","floor":11,"turns":4},{"damage":0,"enemies":"Looter","floor":12,"turns":3},{"damage":69,"enemies":"Hexaghost","floor":16,"turns":16}],"event_choices":[{"event_name":"World of Goop","player_choice":"Gather Gold","floor":4,"damage_taken":0},{"event_name":"The Cleric","player_choice":"Healed","floor":8,"damage_taken":0},{"event_name":"Big Fish","player_choice":"Donut","floor":13,"damage_taken":0}],"boss_relics":[],"potions_floor_spawned":[5,10,12],"seed_played":"5104739808751823940","killed_by":"Hexaghost","ascension_level":0,"is_trial":false}