{"path_per_floor":["M","M","M","?","M","R","E","R","T","E","R","M","R","M","R","B",null,"M","?","M","?","?","R","M"],"character_chosen":"THE_SILENT","items_purchased":[],"gold_per_floor":[114,127,140,140,155,155,185,185,185,213,213,226,226,237,237,335,335,353,353,365,365,365,365,379,379],"floor_reached":25,"campfire_rested":2,"playtime":1262,"item_purchase_floors":[],"current_hp_per_floor":[62,55,55,55,47,47,21,42,42,17,38,36,36,45,45,45,64,59,59,48,48,62,62,54,0],"items_purged":[],"gold":379,"score":381,"play_id":"bc5837fb-418f-4472-8f98-e37422f16769","local_time":"20180607194451","is_prod":false,"is_daily":false,"chose_seed":true,"is_ascension_mode":true,"campfire_upgraded":1,"win_rate":0,"timestamp":1528415091,"campfire_choices":[{"data":"Deadly Poison","floor":6,"key":"SMITH"},{"floor":8,"key":"REST"},{"floor":11,"key":"REST"},{"floor":13,"key":"DIG"},{"floor":15,"key":"DIG"},{"floor":23,"key":"DIG"}],"path_taken":["M","M","M","?","M","R","E","R","T","E","R","?","R","?","R","BOSS","M","?","M","?","?","R","M","E"],"build_version":"2018-06-07","seed_source_timestamp":376210948721369,"purchased_purges":0,"victory":false,"master_deck":["Defend_G+1","Defend_G","Defend_G","Defend_G","Defend_G","Strike_G","Strike_G","Strike_G","Strike_G","Strike_G","Survivor","Neutralize+1","Deflect","Wraith Form v2","Deflect","Deadly Poison+1","Skewer","Noxious Fumes","Night Terror+1","Dash","Night Terror","Setup+1","Decay","Prepared+1","Noxious Fumes","Acrobatics+1"],"max_hp_per_floor":[70,70,70,70,70,70,70,70,70,70,70,70,70,70,70,70,70,70,70,70,70,84,84,84,84],"relics":["Ring of the Snake","Boot","Ninja Scroll","Meat on the Bone","Shovel","Bottled Flame","Orichalcum","Sozu","Mango","War Paint"],"card_choices":[{"not_picked":["Accuracy","Backflip"],"picked":"Deflect","floor":1},{"not_picked":["Dodge and Roll","Prepared"],"picked":"Wraith Form v2","floor":2},{"not_picked":["Quick Slash","Acrobatics"],"picked":"Deflect","floor":3},{"not_picked":["Accuracy","Dodge and Roll"],"picked":"Deadly Poison","floor":5},{"not_picked":["Dagger Throw","Prepared"],"picked":"Skewer","floor":7},{"not_picked":["Underhanded Strike","Cloak And Dagger"],"picked":"Noxious Fumes","floor":10},{"not_picked":["Prepared","Backflip"],"picked":"Night Terror","floor":12},{"not_picked":["Prepared","Crippling Poison"],"picked":"Dash","floor":14},{"not_picked":["Envenom","Phantasmal Killer"],"picked":"Night Terror","floor":16},{"not_picked":["Deadly Poison","Distraction+1"],"picked":"Setup+1","floor":18},{"not_picked":["Eviscerate","PiercingWail"],"picked":"Prepared+1","floor":20},{"not_picked":["Quick Slash","Predator"],"picked":"Acrobatics+1","floor":24}],"player_experience":407840,"potions_floor_usage":[7,18,25],"damage_taken":[{"damage":1,"enemies":"2 Louse","floor":1,"turns":3},{"damage":7,"enemies":"Cultist","floor":2,"turns":6},{"damage":0,"enemies":"Jaw Worm","floor":3,"turns":6},{"damage":8,"enemies":"Red Slaver","floor":5,"turns":6},{"damage":26,"enemies":"Lagavulin","floor":7,"turns":8},{"damage":37,"enemies":"Gremlin Nob","floor":10,"turns":6},{"damage":2,"enemies":"Gremlin Gang","floor":12,"turns":5},{"damage":3,"enemies":"Exordium Thugs","floor":14,"turns":5},{"damage":0,"enemies":"Hexaghost","floor":16,"turns":16},{"damage":5,"enemies":"Spheric Guardian","floor":18,"turns":7},{"damage":11,"enemies":"Shell Parasite","floor":20,"turns":6},{"damage":8,"enemies":"Snecko","floor":24,"turns":6},{"damage":58,"enemies":"Slavers","floor":25,"turns":5}],"relics_obtained":[{"floor":7,"key":"Ninja Scroll"},{"floor":9,"key":"Meat on the Bone"},{"floor":10,"key":"Shovel"},{"floor":13,"key":"Bottled Flame"},{"floor":15,"key":"Orichalcum"},{"floor":23,"key":"War Paint"}],"event_choices":[{"event_name":"Upgrade Shrine","player_choice":"Upgraded","floor":4,"damage_taken":0},{"event_name":"Forgotten Altar","player_choice":"Smashed Altar","floor":19,"damage_taken":0},{"event_name":"The Library","player_choice":"Read","floor":21,"damage_taken":0},{"event_name":"Wheel of Change","player_choice":"Relic","floor":22,"damage_taken":0}],"boss_relics":[{"not_picked":["Astrolabe","White Beast Statue"],"picked":"Sozu"}],"items_purged_floors":[],"potions_floor_spawned":[2,12,14,18,24],"seed_played":"-8623042705149605899","killed_by":"Slavers","ascension_level":9,"potions_obtained":[{"floor":2,"key":"PowerPotion"},{"floor":12,"key":"LiquidBronze"},{"floor":14,"key":"GhostInAJar"}],"is_trial":false}