{"gold_per_floor":[117,130,148,148,148,148,73,73,73,89,109,109,109,124,124,124],"floor_reached":16,"playtime":442,"items_purged":[],"score":143,"play_id":"70e0ee9b-5eb8-49ad-ac59-83575570149b","local_time":"20181218220235","is_ascension_mode":true,"campfire_choices":[{"data":"Zap","floor":6,"key":"SMITH"},{"data":"Dualcast","floor":8,"key":"SMITH"},{"floor":13,"key":"REST"},{"data":"Go for the Eyes","floor":15,"key":"SMITH"}],"neow_cost":"NONE","seed_source_timestamp":295925912124002,"circlet_count":0,"master_deck":["AscendersBane","Strike_B","Strike_B","Strike_B","Strike_B","Defend_B","Defend_B","Defend_B","Defend_B","Zap+1","Dualcast+1","Go for the Eyes+1","Static Discharge","Heatsinks","Self Repair","Compile Driver","Defragment","Coolheaded"],"relics":["Cracked Core","NeowsBlessing","Cables","Question Card","Golden Idol"],"potions_floor_usage":[10],"damage_taken":[{"damage":0,"enemies":"2 Louse","floor":1,"turns":1},{"damage":0,"enemies":"Small Slimes","floor":2,"turns":1},{"damage":0,"enemies":"Jaw Worm","floor":3,"turns":1},{"damage":25,"enemies":"Gremlin Gang","floor":10,"turns":3},{"damage":25,"enemies":"Exordium Thugs","floor":11,"turns":5},{"damage":12,"enemies":"Looter","floor":14,"turns":4},{"damage":48,"enemies":"Slime Boss","floor":16,"turns":7}],"seed_played":"3752233674873805289","potions_obtained":[{"floor":2,"key":"SneckoOil"},{"floor":10,"key":"Energy Potion"},{"floor":14,"key":"SteroidPotion"}],"is_trial":false,"path_per_floor":["M","M","M","?","?","R","$","R","T","M","M","?","R","M","R","B"],"character_chosen":"DEFECT","items_purchased":["Self Repair"],"campfire_rested":1,"item_purchase_floors":[7],"current_hp_per_floor":[68,68,68,68,61,61,61,61,61,43,25,25,45,40,40,0],"gold":124,"neow_bonus":"THREE_ENEMY_KILL","is_prod":false,"is_daily":false,"chose_seed":false,"campfire_upgraded":3,"win_rate":0,"timestamp":1545188555,"path_taken":["M","M","M","?","?","R","$","R","T","M","M","?","R","M","R","BOSS"],"build_version":"2018-12-17","purchased_purges":0,"victory":false,"max_hp_per_floor":[75,75,75,75,75,75,75,75,75,75,75,69,69,69,69,69],"card_choices":[{"not_picked":["Streamline","Stack"],"picked":"Go for the Eyes","floor":1},{"not_picked":["Reinforced Body","Fusion"],"picked":"Static Discharge","floor":2},{"not_picked":["Fusion","Go for the Eyes"],"picked":"Heatsinks","floor":3},{"not_picked":["Go for the Eyes","Coolheaded","Steam"],"picked":"Compile Driver","floor":10},{"not_picked":["Undo","Doom and Gloom","Hologram"],"picked":"Defragment","floor":11},{"not_picked":["Beam Cell","Go for the Eyes","Barrage"],"picked":"Coolheaded","floor":14}],"player_experience":1011121,"relics_obtained":[{"floor":9,"key":"Question Card"}],"event_choices":[{"damage_healed":0,"gold_gain":0,"player_choice":"Ignored","damage_taken":0,"max_hp_gain":0,"max_hp_loss":0,"event_name":"Liars Game","floor":4,"gold_loss":0},{"damage_healed":0,"gold_gain":0,"player_choice":"Success","damage_taken":7,"relics_obtained":["Cables"],"max_hp_gain":0,"max_hp_loss":0,"event_name":"Scrap Ooze","floor":5,"gold_loss":0},{"damage_healed":0,"gold_gain":0,"player_choice":"Lose Max HP","damage_taken":0,"relics_obtained":["Golden Idol"],"max_hp_gain":0,"max_hp_loss":6,"event_name":"Golden Idol","floor":12,"gold_loss":0}],"is_beta":true,"boss_relics":[],"items_purged_floors":[],"is_endless":false,"potions_floor_spawned":[2,10,14],"killed_by":"Slime Boss","ascension_level":11}