{"path_per_floor":["M","M","M","?","?","R","E","M","T","$","R","?","R","$","R","B",null,"M","?","$","?","$","E","?","M","T","M","R","T","R","M","R","B",null,"M"],"character_chosen":"THE_SILENT","items_purchased":["Swift Strike","Vajra"],"gold_per_floor":[110,124,141,91,91,91,119,130,130,31,31,31,31,31,31,131,161,178,178,21,21,21,54,54,71,94,108,108,133,133,149,149,250,250,260,260],"floor_reached":36,"campfire_rested":1,"playtime":1931,"current_hp_per_floor":[70,70,70,70,75,75,60,60,60,60,60,60,60,60,60,44,80,79,79,79,64,64,39,39,55,55,47,72,72,72,76,76,56,85,79,0],"items_purged":[],"gold":260,"score":403,"play_id":"5d071d3d-0bde-404b-8af9-5efd9fb88dab","local_time":"20180331110844","is_prod":false,"is_daily":false,"is_ascension_mode":false,"campfire_upgraded":6,"timestamp":1522508924,"path_taken":["M","M","M","?","?","R","E","?","T","?","R","?","R","$","R","BOSS","M","?","$","?","$","E","?","M","T","M","R","?","R","M","R","BOSS","M","?"],"build_version":"2018-03-29","purchased_purges":1,"victory":false,"master_deck":["Defend_G","Defend_G","Defend_G","Defend_G","Defend_G+1","Strike_G","Strike_G","Strike_G","Strike_G","Survivor","Neutralize+1","Backflip+1","Sucker Punch","Slice","Noxious Fumes+1","Footwork+1","Swift Strike","Blur+1","Acrobatics","Burst+1","Slice","Backflip+1","Dodge and Roll","Dagger Spray","Blur+1","Bouncing Flask+1","Die Die Die","Clumsy","Doubt","Pain","Bane+1"],"max_hp_per_floor":[70,70,70,70,75,75,75,75,75,75,75,75,75,75,75,75,80,80,80,80,85,85,85,85,85,85,85,85,85,85,85,85,85,85,85,85],"relics":["Ring of the Snake","Anchor","Bird Faced Urn","Tiny House","Vajra","Oddly Smooth Stone","Ancient Tea Set","Regal Pillow","Calling Bell","Smiling Mask","Paper Crane","Pantograph"],"card_choices":[{"not_picked":["Riddle With Holes","Crippling Poison"],"picked":"Backflip","floor":1},{"not_picked":["Dodge and Roll","Flechettes"],"picked":"Sucker Punch","floor":2},{"not_picked":["Deadly Poison","Quick Slash"],"picked":"Slice","floor":3},{"not_picked":["Acrobatics","Endless Agony"],"picked":"Noxious Fumes","floor":7},{"not_picked":["Dash","Quick Slash"],"picked":"Footwork","floor":8},{"not_picked":["Tactician","Venomology"],"picked":"Burst","floor":16},{"not_picked":["Poisoned Stab","Sucker Punch"],"picked":"Slice","floor":17},{"not_picked":["Backstab","Choke"],"picked":"Backflip","floor":18},{"not_picked":["Heel Hook","Outmaneuver"],"picked":"Dodge and Roll","floor":23},{"not_picked":["Backstab","Dagger Throw"],"picked":"Dagger Spray","floor":25},{"not_picked":["Distraction","Caltrops"],"picked":"Blur","floor":27},{"not_picked":["Poisoned Stab","Caltrops"],"picked":"Bouncing Flask","floor":31},{"not_picked":["Corpse Explosion","Unload"],"picked":"Die Die Die","floor":33},{"not_picked":["Outmaneuver","Dagger Throw"],"picked":"Bane","floor":35}],"player_experience":25710,"potions_floor_usage":[18,23,23,25,33,33],"damage_taken":[{"damage":0,"enemies":"2 Louse","floor":1,"turns":4},{"damage":0,"enemies":"Small Slimes","floor":2,"turns":6},{"damage":0,"enemies":"Cultist","floor":3,"turns":4},{"damage":15,"enemies":"3 Sentries","floor":7,"turns":15},{"damage":0,"enemies":"Large Slime","floor":8,"turns":6},{"damage":20,"enemies":"Hexaghost","floor":16,"turns":13},{"damage":3,"enemies":"3 Byrds","floor":18,"turns":4},{"damage":29,"enemies":"Gremlin Leader","floor":23,"turns":9},{"damage":0,"enemies":"Chosen","floor":25,"turns":6},{"damage":12,"enemies":"Sentry and Sphere","floor":27,"turns":9},{"damage":0,"enemies":"Centurion and Healer","floor":31,"turns":8},{"damage":24,"enemies":"Collector","floor":33,"turns":11},{"damage":8,"enemies":"Orb Walker","floor":35,"turns":6},{"damage":91,"enemies":"Mysterious Sphere","floor":36,"turns":7}],"event_choices":[{"event_name":"The Cleric","player_choice":"Card Removal","floor":4,"damage_taken":0},{"event_name":"Big Fish","player_choice":"Donut","floor":5,"damage_taken":0},{"event_name":"Match and Keep!","player_choice":"2 cards matched","floor":12,"damage_taken":0},{"event_name":"The Mausoleum","player_choice":"No","floor":19,"damage_taken":0},{"event_name":"Forgotten Altar","player_choice":"Shed Blood","floor":21,"damage_taken":0},{"event_name":"N\u0027loth","player_choice":"Ignored","floor":24,"damage_taken":0},{"event_name":"Mysterious Sphere","player_choice":"Fight","floor":36,"damage_taken":0}],"boss_relics":[{"not_picked":["Orrery","Philosopher\u0027s Stone"],"picked":"Tiny House"},{"not_picked":["Runic Pyramid","Eternal Feather"],"picked":"Calling Bell"}],"potions_floor_spawned":[3,7,16,18,23,25],"seed_played":"9171255251444222667","killed_by":"Mysterious Sphere","ascension_level":0,"is_trial":false}