{"path_per_floor":["M","M","M","?","?","R","E","?","T","M","R","E","M","M","R"],"character_chosen":"THE_SILENT","items_purchased":[],"gold_per_floor":[113,130,144,144,144,144,169,139,219,236,236,236,252,266,266,266],"floor_reached":16,"campfire_rested":3,"playtime":458,"item_purchase_floors":[],"current_hp_per_floor":[50,45,40,40,40,61,17,17,17,8,29,29,22,19,40,0],"items_purged":[],"gold":266,"score":199,"play_id":"5f874b0c-ced0-4dab-a57a-6c361e00c768","local_time":"20180602151426","is_prod":false,"is_daily":false,"chose_seed":false,"is_ascension_mode":true,"campfire_upgraded":0,"win_rate":0,"timestamp":1527966866,"campfire_choices":[{"floor":6,"key":"REST"},{"floor":11,"key":"REST"},{"floor":15,"key":"REST"}],"path_taken":["M","M","M","?","?","R","E","?","T","M","R","E","?","M","R","BOSS"],"build_version":"2018-05-30v2","seed_source_timestamp":1396074788365628,"purchased_purges":0,"victory":false,"master_deck":["Defend_G","Defend_G","Defend_G","Defend_G","Defend_G","Strike_G","Strike_G","Strike_G","Strike_G","Survivor","Neutralize","Bouncing Flask","All Out Attack","Backflip","Underhanded Strike","Storm of Steel","Dash","Distraction","Bouncing Flask"],"max_hp_per_floor":[70,70,70,70,70,70,70,70,70,70,70,70,70,70,70,70],"relics":["Ring of the Snake","Omamori","Bottled Flame"],"card_choices":[{"not_picked":["Expertise","Dagger Throw"],"picked":"Bouncing Flask","floor":1},{"not_picked":["Poisoned Stab","Deflect"],"picked":"All Out Attack","floor":2},{"not_picked":["Bane","Crippling Poison"],"picked":"Backflip","floor":3},{"not_picked":["Riddle With Holes","Prepared"],"picked":"Storm of Steel","floor":7},{"not_picked":["Dagger Spray","Deadly Poison"],"picked":"Dash","floor":10},{"not_picked":["PiercingWail","Underhanded Strike"],"picked":"Distraction","floor":13},{"not_picked":["Deadly Poison","Dodge and Roll"],"picked":"Bouncing Flask","floor":14}],"player_experience":389601,"potions_floor_usage":[10,12,13,14,16],"damage_taken":[{"damage":13,"enemies":"Cultist","floor":1,"turns":6},{"damage":5,"enemies":"2 Louse","floor":2,"turns":3},{"damage":5,"enemies":"Jaw Worm","floor":3,"turns":4},{"damage":44,"enemies":"Gremlin Nob","floor":7,"turns":5},{"damage":9,"enemies":"Looter","floor":10,"turns":3},{"damage":0,"enemies":"3 Sentries","floor":12,"turns":1},{"damage":7,"enemies":"2 Fungi Beasts","floor":13,"turns":4},{"damage":3,"enemies":"3 Louse","floor":14,"turns":2},{"damage":43,"enemies":"Slime Boss","floor":16,"turns":9}],"relics_obtained":[{"floor":7,"key":"Omamori"},{"floor":9,"key":"Bottled Flame"}],"event_choices":[{"event_name":"Shining Light","player_choice":"Ignored","floor":4,"damage_taken":0},{"event_name":"Living Wall","player_choice":"Change","floor":5,"damage_taken":0},{"event_name":"The Woman in Blue","player_choice":"Bought 2 Potions","floor":8,"damage_taken":0}],"boss_relics":[],"items_purged_floors":[],"potions_floor_spawned":[1,10,13],"seed_played":"-5891554283734528078","killed_by":"Slime Boss","ascension_level":9,"potions_obtained":[{"floor":1,"key":"SmokeBomb"},{"floor":8,"key":"Dexterity Potion"},{"floor":8,"key":"AttackPotion"},{"floor":10,"key":"SpeedPotion"},{"floor":13,"key":"FearPotion"}],"is_trial":false}