{"gold_per_floor":[116,131,131,151,171,171,9,36,48,80,119,131,157,194,206,297,309,341,353,381,122,141,141,172,172,199,199,199,212,225,257,257,331,331,348,348,1,20,20,20,46,46,46,64,64,75,75,106,106,106,106,106,106,31,66,66],"floor_reached":56,"playtime":4932,"items_purged":["Strike_B","FTL"],"score":1930,"play_id":"8ec6ba45-be61-43e2-a14f-4da3a3476092","local_time":"20190122181340","is_ascension_mode":true,"campfire_choices":[{"data":"Sweeping Beam","floor":6.0,"key":"SMITH"},{"floor":12.0,"key":"REST"},{"data":"Conserve Battery","floor":15.0,"key":"SMITH"},{"floor":23.0,"key":"REST"},{"floor":25.0,"key":"REST"},{"floor":27.0,"key":"REST"},{"data":"Defragment","floor":32.0,"key":"SMITH"},{"data":"Reinforced Body","floor":40.0,"key":"SMITH"},{"floor":45.0,"key":"REST"},{"floor":47.0,"key":"RECALL"},{"floor":49.0,"key":"REST"},{"floor":53.0,"key":"REST"}],"neow_cost":"TEN_PERCENT_HP_LOSS","seed_source_timestamp":0,"circlet_count":0,"master_deck":["AscendersBane","Defend_B","Defend_B","Defend_B","Defend_B","Zap+1","Dualcast","Sweeping Beam+1","Genetic Algorithm","Compile Driver","BootSequence+1","Electrodynamics","Ball Lightning","Conserve Battery+1","Undo","Core Surge","Defragment+1","Recycle+1","Glacier","Reinforced Body+1","Chill+1","Static Discharge+1","Echo Form+1","Defragment+1","Glacier","Go for the Eyes","Hologram"],"special_seed":0,"relics":["Cracked Core","Happy Flower","MawBank","PreservedInsect","Singing Bowl","Gremlin Horn","Snecko Eye","Lantern","Sundial","Regal Pillow","Smiling Mask","Frozen Egg 2","Sozu","Medical Kit","Juzu Bracelet","Bag of Marbles","War Paint"],"potions_floor_usage":[],"damage_taken":[{"damage":0.0,"enemies":"2 Louse","floor":1.0,"turns":3.0},{"damage":1.0,"enemies":"Cultist","floor":2.0,"turns":3.0},{"damage":8.0,"enemies":"Jaw Worm","floor":4.0,"turns":3.0},{"damage":8.0,"enemies":"Looter","floor":5.0,"turns":4.0},{"damage":12.0,"enemies":"3 Sentries","floor":8.0,"turns":6.0},{"damage":10.0,"enemies":"Exordium Thugs","floor":10.0,"turns":3.0},{"damage":15.0,"enemies":"Lagavulin","floor":11.0,"turns":5.0},{"damage":0.0,"enemies":"3 Louse","floor":13.0,"turns":1.0},{"damage":0.0,"enemies":"Gremlin Nob","floor":14.0,"turns":3.0},{"damage":17.0,"enemies":"The Guardian","floor":16.0,"turns":14.0},{"damage":11.0,"enemies":"2 Thieves","floor":18.0,"turns":3.0},{"damage":11.0,"enemies":"Shell Parasite","floor":20.0,"turns":5.0},{"damage":10.0,"enemies":"Shelled Parasite and Fungi","floor":22.0,"turns":5.0},{"damage":29.0,"enemies":"Slavers","floor":24.0,"turns":4.0},{"damage":0.0,"enemies":"Snecko","floor":29.0,"turns":6.0},{"damage":5.0,"enemies":"3 Cultists","floor":30.0,"turns":3.0},{"damage":8.0,"enemies":"Book of Stabbing","floor":31.0,"turns":5.0},{"damage":33.0,"enemies":"Collector","floor":33.0,"turns":11.0},{"damage":0.0,"enemies":"Orb Walker","floor":35.0,"turns":4.0},{"damage":14.0,"enemies":"3 Darklings","floor":38.0,"turns":5.0},{"damage":26.0,"enemies":"Nemesis","floor":41.0,"turns":11.0},{"damage":7.0,"enemies":"Maw","floor":44.0,"turns":10.0},{"damage":0.0,"enemies":"Spire Growth","floor":46.0,"turns":5.0},{"damage":11.0,"enemies":"Reptomancer","floor":48.0,"turns":5.0},{"damage":17.0,"enemies":"Awakened One","floor":50.0,"turns":21.0},{"damage":48.0,"enemies":"Time Eater","floor":51.0,"turns":18.0},{"damage":27.0,"enemies":"Shield and Spear","floor":55.0,"turns":6.0},{"damage":50,"enemies":"The Heart","floor":56,"turns":8}],"seed_played":"3560975985034312770","potions_obtained":[{"floor":4.0,"key":"SkillPotion"},{"floor":5.0,"key":"LiquidBronze"},{"floor":10.0,"key":"Block Potion"},{"floor":13.0,"key":"SkillPotion"},{"floor":14.0,"key":"Dexterity Potion"},{"floor":24.0,"key":"SkillPotion"},{"floor":29.0,"key":"SteroidPotion"},{"floor":31.0,"key":"SkillPotion"},{"floor":33.0,"key":"FocusPotion"}],"is_trial":false,"path_per_floor":["?","$","?","?","?","?"],"character_chosen":"DEFECT","items_purchased":["Happy Flower","Defragment","Lantern","Defragment+1","Medical Kit","Glacier","Hologram"],"campfire_rested":7,"item_purchase_floors":[7,21,21,37,37,37,54],"current_hp_per_floor":[64,63,63,55,47,47,47,35,35,25,10,29,29,29,29,12,51,42,42,33,33,23,43,14,34,34,68,68,68,63,55,55,22,57,59,59,59,47,47,47,23,23,23,18,54,56,56,45,74,57,9,58,74,74,49,0],"gold":66,"neow_bonus":"REMOVE_TWO","is_prod":false,"is_daily":false,"chose_seed":false,"campfire_upgraded":4,"win_rate":0,"timestamp":1548209620,"path_taken":["M","M","?","M","M","R","?","E","T","M","E","R","M","E","R","BOSS","M","?","M","$","M","R","E","R","T","R","?","M","M","E","R","BOSS","M","?","$","M","$","R","E","?","T","M","R","M","R","E","R","BOSS","BOSS","R","$","E","BOSS"],"build_version":"2019-01-20","purchased_purges":2,"victory":false,"max_hp_per_floor":[64,64,64,64,64,64,64,64,64,64,64,64,64,64,64,64,64,66,66,68,68,68,68,68,68,68,68,68,68,68,68,68,68,68,70,66,66,68,68,68,70,70,70,72,72,74,74,74,74,74,74,74,74,74,76,76],"card_choices":[{"not_picked":["Steam","Double Energy"],"picked":"Sweeping Beam","floor":1.0},{"not_picked":["Streamline","Aggregate"],"picked":"Genetic Algorithm","floor":2.0},{"not_picked":["Redo","Coolheaded"],"picked":"Compile Driver","floor":4.0},{"not_picked":["Chill","Leap"],"picked":"BootSequence","floor":5.0},{"not_picked":["Consume","Redo"],"picked":"Electrodynamics","floor":8.0},{"not_picked":["Double Energy","Leap"],"picked":"Ball Lightning","floor":10.0},{"not_picked":["Stack","Compile Driver"],"picked":"FTL","floor":11.0},{"not_picked":["Double Energy","Hello World"],"picked":"Conserve Battery","floor":13.0},{"not_picked":["Conserve Battery","Leap"],"picked":"Undo","floor":14.0},{"not_picked":["Seek","Amplify"],"picked":"Core Surge","floor":16.0},{"not_picked":["Gash","Streamline","Redo"],"picked":"Singing Bowl","floor":18.0},{"not_picked":["Conserve Battery","Redo","Steam"],"picked":"Singing Bowl","floor":20.0},{"not_picked":["Reinforced Body","Gash"],"picked":"Recycle","floor":22.0},{"not_picked":["Rebound+1","Ball Lightning"],"picked":"Glacier","floor":24.0},{"not_picked":["Redo","Skim"],"picked":"Reinforced Body","floor":29.0},{"not_picked":["Sunder","Storm"],"picked":"Chill+1","floor":30.0},{"not_picked":["Force Field","Compile Driver"],"picked":"Static Discharge","floor":31.0},{"not_picked":["Meteor Strike","Reboot"],"picked":"Echo Form+1","floor":33.0},{"not_picked":["Steam","Redo","Reprogram"],"picked":"Singing Bowl","floor":35.0},{"not_picked":["Hologram","Steam","Redo+1"],"picked":"Singing Bowl","floor":38.0},{"not_picked":["Steam","Barrage","Sweeping Beam"],"picked":"Singing Bowl","floor":41.0},{"not_picked":["Beam Cell","Ball Lightning","Lockon+1"],"picked":"Singing Bowl","floor":44.0},{"not_picked":["Rebound","Streamline","Hyperbeam"],"picked":"Singing Bowl","floor":46.0},{"not_picked":["Leap","Coolheaded"],"picked":"Go for the Eyes","floor":48.0},{"not_picked":["Fusion","Ball Lightning","Rip and Tear"],"picked":"Singing Bowl","floor":55.0}],"player_experience":1272863,"relics_obtained":[{"floor":8.0,"key":"MawBank"},{"floor":9.0,"key":"PreservedInsect"},{"floor":11.0,"key":"Singing Bowl"},{"floor":14.0,"key":"Gremlin Horn"},{"floor":24.0,"key":"Sundial"},{"floor":26.0,"key":"Regal Pillow"},{"floor":31.0,"key":"Frozen Egg 2"},{"floor":41.0,"key":"Juzu Bracelet"},{"floor":48.0,"key":"Bag of Marbles"},{"floor":55.0,"key":"War Paint"}],"event_choices":[{"damage_healed":0.0,"max_hp_gain":0.0,"max_hp_loss":0.0,"gold_gain":0.0,"event_name":"Upgrade Shrine","player_choice":"Upgraded","floor":3.0,"gold_loss":0.0,"damage_taken":0.0,"cards_upgraded":["Zap"]},{"damage_healed":0.0,"max_hp_gain":0.0,"max_hp_loss":0.0,"gold_gain":0.0,"event_name":"The Mausoleum","player_choice":"Ignored","floor":19.0,"gold_loss":0.0,"damage_taken":0.0},{"damage_healed":0.0,"max_hp_gain":0.0,"max_hp_loss":0.0,"gold_gain":0.0,"event_name":"WeMeetAgain","player_choice":"Gave Potion","floor":28.0,"gold_loss":0.0,"damage_taken":0.0,"relics_obtained":["Smiling Mask"]},{"damage_healed":0.0,"max_hp_gain":0.0,"max_hp_loss":4.0,"gold_gain":0.0,"event_name":"Winding Halls","player_choice":"Max HP","floor":36.0,"gold_loss":0.0,"damage_taken":0.0},{"cards_removed":["Strike_B"],"damage_healed":0.0,"max_hp_gain":0.0,"max_hp_loss":0.0,"gold_gain":0.0,"event_name":"Purifier","player_choice":"Purged","floor":42.0,"gold_loss":0.0,"damage_taken":0.0}],"is_beta":true,"boss_relics":[{"not_picked":["Eternal Feather","Nuclear Battery"],"picked":"Snecko Eye"},{"not_picked":["Lizard Tail","Busted Crown"],"picked":"Sozu"}],"items_purged_floors":[21,54],"is_endless":false,"potions_floor_spawned":[4,5,10,13,14,20,24,29,31,33,35,55],"killed_by":"The Heart","ascension_level":20}