{"gold_per_floor":[10,10,30,53,71,106,126,126,153,186,186,201,251,265,265,390,390,404,404,419,544,544,571,571,571,620,632,127,141,169,184,184,283,283,303,35,135,146,156,182,196,223,250,250,261,261,261,14,14,14,14,14,14,43,43],"floor_reached":56,"playtime":6544,"items_purged":["Writhe","Strike_G"],"score":1365,"play_id":"2cbf200b-0dce-47cd-bcac-a4e98b9aa314","local_time":"20181112184145","is_ascension_mode":true,"campfire_choices":[{"floor":8,"key":"REST"},{"data":"Neutralize","floor":11,"key":"SMITH"},{"floor":15,"key":"RECALL"},{"floor":25,"key":"REST"},{"floor":32,"key":"REST"},{"floor":44,"key":"REST"},{"floor":49,"key":"REST"},{"floor":52,"key":"REST"}],"neow_cost":"NO_GOLD","seed_source_timestamp":1928735010162168,"circlet_count":0,"master_deck":["Defend_G","Defend_G","Defend_G","Defend_G","Defend_G","Strike_G","Strike_G","Strike_G","Survivor","Neutralize+1","Bandage Up+1","Panacea","Dagger Spray","Cloak And Dagger","Skewer","Leg Sweep","Envenom","Dodge and Roll","Die Die Die","Infinite Blades","Distraction+1","Corpse Explosion","Escape Plan","Backflip","Accuracy","Dodge and Roll+1","PiercingWail+1","Noxious Fumes","Catalyst+1","Leg Sweep","Finisher+1","Adrenaline","Blur+1","PiercingWail","Backflip+1","Crippling Poison+1","Cloak And Dagger"],"relics":["Ring of the Snake","Bloody Idol","Gambling Chip","Centennial Puzzle","Regal Pillow","Pen Nib","Fusion Hammer","Orichalcum","Thread and Needle","Singing Bowl","Dodecahedron","War Paint","Paper Crane","Omamori","Velvet Choker","Anchor","Turnip","Pantograph","Bottled Lightning","Unceasing Top","Snake Skull","Happy Flower"],"potions_floor_usage":[6,10,18,21,21,29,29,29,30,30,33,50,55],"damage_taken":[{"damage":0,"enemies":"Jaw Worm","floor":1,"turns":7},{"damage":0,"enemies":"2 Louse","floor":3,"turns":3},{"damage":0,"enemies":"Small Slimes","floor":4,"turns":2},{"damage":7,"enemies":"3 Louse","floor":5,"turns":5},{"damage":43,"enemies":"3 Sentries","floor":6,"turns":15},{"damage":1,"enemies":"2 Fungi Beasts","floor":7,"turns":4},{"damage":11,"enemies":"Gremlin Nob","floor":10,"turns":4},{"damage":1,"enemies":"Blue Slaver","floor":12,"turns":3},{"damage":0,"enemies":"3 Louse","floor":14,"turns":1},{"damage":15,"enemies":"The Guardian","floor":16,"turns":14},{"damage":0,"enemies":"3 Byrds","floor":18,"turns":2},{"damage":2,"enemies":"Chosen","floor":20,"turns":6},{"damage":11,"enemies":"Colosseum Slavers","floor":21,"turns":4},{"damage":13,"enemies":"Colosseum Nobs","floor":21,"turns":3},{"damage":27,"enemies":"Book of Stabbing","floor":23,"turns":8},{"damage":1,"enemies":"Snake Plant","floor":27,"turns":6},{"damage":0,"enemies":"Snecko","floor":29,"turns":3},{"damage":10,"enemies":"Slavers","floor":30,"turns":3},{"damage":0,"enemies":"Shelled Parasite and Fungi","floor":31,"turns":5},{"damage":23,"enemies":"Collector","floor":33,"turns":7},{"damage":0,"enemies":"3 Darklings","floor":35,"turns":3},{"damage":10,"enemies":"Mind Bloom Boss Battle","floor":37,"turns":8},{"damage":0,"enemies":"3 Shapes","floor":38,"turns":4},{"damage":6,"enemies":"Spire Growth","floor":39,"turns":5},{"damage":9,"enemies":"Giant Head","floor":40,"turns":10},{"damage":5,"enemies":"Transient","floor":41,"turns":5},{"damage":3,"enemies":"Nemesis","floor":42,"turns":9},{"damage":5,"enemies":"4 Shapes","floor":45,"turns":3},{"damage":17,"enemies":"Donu and Deca","floor":50,"turns":7},{"damage":0,"enemies":"Shield and Spear","floor":54,"turns":5},{"damage":57,"enemies":"The Heart","floor":55,"turns":11}],"seed_played":"-3211617893451267311","potions_obtained":[{"floor":3,"key":"SkillPotion"},{"floor":6,"key":"Explosive Potion"},{"floor":7,"key":"SteroidPotion"},{"floor":10,"key":"Fire Potion"},{"floor":18,"key":"FearPotion"},{"floor":20,"key":"Poison Potion"},{"floor":23,"key":"FearPotion"},{"floor":29,"key":"Fruit Juice"},{"floor":31,"key":"Poison Potion"},{"floor":38,"key":"Energy Potion"},{"floor":40,"key":"SneckoOil"},{"floor":45,"key":"EssenceOfSteel"}],"is_trial":false,"path_per_floor":["M","?","M","M","M","E","M","R","T","E","R","M","T","M","R","B",null,"M","?","M","?","?","E","?","R","T","M","$","M","E","M","R","B",null,"M","$","?","M","M","E","M","E","T","R","M","?","T","$","R","B",null,"R","$","E","B",null],"character_chosen":"THE_SILENT","items_purchased":["Paper Crane","EntropicBrew","Noxious Fumes","PiercingWail","Anchor","Snake Skull","Cloak And Dagger","Poison Potion"],"campfire_rested":6,"item_purchase_floors":[28,28,28,36,36,48,48,48],"current_hp_per_floor":[70,65,65,65,62,23,26,45,45,38,38,41,41,45,45,34,65,65,65,65,45,45,27,48,65,65,65,65,65,65,70,70,52,70,70,70,70,72,73,72,78,80,80,80,80,80,80,80,80,63,80,80,80,82,31],"gold":43,"neow_bonus":"RANDOM_COLORLESS_2","is_prod":false,"is_daily":false,"chose_seed":false,"campfire_upgraded":1,"win_rate":0,"timestamp":1542066105,"path_taken":["M","?","M","M","M","E","M","R","T","E","R","M","?","?","R","BOSS","M","?","M","?","?","E","?","R","T","M","$","M","E","M","R","BOSS","M","$","?","M","M","E","M","E","T","R","M","?","?","$","R","BOSS","R","$","E","BOSS"],"build_version":"2018-11-08","purchased_purges":2,"victory":true,"max_hp_per_floor":[70,65,65,65,65,65,65,65,65,65,65,65,65,65,65,65,65,65,65,65,65,65,65,65,65,65,65,65,65,70,70,70,70,70,70,70,70,72,74,76,78,80,80,80,80,80,80,80,80,80,80,80,80,82,82],"card_choices":[{"not_picked":["PiercingWail","Deflect"],"picked":"Dagger Spray","floor":1},{"not_picked":["Calculated Gamble","Bouncing Flask"],"picked":"Cloak And Dagger","floor":3},{"not_picked":["Tactician","Dagger Throw"],"picked":"Skewer","floor":4},{"not_picked":["Quick Slash","Deflect"],"picked":"Leg Sweep","floor":5},{"not_picked":["Dagger Spray","Acrobatics"],"picked":"Envenom","floor":6},{"not_picked":["Setup","Dagger Throw"],"picked":"Dodge and Roll","floor":7},{"not_picked":["Flechettes","Underhanded Strike"],"picked":"Die Die Die","floor":10},{"not_picked":["Setup","Poisoned Stab"],"picked":"Infinite Blades","floor":12},{"not_picked":["Underhanded Strike","Deflect"],"picked":"Distraction","floor":14},{"not_picked":["Envenom","Storm of Steel"],"picked":"Corpse Explosion","floor":16},{"not_picked":["Quick Slash","All Out Attack"],"picked":"Escape Plan","floor":18},{"not_picked":["Dodge and Roll","Prepared"],"picked":"Backflip","floor":20},{"not_picked":["Predator","Escape Plan"],"picked":"Accuracy","floor":21},{"not_picked":["Poisoned Stab+1","Dash"],"picked":"Dodge and Roll+1","floor":23},{"not_picked":["Acrobatics","All Out Attack"],"picked":"PiercingWail+1","floor":27},{"not_picked":["Night Terror","Underhanded Strike"],"picked":"Catalyst+1","floor":29},{"not_picked":["Finisher","Unload"],"picked":"Leg Sweep","floor":30},{"not_picked":["Backflip","PiercingWail"],"picked":"Finisher+1","floor":31},{"not_picked":["Storm of Steel","Glass Knife"],"picked":"Adrenaline","floor":33},{"not_picked":["PiercingWail+1","Prepared"],"picked":"Blur+1","floor":35},{"not_picked":["Bane+1","Deadly Poison"],"picked":"Backflip+1","floor":37},{"not_picked":["Dodge and Roll","Infinite Blades+1","Slice+1"],"picked":"Singing Bowl","floor":38},{"not_picked":["Endless Agony+1","Acrobatics+1","Underhanded Strike"],"picked":"Singing Bowl","floor":39},{"not_picked":["Backflip","Concentrate+1","Prepared+1"],"picked":"Singing Bowl","floor":40},{"not_picked":["Calculated Gamble","Acrobatics","Dodge and Roll+1"],"picked":"Singing Bowl","floor":41},{"not_picked":["Storm of Steel","Heel Hook","Riddle With Holes"],"picked":"Singing Bowl","floor":42},{"not_picked":["Skewer","Acrobatics+1"],"picked":"Crippling Poison+1","floor":45},{"not_picked":["Dagger Throw+1","Endless Agony","Finisher"],"picked":"Singing Bowl","floor":54}],"player_experience":914757,"relics_obtained":[{"floor":6,"key":"Gambling Chip"},{"floor":9,"key":"Centennial Puzzle"},{"floor":10,"key":"Regal Pillow"},{"floor":13,"key":"Pen Nib"},{"floor":21,"key":"Thread and Needle"},{"floor":21,"key":"Singing Bowl"},{"floor":23,"key":"Dodecahedron"},{"floor":26,"key":"War Paint"},{"floor":30,"key":"Omamori"},{"floor":37,"key":"Turnip"},{"floor":40,"key":"Pantograph"},{"floor":42,"key":"Bottled Lightning"},{"floor":47,"key":"Unceasing Top"},{"floor":54,"key":"Happy Flower"}],"event_choices":[{"damage_healed":0,"gold_gain":0,"player_choice":"Lose Max HP","damage_taken":0,"relics_obtained":["Golden Idol"],"max_hp_gain":0,"max_hp_loss":5,"event_name":"Golden Idol","floor":2,"gold_loss":0},{"damage_healed":0,"gold_gain":0,"player_choice":"Opened","damage_taken":0,"relics_obtained":["Orichalcum"],"max_hp_gain":0,"max_hp_loss":0,"event_name":"The Mausoleum","floor":19,"gold_loss":0,"cards_obtained":["Writhe"]},{"damage_healed":0,"gold_gain":0,"player_choice":"Fight","damage_taken":0,"max_hp_gain":0,"max_hp_loss":0,"event_name":"Colosseum","floor":21,"gold_loss":0},{"damage_healed":0,"gold_gain":0,"player_choice":"Fought Nobs","damage_taken":0,"max_hp_gain":0,"max_hp_loss":0,"event_name":"Colosseum","floor":21,"gold_loss":0},{"damage_healed":0,"gold_gain":0,"player_choice":"Gave Idol","damage_taken":0,"relics_obtained":["Bloody Idol"],"max_hp_gain":0,"max_hp_loss":0,"event_name":"Forgotten Altar","floor":22,"relics_lost":["Golden Idol"],"gold_loss":0},{"damage_healed":21,"gold_gain":0,"player_choice":"Heal","damage_taken":0,"max_hp_gain":0,"max_hp_loss":0,"event_name":"The Library","floor":24,"gold_loss":0},{"damage_healed":0,"gold_gain":0,"player_choice":"Fight","damage_taken":0,"max_hp_gain":0,"max_hp_loss":0,"event_name":"MindBloom","floor":37,"gold_loss":0},{"cards_removed":["Strike_G"],"damage_healed":0,"gold_gain":0,"player_choice":"Removed Attack","damage_taken":0,"max_hp_gain":0,"max_hp_loss":0,"event_name":"Falling","floor":46,"gold_loss":0}],"is_beta":true,"boss_relics":[{"not_picked":["Empty Cage","Runic Pyramid"],"picked":"Fusion Hammer"},{"not_picked":["HoveringKite","Pandora\u0027s Box"],"picked":"Velvet Choker"}],"items_purged_floors":[28,36],"is_endless":false,"potions_floor_spawned":[3,6,7,10,18,20,23,29,31,38,40,45],"ascension_level":1}