{"gold_per_floor":[215,290,310,322,336,364,364,379,379,7,17,17,17,42,42,163,163,176,101,126,8,31,31,45,45,45,45,64,80,80,37,37,167,167,186,204,219,219,237,237,252,17,17,17,17,31,70,124,124,124,124,124,1,41,41],"floor_reached":56,"playtime":4363,"items_purged":[],"score":1290,"play_id":"b12ec0dd-f1a4-40b7-ac4a-344facb420c9","local_time":"20181231184645","is_ascension_mode":false,"campfire_choices":[{"data":"Uppercut","floor":7,"key":"SMITH"},{"floor":13,"key":"REST"},{"data":"Feel No Pain","floor":15,"key":"SMITH"},{"data":"Barricade","floor":23,"key":"SMITH"},{"data":"Corruption","floor":25,"key":"SMITH"},{"floor":30,"key":"REST"},{"data":"Armaments","floor":32,"key":"SMITH"},{"data":"Fiend Fire","floor":40,"key":"SMITH"},{"floor":44,"key":"DIG"},{"floor":49,"key":"RECALL"},{"floor":52,"key":"DIG"}],"neow_cost":"NONE","seed_source_timestamp":96861373386648,"circlet_count":0,"master_deck":["Strike_R","Strike_R","Strike_R","Strike_R","Defend_R","Defend_R","Defend_R","Defend_R","True Grit","Uppercut+1","Battle Trance","Pommel Strike","Havoc","Anger","Corruption+1","Shockwave","Whirlwind","Warcry","Feel No Pain+1","Barricade+1","Armaments+1","Battle Trance","Armaments+1","Pommel Strike+1","Armaments","Seeing Red","Flame Barrier","Shockwave","Havoc","Fiend Fire+1","Bloodletting","Entrench+1","Dark Embrace","Feed","Disarm","Havoc+1","Rage","Warcry","Disarm"],"relics":["Burning Blood","Dead Branch","Orichalcum","Membership Card","Golden Idol","Sozu","OrangePellets","Snecko Eye","Shovel","Unceasing Top","Bag of Marbles","Pantograph","Dream Catcher","Ornamental Fan","Lantern","Art of War"],"potions_floor_usage":[6,6,8,27,55],"damage_taken":[{"damage":1,"enemies":"Cultist","floor":1,"turns":3},{"damage":5,"enemies":"Small Slimes","floor":3,"turns":5},{"damage":0,"enemies":"2 Louse","floor":4,"turns":3},{"damage":5,"enemies":"Red Slaver","floor":5,"turns":4},{"damage":45,"enemies":"Lagavulin","floor":6,"turns":7},{"damage":5,"enemies":"Looter","floor":8,"turns":3},{"damage":12,"enemies":"Exordium Wildlife","floor":11,"turns":5},{"damage":5,"enemies":"Lots of Slimes","floor":14,"turns":3},{"damage":59,"enemies":"Hexaghost","floor":16,"turns":12},{"damage":11,"enemies":"2 Thieves","floor":18,"turns":3},{"damage":7,"enemies":"Shell Parasite","floor":20,"turns":6},{"damage":11,"enemies":"Centurion and Healer","floor":22,"turns":6},{"damage":15,"enemies":"Shelled Parasite and Fungi","floor":24,"turns":3},{"damage":3,"enemies":"Snecko","floor":27,"turns":3},{"damage":18,"enemies":"Snake Plant","floor":28,"turns":5},{"damage":10,"enemies":"Chosen and Byrds","floor":29,"turns":6},{"damage":0,"enemies":"Collector","floor":33,"turns":9},{"damage":0,"enemies":"Orb Walker","floor":35,"turns":4},{"damage":4,"enemies":"3 Shapes","floor":36,"turns":3},{"damage":9,"enemies":"3 Darklings","floor":37,"turns":3},{"damage":3,"enemies":"Sphere and 2 Shapes","floor":39,"turns":3},{"damage":3,"enemies":"Jaw Worm Horde","floor":41,"turns":3},{"damage":7,"enemies":"4 Shapes","floor":46,"turns":5},{"damage":45,"enemies":"Reptomancer","floor":47,"turns":4},{"damage":26,"enemies":"Awakened One","floor":50,"turns":6},{"damage":3,"enemies":"Shield and Spear","floor":54,"turns":6},{"damage":24,"enemies":"The Heart","floor":55,"turns":8}],"seed_played":"4590233097425073772","potions_obtained":[{"floor":1,"key":"EntropicBrew"},{"floor":4,"key":"Ancient Potion"},{"floor":6,"key":"SmokeBomb"},{"floor":14,"key":"SpeedPotion"}],"is_trial":false,"path_per_floor":["M","?","M","M","M","E","R","M","T","$","M","?","R","M","R","B",null,"M","?","M","$","M","R","M","R","T","M","M","M","R","$","R","B",null,"M","M","M","?","M","R","M","$","T","R","?","M","E","T","R","B",null,"R","$","E","B",null],"character_chosen":"IRONCLAD","items_purchased":["Corruption","Shockwave","Membership Card","Whirlwind","Armaments","OrangePellets","Shockwave","Havoc","Shovel","Feed","Lantern","Rage","Warcry"],"campfire_rested":2,"item_purchase_floors":[10,10,10,10,21,21,31,31,42,42,53,53,53],"current_hp_per_floor":[80,72,73,79,80,41,41,50,50,50,44,44,66,67,67,14,74,69,69,68,68,63,63,54,54,54,57,45,41,63,63,63,69,74,74,74,71,71,74,74,74,74,74,74,74,76,37,37,37,46,81,81,81,81,63],"gold":41,"neow_bonus":"HUNDRED_GOLD","is_prod":false,"is_daily":false,"chose_seed":false,"campfire_upgraded":6,"win_rate":0,"timestamp":1546300005,"path_taken":["M","?","M","M","M","E","R","?","T","$","M","?","R","M","R","BOSS","M","?","M","$","M","R","M","R","T","M","M","M","R","$","R","BOSS","M","M","M","?","M","R","?","$","T","R","?","M","E","?","R","BOSS","R","$","E","BOSS"],"build_version":"2018-12-25","purchased_purges":0,"victory":true,"max_hp_per_floor":[80,80,80,80,80,80,80,80,80,80,80,74,74,74,74,74,74,74,74,74,74,74,74,74,74,74,74,74,74,74,74,74,74,74,74,74,74,74,74,74,74,74,74,74,74,77,77,77,77,81,81,81,81,81,81],"card_choices":[{"not_picked":["Second Wind","Iron Wave"],"picked":"True Grit","floor":1},{"not_picked":["Heavy Blade","Intimidate"],"picked":"Uppercut","floor":3},{"not_picked":["Clash","Wild Strike"],"picked":"Battle Trance","floor":4},{"not_picked":["Seeing Red","Carnage"],"picked":"Pommel Strike","floor":5},{"not_picked":["Heavy Blade","Berserk"],"picked":"Havoc","floor":6},{"not_picked":["Hemokinesis","Dual Wield"],"picked":"Anger","floor":8},{"not_picked":["Fire Breathing","Havoc"],"picked":"Warcry","floor":11},{"not_picked":["Rampage","Entrench"],"picked":"Feel No Pain","floor":14},{"not_picked":["Berserk","Juggernaut"],"picked":"Barricade","floor":16},{"not_picked":["Whirlwind","Corruption"],"picked":"Armaments+1","floor":18},{"not_picked":["Evolve","Havoc"],"picked":"Battle Trance","floor":20},{"not_picked":["Iron Wave","Cleave"],"picked":"Pommel Strike+1","floor":22},{"not_picked":["Wild Strike+1","Burning Pact"],"picked":"Armaments","floor":24},{"not_picked":["Pommel Strike","Sword Boomerang"],"picked":"Seeing Red","floor":28},{"not_picked":["Headbutt","Flex"],"picked":"Flame Barrier","floor":29},{"not_picked":["Dark Embrace","Brutality"],"picked":"Fiend Fire","floor":33},{"not_picked":["Uppercut+1","Flex"],"picked":"Bloodletting","floor":35},{"not_picked":["Twin Strike","Heavy Blade+1","Pommel Strike"],"picked":"SKIP","floor":36},{"not_picked":["Searing Blow+1","Iron Wave","Sword Boomerang+1"],"picked":"SKIP","floor":37},{"not_picked":["Hemokinesis","Dual Wield"],"picked":"Entrench+1","floor":39},{"not_picked":["Sentinel+1","Shrug It Off+1"],"picked":"Dark Embrace","floor":41},{"not_picked":["Searing Blow+1","Rage"],"picked":"Disarm","floor":46},{"not_picked":["Clothesline","Power Through"],"picked":"Havoc+1","floor":47},{"not_picked":["Warcry+1","Evolve"],"picked":"Disarm","floor":54}],"player_experience":1116318,"relics_obtained":[{"floor":6,"key":"Dead Branch"},{"floor":9,"key":"Orichalcum"},{"floor":43,"key":"Unceasing Top"},{"floor":44,"key":"Bag of Marbles"},{"floor":47,"key":"Pantograph"},{"floor":48,"key":"Dream Catcher"},{"floor":52,"key":"Ornamental Fan"},{"floor":54,"key":"Art of War"}],"event_choices":[{"damage_healed":0,"gold_gain":75,"player_choice":"Touch","damage_taken":8,"max_hp_gain":0,"max_hp_loss":0,"event_name":"FaceTrader","floor":2,"gold_loss":0},{"damage_healed":0,"gold_gain":0,"player_choice":"Lose Max HP","damage_taken":0,"relics_obtained":["Golden Idol"],"max_hp_gain":0,"max_hp_loss":6,"event_name":"Golden Idol","floor":12,"gold_loss":0},{"cards_removed":["Strike_R"],"damage_healed":0,"gold_gain":0,"player_choice":"Gave Gold","damage_taken":0,"max_hp_gain":0,"max_hp_loss":0,"event_name":"Beggar","floor":19,"gold_loss":75},{"damage_healed":0,"gold_gain":0,"player_choice":"Ignored","damage_taken":0,"max_hp_gain":0,"max_hp_loss":0,"event_name":"SecretPortal","floor":38,"gold_loss":0},{"cards_removed":["Bash"],"damage_healed":0,"gold_gain":0,"player_choice":"Removed Attack","damage_taken":0,"max_hp_gain":0,"max_hp_loss":0,"event_name":"Falling","floor":45,"gold_loss":0}],"is_beta":true,"boss_relics":[{"not_picked":["Black Blood","Calling Bell"],"picked":"Sozu"},{"not_picked":["Lizard Tail","Velvet Choker"],"picked":"Snecko Eye"}],"items_purged_floors":[],"is_endless":false,"potions_floor_spawned":[1,4,6,14,20,27,36,37,39],"ascension_level":0}