{"path_per_floor":["M","M","M","$","M","R","M","R","T","R","E","?","E","M","R","B",null,"M","?","M","$","M","R","M","M","T","M","R","M","?","M","R"],"character_chosen":"IRONCLAD","items_purchased":["Shrug It Off","Metallicize","Dual Wield","Pen Nib"],"gold_per_floor":[211,231,249,89,104,104,117,117,163,163,198,198,232,243,243,342,342,362,362,379,101,120,120,134,151,151,165,165,175,175,188,188],"floor_reached":33,"campfire_rested":2,"playtime":1752,"current_hp_per_floor":[80,80,77,77,79,79,77,77,77,77,80,80,69,73,73,47,80,67,67,63,63,62,62,37,34,34,36,60,59,59,61,80],"items_purged":["Strike_R","Defend_R"],"gold":188,"score":288,"play_id":"42cfefe5-77e9-4d28-b5d0-c0e1ad88085d","local_time":"20180310153215","is_prod":false,"is_daily":false,"is_ascension_mode":false,"campfire_upgraded":5,"timestamp":1520713935,"path_taken":["M","M","M","$","M","R","M","R","T","R","E","?","E","M","R","BOSS","M","?","?","$","M","R","M","M","T","M","R","M","?","M","R","BOSS"],"build_version":"2018-03-09","purchased_purges":2,"victory":false,"master_deck":["Strike_R","Strike_R","Strike_R","Defend_R","Defend_R","Bash","Rampage+1","Spot Weakness","Cleave+1","Shrug It Off+1","Metallicize+1","Disarm","Offering","Rampage+1","Dual Wield","Armaments+1","Anger+1","Infernal Blade+1","Metallicize+1","Immolate"],"max_hp_per_floor":[80,80,80,80,80,80,80,80,80,80,80,80,80,80,80,80,80,80,80,80,80,80,80,80,80,80,80,80,80,80,80,80],"relics":["Burning Blood","Orichalcum","Bottled Lightning","Gremlin Horn","Black Star","Pen Nib","Champion Belt"],"card_choices":[{"not_picked":["Havoc","Cleave"],"picked":"Rampage"},{"not_picked":["Clothesline","Limit Break"],"picked":"Spot Weakness"},{"not_picked":["Body Slam","Evolve"],"picked":"Cleave"},{"not_picked":["Clash","Searing Blow"],"picked":"Disarm"},{"not_picked":["Demon Form","Fiend Fire"],"picked":"Offering"},{"not_picked":["Heavy Blade","Infernal Blade"],"picked":"Armaments"},{"not_picked":["Iron Wave","Wild Strike"],"picked":"Anger"},{"not_picked":["Spot Weakness","Reckless Charge"],"picked":"Infernal Blade"},{"not_picked":["Twin Strike","Rupture"],"picked":"Metallicize"}],"player_experience":507784,"potions_floor_usage":[16,16,25,27,31,33,33],"damage_taken":[{"damage":5,"enemies":"Small Slimes","floor":1,"turns":5},{"damage":5,"enemies":"Cultist","floor":2,"turns":4},{"damage":9,"enemies":"2 Louse","floor":3,"turns":3},{"damage":4,"enemies":"Looter","floor":5,"turns":5},{"damage":8,"enemies":"Lots of Slimes","floor":7,"turns":3},{"damage":0,"enemies":"3 Sentries","floor":11,"turns":6},{"damage":17,"enemies":"Lagavulin","floor":13,"turns":6},{"damage":2,"enemies":"2 Fungi Beasts","floor":14,"turns":2},{"damage":32,"enemies":"Slime Boss","floor":16,"turns":9},{"damage":19,"enemies":"2 Thieves","floor":18,"turns":3},{"damage":10,"enemies":"Shell Parasite","floor":20,"turns":5},{"damage":7,"enemies":"Snecko","floor":22,"turns":6},{"damage":31,"enemies":"3 Cultists","floor":24,"turns":5},{"damage":9,"enemies":"Snake Plant","floor":25,"turns":5},{"damage":4,"enemies":"Centurion and Healer","floor":27,"turns":6},{"damage":7,"enemies":"3 Cultists","floor":29,"turns":5},{"damage":4,"enemies":"Snecko","floor":31,"turns":7},{"damage":95,"enemies":"Champ","floor":33,"turns":12}],"event_choices":[{"event_name":"Bonfire Elementals","player_choice":"BASIC","floor":12,"damage_taken":0},{"event_name":"Duplicator","player_choice":"One dupe","floor":19,"damage_taken":0},{"event_name":"Transmorgrifier","player_choice":"Transform","floor":30,"damage_taken":0}],"boss_relics":[{"not_picked":["Runic Cube","White Beast Statue"],"picked":"Black Star"}],"potions_floor_spawned":[2,5,13,14,16,25,27,29],"seed_played":"8353938503966450657","killed_by":"Champ","ascension_level":0,"is_trial":false}