{"path_per_floor":["M","?","$","M","?","R","E","?","T","M","?","R","E","M","R","B",null,"M","M","$","?","M","E","R","E","T","M","R","M","M","M","R","B",null,"M","$","?","$","?","E","R","E","T","M","M","R","E","M","R","B"],"character_chosen":"IRONCLAD","items_purchased":["Thread and Needle","Body Slam","Lantern"],"gold_per_floor":[363,363,49,63,63,63,98,98,124,144,214,214,253,271,271,392,392,332,332,110,110,110,110,110,110,110,110,110,110,110,110,110,110,110,110,10,10,10,10,10,10,10,10,10,10,10,10,10,10,10],"floor_reached":51,"campfire_rested":5,"playtime":2848,"current_hp_per_floor":[69,51,51,53,53,53,37,37,37,36,45,45,35,41,62,34,72,61,56,56,56,53,16,37,32,32,36,57,63,55,61,61,64,72,72,72,72,72,72,72,72,72,72,61,72,72,72,72,72,64],"items_purged":["Injury","Evolve"],"gold":10,"score":1019,"play_id":"30b53818-07e2-4bdb-97c5-58fb015160e3","local_time":"20180318214616","is_prod":false,"is_daily":false,"is_ascension_mode":true,"campfire_upgraded":4,"timestamp":1521423976,"path_taken":["M","?","$","M","?","R","E","?","T","M","?","R","E","M","R","BOSS","M","?","?","?","M","E","R","E","T","M","R","M","M","?","R","BOSS","M","$","?","?","?","E","R","E","T","?","M","R","E","M","R","BOSS"],"build_version":"2018-03-15v3","purchased_purges":2,"victory":true,"master_deck":["Bash+1","Shockwave+1","Body Slam+1","Heavy Blade+1","Entrench+1","Inflame+1","True Grit+1","Seeing Red+1","Sentinel+1","Limit Break+1","True Grit+1","Ghostly Armor+1","Spot Weakness+1","Cleave+1","Battle Trance+1","Heavy Blade+1","Rage+1","Body Slam+1","Dual Wield+1","Double Tap+1","Iron Wave+1","True Grit+1","Flex+1","Heavy Blade+1","Body Slam+1","Iron Wave+1","Armaments+1","Twin Strike+1","Battle Trance+1","Body Slam+1","Reaper+1","Thunderclap+1","Heavy Blade+1","Clash+1","Headbutt+1","Iron Wave+1","Demon Form+1"],"max_hp_per_floor":[72,72,72,72,72,72,72,72,72,72,72,72,72,72,72,72,72,72,72,72,72,72,72,72,72,72,72,72,72,72,72,72,72,72,72,72,72,72,72,72,72,72,72,72,72,72,72,72,72,72],"relics":["Burning Blood","Toxic Egg 2","Thread and Needle","Bloody Idol","Red Skull","Vajra","Frozen Egg 2","Bottled Tornado","Ectoplasm","Lantern","Molten Egg 2","Dream Catcher","Art of War","Pandora\u0027s Box","Magic Flower","Calipers","Ice Cream","Whetstone","Blue Candle"],"card_choices":[{"not_picked":["Immolate","Sentinel"],"picked":"Shockwave"},{"not_picked":["Corruption","Second Wind"],"picked":"Heavy Blade"},{"not_picked":["Sentinel","Wild Strike"],"picked":"Entrench"},{"not_picked":["Thunderclap","Wild Strike"],"picked":"Inflame"},{"not_picked":["Clothesline","Dual Wield"],"picked":"True Grit"},{"not_picked":["Searing Blow","Perfected Strike"],"picked":"Seeing Red"},{"not_picked":["Immolate","Anger"],"picked":"Sentinel"},{"not_picked":["Demon Form","Juggernaut"],"picked":"Limit Break"},{"not_picked":["Second Wind","Anger"],"picked":"True Grit"},{"not_picked":["Iron Wave","Thunderclap"],"picked":"Ghostly Armor"},{"not_picked":["Inflame","Iron Wave"],"picked":"Berserk"},{"not_picked":["Clash","Reckless Charge"],"picked":"Spot Weakness"},{"not_picked":["Blood for Blood","Clash"],"picked":"Cleave"},{"not_picked":["Perfected Strike","Whirlwind"],"picked":"Battle Trance"},{"not_picked":["Inflame","Armaments"],"picked":"Heavy Blade"},{"not_picked":["Second Wind","Shrug It Off"],"picked":"Rage"},{"not_picked":["Havoc","Sever Soul"],"picked":"Body Slam"},{"not_picked":["Twin Strike","Sever Soul"],"picked":"Dual Wield"},{"not_picked":["Berserk","Juggernaut"],"picked":"Double Tap"},{"not_picked":["Wild Strike","Sentinel"],"picked":"Battle Trance"},{"not_picked":["Clothesline","Twin Strike"],"picked":"Body Slam"},{"not_picked":["Blood for Blood","Warcry"],"picked":"Reaper"},{"not_picked":["Spot Weakness","Armaments"],"picked":"Thunderclap"},{"not_picked":["Burning Pact","Pummel"],"picked":"Heavy Blade"},{"not_picked":["Havoc","Thunderclap"],"picked":"Clash"},{"not_picked":["Offering","Pommel Strike"],"picked":"Headbutt"},{"not_picked":["Armaments","Battle Trance"],"picked":"Iron Wave"},{"not_picked":["Feel No Pain","Twin Strike"],"picked":"Demon Form"}],"player_experience":598935,"potions_floor_usage":[7,11,11,13,16,23,25,27,31,33,40,47,50,50],"damage_taken":[{"damage":9,"enemies":"Jaw Worm","floor":1,"turns":4},{"damage":4,"enemies":"2 Louse","floor":4,"turns":4},{"damage":22,"enemies":"3 Sentries","floor":7,"turns":9},{"damage":7,"enemies":"Small Slimes","floor":10,"turns":3},{"damage":6,"enemies":"Gremlin Nob","floor":11,"turns":4},{"damage":16,"enemies":"Lagavulin","floor":13,"turns":5},{"damage":0,"enemies":"2 Fungi Beasts","floor":14,"turns":2},{"damage":34,"enemies":"Slime Boss","floor":16,"turns":12},{"damage":17,"enemies":"2 Thieves","floor":18,"turns":4},{"damage":11,"enemies":"Chosen","floor":19,"turns":6},{"damage":9,"enemies":"Snecko","floor":22,"turns":5},{"damage":43,"enemies":"Gremlin Leader","floor":23,"turns":7},{"damage":11,"enemies":"Book of Stabbing","floor":25,"turns":5},{"damage":2,"enemies":"Cultist and Chosen","floor":27,"turns":4},{"damage":0,"enemies":"Centurion and Healer","floor":29,"turns":5},{"damage":14,"enemies":"Snake Plant","floor":30,"turns":3},{"damage":0,"enemies":"Slaver and Parasite","floor":31,"turns":4},{"damage":3,"enemies":"Champ","floor":33,"turns":7},{"damage":0,"enemies":"3 Shapes","floor":35,"turns":3},{"damage":1,"enemies":"Mysterious Sphere","floor":37,"turns":3},{"damage":1,"enemies":"Giant Head","floor":40,"turns":6},{"damage":7,"enemies":"Nemesis","floor":42,"turns":3},{"damage":20,"enemies":"3 Darklings","floor":44,"turns":3},{"damage":0,"enemies":"Maw","floor":45,"turns":5},{"damage":0,"enemies":"2 Orb Walkers","floor":47,"turns":3},{"damage":8,"enemies":"Sphere and 2 Shapes","floor":48,"turns":3},{"damage":22,"enemies":"Time Eater","floor":50,"turns":5}],"event_choices":[{"event_name":"Scrap Ooze","player_choice":"success","floor":2,"damage_taken":18},{"event_name":"Golden Idol","player_choice":"Take Wound","floor":5,"damage_taken":0},{"event_name":"The Lab","player_choice":"Got Potions","floor":8,"damage_taken":0},{"event_name":"Dead Adventurer","player_choice":"Searched \u00271\u0027 times","floor":11,"damage_taken":0},{"event_name":"Forgotten Altar","player_choice":"Gave Idol","floor":21,"damage_taken":0},{"event_name":"Mysterious Sphere","player_choice":"Fight","floor":37,"damage_taken":0}],"boss_relics":[{"not_picked":["Eternal Feather","Black Star"],"picked":"Ectoplasm"},{"not_picked":["Runic Pyramid","Orrery"],"picked":"Pandora\u0027s Box"}],"potions_floor_spawned":[1,10,14,16,19,23,29,30,37,42,44,47],"seed_played":"1223902971924549406","ascension_level":4,"is_trial":false}