{"path_per_floor":["M","?","?","?","$","E","R","E","T","M","M","$","T","M","R","B",null,"M","?","M","M","M","?","R","M","T","M","$","R","?","E","R","B",null,"M","$","?","$","?","R","M","M","T","R","M","?","E","?","R","B"],"character_chosen":"THE_SILENT","items_purchased":["Setup","Cloak And Dagger","Backflip","Good Instincts"],"gold_per_floor":[218,218,178,178,64,99,99,133,133,151,162,14,14,25,25,130,130,147,147,159,169,183,183,183,195,242,256,108,108,108,134,134,232,232,245,6,6,6,6,6,18,30,87,87,106,0,328,328,328,328],"floor_reached":51,"campfire_rested":5,"playtime":7625,"current_hp_per_floor":[70,75,75,60,60,53,53,49,49,50,52,52,52,56,75,71,75,69,69,61,42,17,17,39,4,4,9,9,31,56,28,50,40,75,52,52,43,43,43,43,47,35,35,35,41,41,35,35,57,26],"items_purged":["Strike_G","Strike_G","Strike_G","Strike_G"],"gold":328,"score":603,"play_id":"c18cab4a-20ea-4f20-8ac4-3474b029569c","local_time":"20180304155901","is_prod":false,"is_daily":false,"is_ascension_mode":true,"campfire_upgraded":3,"timestamp":1520197141,"path_taken":["M","?","?","?","?","E","R","E","T","?","M","$","?","M","R","BOSS","M","?","M","M","M","?","R","?","T","M","$","R","?","E","R","BOSS","M","$","?","?","?","R","M","M","T","R","M","?","E","?","R","BOSS"],"build_version":"2018-03-01-PROD1","purchased_purges":4,"victory":true,"master_deck":["Defend_G","Defend_G","Defend_G+1","Defend_G","Strike_G+1","Survivor","Neutralize+1","Poisoned Stab","Setup","Noxious Fumes+1","After Image+1","Cloak And Dagger","Poisoned Stab+1","PiercingWail","Cloak And Dagger","Blur","Footwork+1","Heel Hook","Backflip","Escape Plan+1","Adrenaline","Dodge and Roll+1","Good Instincts","Madness","Bouncing Flask","Blur+1","Bouncing Flask+1","Die Die Die"],"max_hp_per_floor":[70,75,75,75,75,75,75,75,75,75,75,75,75,75,75,75,75,75,75,75,75,75,75,75,75,75,75,75,75,75,75,75,75,75,75,75,75,75,75,75,75,75,75,75,75,75,75,75,75,75],"relics":["Ring of the Snake","Bag of Preparation","Snake Skull","Bird Faced Urn","Peace Pipe","Black Star","Pen Nib","Bag of Marbles","Ancient Tea Set","Orichalcum","Runic Pyramid","Tiny Chest","Red Mask","Old Coin","Ice Cream"],"card_choices":[{"not_picked":["Sucker Punch","Underhanded Strike"],"picked":"Poisoned Stab"},{"not_picked":["Crippling Poison","Masterful Stab"],"picked":"Noxious Fumes"},{"not_picked":["Acrobatics","Escape Plan"],"picked":"After Image"},{"not_picked":["Quick Slash","Dodge and Roll"],"picked":"Poisoned Stab"},{"not_picked":["Quick Slash","Poisoned Stab"],"picked":"PiercingWail"},{"not_picked":["Flying Knee","Concentrate"],"picked":"Cloak And Dagger"},{"not_picked":["Cloak And Dagger","Flechettes"],"picked":"Blur"},{"not_picked":["Sucker Punch","Bane"],"picked":"Footwork"},{"not_picked":["Reflex","Night Terror"],"picked":"Heel Hook"},{"not_picked":["Slice","Cloak And Dagger"],"picked":"Escape Plan"},{"not_picked":["After Image","Grand Finale"],"picked":"Adrenaline"},{"not_picked":["Underhanded Strike","Flechettes"],"picked":"Dodge and Roll"},{"not_picked":["Slice","Dagger Spray"],"picked":"Bouncing Flask"},{"not_picked":["Accuracy","Bane"],"picked":"Blur"},{"not_picked":["Noxious Fumes","Poisoned Stab"],"picked":"Bouncing Flask"},{"not_picked":["Bouncing Flask","Footwork"],"picked":"Die Die Die"}],"player_experience":389848,"potions_floor_usage":[6,8,16,16,18,20,27,31,33,45,50],"damage_taken":[{"damage":0,"enemies":"Cultist","floor":1,"turns":5},{"damage":7,"enemies":"3 Sentries","floor":6,"turns":12},{"damage":13,"enemies":"Lagavulin","floor":8,"turns":7},{"damage":3,"enemies":"Jaw Worm","floor":10,"turns":5},{"damage":0,"enemies":"Small Slimes","floor":11,"turns":4},{"damage":0,"enemies":"Exordium Wildlife","floor":14,"turns":3},{"damage":4,"enemies":"The Guardian","floor":16,"turns":9},{"damage":6,"enemies":"3 Byrds","floor":18,"turns":5},{"damage":12,"enemies":"2 Thieves","floor":20,"turns":4},{"damage":23,"enemies":"Slaver and Parasite","floor":21,"turns":8},{"damage":29,"enemies":"Centurion and Healer","floor":22,"turns":7},{"damage":39,"enemies":"Chosen and Byrds","floor":25,"turns":9},{"damage":1,"enemies":"Cultist and Chosen","floor":27,"turns":5},{"damage":34,"enemies":"Slavers","floor":31,"turns":12},{"damage":16,"enemies":"Automaton","floor":33,"turns":12},{"damage":25,"enemies":"3 Darklings","floor":35,"turns":7},{"damage":2,"enemies":"Orb Walker","floor":41,"turns":6},{"damage":18,"enemies":"Sphere and 2 Shapes","floor":42,"turns":7},{"damage":0,"enemies":"Maw","floor":45,"turns":9},{"damage":12,"enemies":"Nemesis","floor":47,"turns":9},{"damage":37,"enemies":"Time Eater","floor":50,"turns":14}],"event_choices":[{"event_name":"Big Fish","player_choice":"Donut","floor":2,"damage_taken":0},{"event_name":"The Woman in Blue","player_choice":"Bought 3 Potions","floor":3,"damage_taken":0},{"event_name":"Shining Light","player_choice":"Entered Light","floor":4,"damage_taken":0},{"event_name":"The Mausoleum","player_choice":"Yes","floor":19,"damage_taken":0},{"event_name":"Purifier","player_choice":"One Purge","floor":23,"damage_taken":0},{"event_name":"The Library","player_choice":"Heal","floor":30,"damage_taken":0},{"event_name":"Winding Halls","player_choice":"Embrace Madness","floor":37,"damage_taken":0},{"event_name":"Tomb of Lord Red Mask","player_choice":"Paid","floor":46,"damage_taken":0},{"event_name":"Accursed Blacksmith","player_choice":"Forge","floor":48,"damage_taken":0}],"boss_relics":[{"not_picked":["Pandora\u0027s Box","Philosopher\u0027s Stone"],"picked":"Black Star"},{"not_picked":["Tiny House","Calling Bell"],"picked":"Runic Pyramid"}],"potions_floor_spawned":[6,10,18,25,27,31,42,47],"seed_played":"4400497127537655095","ascension_level":2,"is_trial":false}