{"path_per_floor":["M","M","?","?","?","R","M","M","T","R","E","M","M","M","R","B",null,"M","$","M","$","?"],"character_chosen":"THE_SILENT","items_purchased":["Apotheosis","Blade Dance","Accuracy","Energy Potion"],"gold_per_floor":[114,129,129,129,129,129,139,151,221,221,247,258,276,296,296,395,395,409,53,71,23,23],"floor_reached":23,"campfire_rested":1,"playtime":1644,"current_hp_per_floor":[70,68,68,54,54,54,56,57,57,57,41,43,44,46,67,39,70,62,62,38,38,22],"items_purged":[],"gold":23,"score":222,"play_id":"1ac4a16a-ee5b-4d94-83dd-4d517c8fbd21","local_time":"20180304162756","is_prod":false,"is_daily":false,"is_ascension_mode":true,"campfire_upgraded":2,"timestamp":1520198876,"path_taken":["M","M","?","?","?","R","M","M","T","R","E","?","M","M","R","BOSS","M","$","M","$","?","E"],"build_version":"2018-03-01-PROD1","purchased_purges":0,"victory":false,"master_deck":["Defend_G+1","Defend_G","Defend_G","Defend_G","Defend_G","Strike_G","Strike_G","Strike_G","Survivor+1","Neutralize+1","Flying Knee","Crippling Poison","Footwork+1","PiercingWail","Blur","Backflip","Prepared","Envenom+1","Burst","Calculated Gamble","Apotheosis","Blade Dance","Accuracy+1","Terror"],"max_hp_per_floor":[70,70,70,70,70,70,70,70,70,70,70,70,70,70,70,70,70,70,70,70,70,70],"relics":["Ring of the Snake","Blood Vial","Tough Bandages","Frozen Egg 2","Cursed Key","Nilry\u0027s Codex"],"card_choices":[{"not_picked":["Deflect","Acrobatics"],"picked":"Flying Knee"},{"not_picked":["Flying Knee","Deflect"],"picked":"Crippling Poison"},{"not_picked":["All Out Attack","Quick Slash"],"picked":"Footwork"},{"not_picked":["Blade Dance","Dodge and Roll"],"picked":"PiercingWail"},{"not_picked":["Deadly Poison","Calculated Gamble"],"picked":"Blur"},{"not_picked":["Acrobatics","Infinite Blades"],"picked":"Backflip"},{"not_picked":["Outmaneuver","PiercingWail"],"picked":"Prepared"},{"not_picked":["Poisoned Stab","Outmaneuver"],"picked":"Envenom"},{"not_picked":["Phantasmal Killer","Tactician"],"picked":"Burst"},{"not_picked":["Quick Slash","Dagger Throw"],"picked":"Calculated Gamble"},{"not_picked":["Eviscerate","Dodge and Roll"],"picked":"Terror"}],"player_experience":397473,"potions_floor_usage":[11,16,16,18,23,23],"damage_taken":[{"damage":0,"enemies":"Cultist","floor":1,"turns":6},{"damage":2,"enemies":"Jaw Worm","floor":2,"turns":4},{"damage":0,"enemies":"Small Slimes","floor":7,"turns":3},{"damage":1,"enemies":"Looter","floor":8,"turns":4},{"damage":18,"enemies":"3 Sentries","floor":11,"turns":11},{"damage":0,"enemies":"Exordium Wildlife","floor":12,"turns":5},{"damage":1,"enemies":"Large Slime","floor":13,"turns":11},{"damage":0,"enemies":"Gremlin Gang","floor":14,"turns":8},{"damage":30,"enemies":"Hexaghost","floor":16,"turns":13},{"damage":8,"enemies":"Spheric Guardian","floor":18,"turns":10},{"damage":26,"enemies":"Chosen","floor":20,"turns":6},{"damage":25,"enemies":"Slavers","floor":23,"turns":7}],"event_choices":[{"event_name":"Wheel of Change","player_choice":"Card Removal","floor":3,"damage_taken":0},{"event_name":"Shining Light","player_choice":"Entered Light","floor":4,"damage_taken":0},{"event_name":"Purifier","player_choice":"One Purge","floor":5,"damage_taken":0},{"event_name":"Cursed Tome","player_choice":"Obtained Book","floor":22,"damage_taken":0}],"boss_relics":[{"not_picked":["Runic Dome","Calling Bell"],"picked":"Cursed Key"}],"potions_floor_spawned":[2,7,14,16,20],"seed_played":"-6692533904536071113","killed_by":"Slavers","ascension_level":3,"is_trial":false}