{"gold_per_floor":[114,289,299,318,53,81,46,66,120,120,155,155,171,191,191,285,285,305,305,305,328,343,343,48,48,71,33,56,74,24,24,24,24],"floor_reached":33,"playtime":1488,"items_purged":["Doubt"],"score":424,"play_id":"fb315d9f-0205-45ab-b539-e7fcb5eb6b53","local_time":"20180902202021","is_ascension_mode":true,"campfire_choices":[{"floor":12,"key":"REST"},{"floor":15,"key":"REST"},{"floor":23,"key":"REST"},{"floor":25,"key":"REST"},{"floor":32,"key":"REST"}],"neow_cost":"","seed_source_timestamp":0,"circlet_count":0,"master_deck":["Defend_G","Defend_G","Defend_G","Defend_G","Strike_G","Strike_G","Strike_G","Strike_G","Survivor","Neutralize","AscendersBane","Cloak And Dagger","Calculated Gamble","Infinite Blades","Footwork","Blade Dance","Cloak And Dagger","Backflip","Backflip","After Image","Blade Dance+1","Crippling Poison","Dodge and Roll","Choke","Blur+1","Slice","Dagger Spray","Infinite Blades","PiercingWail+1","Backflip","Decay"],"relics":["Ring of the Snake","Pen Nib","Gremlin Horn","Bronze Scales","Golden Idol","Juzu Bracelet","Fusion Hammer","Pantograph","Mummified Hand","Bag of Marbles"],"potions_floor_usage":[6,11,16,29,33],"damage_taken":[{"damage":4,"enemies":"2 Louse","floor":1,"turns":4},{"damage":0,"enemies":"Small Slimes","floor":3,"turns":6},{"damage":4,"enemies":"Jaw Worm","floor":4,"turns":7},{"damage":34,"enemies":"Lagavulin","floor":6,"turns":11},{"damage":9,"enemies":"Exordium Wildlife","floor":8,"turns":5},{"damage":25,"enemies":"Gremlin Nob","floor":11,"turns":5},{"damage":0,"enemies":"Red Slaver","floor":13,"turns":6},{"damage":1,"enemies":"3 Louse","floor":14,"turns":2},{"damage":22,"enemies":"Hexaghost","floor":16,"turns":16},{"damage":2,"enemies":"3 Byrds","floor":18,"turns":4},{"damage":4,"enemies":"Shell Parasite","floor":21,"turns":5},{"damage":6,"enemies":"Centurion and Healer","floor":22,"turns":8},{"damage":0,"enemies":"Chosen and Byrds","floor":28,"turns":4},{"damage":21,"enemies":"3 Cultists","floor":29,"turns":5},{"damage":65,"enemies":"Automaton","floor":33,"turns":12}],"seed_played":"3446796322216154234","potions_obtained":[{"floor":3,"key":"SpeedPotion"},{"floor":6,"key":"SkillPotion"},{"floor":11,"key":"SpeedPotion"},{"floor":13,"key":"Weak Potion"},{"floor":18,"key":"SteroidPotion"}],"is_trial":false,"path_per_floor":["M","?","M","M","$","E","?","M","T","?","E","R","M","M","R","B",null,"M","?","?","M","M","R","$","R","T","$","M","M","$","?","R"],"character_chosen":"THE_SILENT","items_purchased":["Pen Nib","Footwork","Mummified Hand","Dagger Spray","Infinite Blades","Strength Potion"],"campfire_rested":5,"item_purchase_floors":[5,5,24,24,27,30],"current_hp_per_floor":[59,59,59,55,55,21,38,29,29,29,4,23,23,22,41,19,54,52,52,52,48,42,61,61,65,65,65,65,44,44,44,63,0],"gold":24,"neow_bonus":"","is_prod":false,"is_daily":false,"chose_seed":true,"campfire_upgraded":0,"win_rate":0,"timestamp":1535934021,"path_taken":["M","?","M","M","$","E","?","?","T","?","E","R","M","M","R","BOSS","M","?","?","M","M","R","$","R","T","?","M","M","$","?","R","BOSS"],"build_version":"2018-08-30","purchased_purges":1,"victory":false,"max_hp_per_floor":[70,70,70,70,70,70,70,70,70,65,65,65,65,65,65,65,65,65,65,65,65,65,65,65,65,65,65,65,65,65,65,65,65],"card_choices":[{"not_picked":["Dagger Throw","Sucker Punch"],"picked":"Cloak And Dagger","floor":1},{"not_picked":["Bane","Dagger Throw"],"picked":"Calculated Gamble","floor":3},{"not_picked":["Quick Slash","Terror"],"picked":"Infinite Blades","floor":4},{"not_picked":["Tactician","Masterful Stab"],"picked":"Blade Dance","floor":6},{"not_picked":["Sucker Punch","Deflect"],"picked":"Cloak And Dagger","floor":8},{"not_picked":["Phantasmal Killer","Well Laid Plans"],"picked":"Backflip","floor":11},{"not_picked":["Underhanded Strike","Acrobatics"],"picked":"Backflip","floor":13},{"not_picked":["Skewer","Outmaneuver"],"picked":"Deflect","floor":14},{"not_picked":["Glass Knife","Unload"],"picked":"After Image","floor":16},{"not_picked":["Riddle With Holes+1","Expertise"],"picked":"Blade Dance+1","floor":18},{"not_picked":["Terror","Tactician"],"picked":"Blur+1","floor":21},{"not_picked":["Masterful Stab","Outmaneuver+1"],"picked":"Slice","floor":22},{"not_picked":["Quick Slash","Dodge and Roll"],"picked":"PiercingWail+1","floor":28},{"not_picked":["Endless Agony+1","Accuracy"],"picked":"Backflip","floor":29}],"player_experience":839711,"relics_obtained":[{"floor":6,"key":"Gremlin Horn"},{"floor":9,"key":"Bronze Scales"},{"floor":11,"key":"Juzu Bracelet"},{"floor":26,"key":"Bag of Marbles"}],"event_choices":[{"event_name":"Liars Game","player_choice":"agreed","floor":2,"damage_taken":0},{"event_name":"The Cleric","player_choice":"Healed","floor":7,"damage_taken":0},{"event_name":"Golden Idol","player_choice":"Lose Max HP","floor":10,"damage_taken":0},{"event_name":"The Mausoleum","player_choice":"Yes","floor":19,"damage_taken":0},{"event_name":"Drug Dealer","player_choice":"Became Test Subject","floor":20,"damage_taken":0},{"event_name":"Wheel of Change","player_choice":"Curse","floor":31,"damage_taken":0}],"is_beta":true,"boss_relics":[{"not_picked":["Ring of the Serpent","Calling Bell"],"picked":"Fusion Hammer"}],"items_purged_floors":[5],"is_endless":false,"potions_floor_spawned":[3,6,11,13,18,28],"killed_by":"Automaton","ascension_level":13}