{"gold_per_floor":[363,380,6,6,23,23,50,66,66,66,17,35,35,46,46,142,142,157,168,38,57,11,11,11,11,35,35,35,35,35,46,46,46],"floor_reached":33,"playtime":1928,"items_purged":[],"score":380,"play_id":"99a7c81a-4c77-4e62-8a7b-384cafd110c0","local_time":"20180923152837","is_ascension_mode":true,"campfire_choices":[{"data":"Panache","floor":6.0,"key":"SMITH"},{"floor":10.0,"key":"REST"},{"floor":13.0,"key":"REST"},{"floor":15,"key":"REST"},{"floor":23,"key":"REST"},{"floor":25,"key":"REST"},{"floor":27,"key":"REST"},{"data":"Hologram","floor":32,"key":"SMITH"}],"neow_cost":"PERCENT_DAMAGE","seed_source_timestamp":0,"circlet_count":0,"master_deck":["Strike_B","Strike_B","Strike_B","Strike_B","Defend_B","Defend_B","Defend_B","Defend_B","Zap","Dualcast","AscendersBane","Go for the Eyes","Redo","Gash","All For One","Panache+1","Go for the Eyes","Conserve Battery","Streamline","Gash","Steam","Rebound","Core Surge","Sweeping Beam","Hologram+1","Go for the Eyes","Steam Power","Chill+1","Leap","Decay","Clumsy","Gash","Shame","White Noise+1"],"special_seed":0,"relics":["Cracked Core","Ornamental Fan","Bottled Flame","Cursed Key","Bronze Scales","Blue Candle"],"potions_floor_usage":[21,33],"damage_taken":[{"damage":0.0,"enemies":"Cultist","floor":1.0,"turns":3.0},{"damage":3.0,"enemies":"2 Louse","floor":2.0,"turns":3.0},{"damage":0.0,"enemies":"Small Slimes","floor":5.0,"turns":2.0},{"damage":36.0,"enemies":"Lagavulin","floor":7.0,"turns":6.0},{"damage":1.0,"enemies":"3 Louse","floor":8.0,"turns":2.0},{"damage":12.0,"enemies":"Looter","floor":12.0,"turns":3.0},{"damage":11.0,"enemies":"Blue Slaver","floor":14.0,"turns":3.0},{"damage":31,"enemies":"Hexaghost","floor":16,"turns":10},{"damage":18,"enemies":"Shell Parasite","floor":18,"turns":5},{"damage":2,"enemies":"Chosen","floor":19,"turns":4},{"damage":30,"enemies":"Snake Plant","floor":21,"turns":5},{"damage":4,"enemies":"3 Cultists","floor":31,"turns":5},{"damage":77,"enemies":"Champ","floor":33,"turns":12}],"seed_played":"-6266644280275640262","potions_obtained":[{"floor":5.0,"key":"Explosive Potion"},{"floor":7.0,"key":"PowerPotion"},{"floor":12.0,"key":"Ancient Potion"},{"floor":18,"key":"SpeedPotion"},{"floor":21,"key":"EssenceOfSteel"}],"is_trial":false,"path_per_floor":["M","M","$","$","M","R","E","M","T","R","$","M","R","M","R","B",null,"M","M","$","M","$","R","?","R","T","R","?","$","T","M","R"],"character_chosen":"DEFECT","items_purchased":["Gash","All For One","Panache","Gash","Go for the Eyes","Steam Power","Leap"],"campfire_rested":6,"item_purchase_floors":[3,3,3,11,20,20,22],"current_hp_per_floor":[50,47,47,47,47,47,11,10,10,32,32,20,42,31,53,22,62,44,42,42,12,12,34,34,56,56,75,75,75,75,71,71,0],"gold":46,"neow_bonus":"TWO_FIFTY_GOLD","is_prod":false,"is_daily":false,"chose_seed":false,"campfire_upgraded":2,"win_rate":0,"timestamp":1537730917,"path_taken":["M","M","?","$","M","R","E","M","T","R","$","M","R","M","R","BOSS","M","M","$","M","$","R","?","R","T","R","?","$","?","M","R","BOSS"],"build_version":"2018-09-20","purchased_purges":0,"victory":false,"max_hp_per_floor":[75,75,75,75,75,75,75,75,75,75,75,75,75,75,75,75,75,75,75,75,75,75,75,75,75,75,75,75,75,75,75,75,75],"card_choices":[{"not_picked":["Coolheaded","Redo"],"picked":"Go for the Eyes","floor":1.0},{"not_picked":["Force Field","Heatsinks"],"picked":"Redo","floor":2.0},{"not_picked":["Redo","Compile Driver"],"picked":"Go for the Eyes","floor":5.0},{"not_picked":["Fusion","Redo"],"picked":"Conserve Battery","floor":7.0},{"not_picked":["Coolheaded","Aggregate"],"picked":"Streamline","floor":8.0},{"not_picked":["Hologram","Lockon"],"picked":"Steam","floor":12.0},{"not_picked":["Machine Learning","Sweeping Beam"],"picked":"Rebound","floor":14.0},{"not_picked":["Amplify","Biased Cognition"],"picked":"Core Surge","floor":16},{"not_picked":["Darkness","Force Field"],"picked":"Sweeping Beam","floor":18},{"not_picked":["Leap","Compile Driver+1"],"picked":"Hologram","floor":19},{"not_picked":["Ball Lightning","Rebound"],"picked":"Chill+1","floor":21},{"not_picked":["Sweeping Beam","Redo"],"picked":"White Noise+1","floor":31}],"player_experience":872178,"relics_obtained":[{"floor":7.0,"key":"Ornamental Fan"},{"floor":9.0,"key":"Bottled Flame"},{"floor":26,"key":"Bronze Scales"},{"floor":30,"key":"Blue Candle"}],"event_choices":[{"event_name":"Forgotten Altar","player_choice":"Smashed Altar","floor":24,"damage_taken":0},{"event_name":"The Library","player_choice":"Read","floor":28,"damage_taken":0}],"is_beta":true,"boss_relics":[{"not_picked":["Eternal Feather","Empty Cage"],"picked":"Cursed Key"}],"items_purged_floors":[],"is_endless":false,"potions_floor_spawned":[5,7,12,18,21],"killed_by":"Champ","ascension_level":11}