{"gold_per_floor":[10,21,35,35,54,54,64,64,64,64,64,79,79,79,79,181,181,200,200,299,315,230,230,240,240,289,322,338,338],"floor_reached":29,"playtime":1103,"items_purged":[],"score":403,"play_id":"92ad9ac3-cce2-4ccb-bc8d-465a7653ffaf","local_time":"20180918211946","is_ascension_mode":true,"campfire_choices":[{"data":"Armaments","floor":6,"key":"SMITH"},{"data":"Feed","floor":8,"key":"SMITH"},{"data":"Bash","floor":10,"key":"SMITH"},{"floor":13,"key":"REST"},{"data":"Rampage","floor":15,"key":"SMITH"},{"floor":23,"key":"REST"},{"floor":25,"key":"REST"}],"neow_cost":"NO_GOLD","seed_source_timestamp":189810581914775,"circlet_count":0,"master_deck":["Strike_R","Strike_R","Defend_R","Defend_R","Defend_R","Bash+1","AscendersBane","Feel No Pain","Armaments+1","Inflame","Iron Wave","Feed+1","Rampage+1","Immolate","Spot Weakness+1","Limit Break+1","Feel No Pain+1","Clothesline+1","Shrug It Off","Evolve"],"relics":["Burning Blood","Darkstone Periapt","Paper Frog","Astrolabe","Mummified Hand","Anchor","Champion Belt"],"potions_floor_usage":[12,16,16,21,28,28],"damage_taken":[{"damage":13,"enemies":"Small Slimes","floor":1,"turns":5},{"damage":11,"enemies":"Jaw Worm","floor":2,"turns":6},{"damage":6,"enemies":"Cultist","floor":3,"turns":4},{"damage":17,"enemies":"Looter","floor":5,"turns":3},{"damage":12,"enemies":"3 Louse","floor":7,"turns":4},{"damage":11,"enemies":"Gremlin Gang","floor":12,"turns":7},{"damage":28,"enemies":"The Guardian","floor":16,"turns":11},{"damage":52,"enemies":"Shell Parasite","floor":18,"turns":6},{"damage":41,"enemies":"3 Byrds","floor":21,"turns":6},{"damage":39,"enemies":"Snake Plant","floor":24,"turns":5},{"damage":32,"enemies":"Book of Stabbing","floor":27,"turns":5},{"damage":42,"enemies":"Centurion and Healer","floor":28,"turns":8},{"damage":51,"enemies":"3 Cultists","floor":29,"turns":4}],"seed_played":"-7634212453287284561","potions_obtained":[{"floor":2,"key":"AttackPotion"},{"floor":3,"key":"SteroidPotion"},{"floor":7,"key":"Ancient Potion"},{"floor":11,"key":"EntropicBrew"},{"floor":18,"key":"Regen Potion"},{"floor":27,"key":"SkillPotion"}],"is_trial":false,"path_per_floor":["M","M","M","?","M","R","M","R","T","R","?","M","R","?","R","B",null,"M","?","?","M","?","R","M","R","T","E","M"],"character_chosen":"IRONCLAD","items_purchased":[],"campfire_rested":3,"item_purchase_floors":[],"current_hp_per_floor":[81,76,76,69,58,58,52,52,52,52,52,51,81,78,78,56,89,47,81,81,64,64,96,63,95,95,73,41,0],"gold":338,"neow_bonus":"TWENTY_PERCENT_HP_BONUS","is_prod":false,"is_daily":false,"chose_seed":false,"campfire_upgraded":4,"win_rate":0,"timestamp":1537319986,"path_taken":["M","M","M","?","M","R","M","R","T","R","?","M","R","?","R","BOSS","M","?","?","M","?","R","?","R","T","E","M","M"],"build_version":"2018-09-18","purchased_purges":0,"victory":false,"max_hp_per_floor":[96,96,96,96,96,96,96,96,96,96,96,100,100,100,100,100,100,104,104,104,108,108,108,108,108,108,112,116,116],"card_choices":[{"not_picked":["Anger","Dropkick"],"picked":"Feel No Pain","floor":1},{"not_picked":["Thunderclap","Rupture"],"picked":"Armaments","floor":2},{"not_picked":["Flex","Cleave"],"picked":"Inflame","floor":3},{"not_picked":["Armaments","Searing Blow"],"picked":"Iron Wave","floor":5},{"not_picked":["Battle Trance","Anger"],"picked":"Feed","floor":7},{"not_picked":["True Grit","Armaments"],"picked":"Rampage","floor":12},{"not_picked":["Limit Break","Fiend Fire"],"picked":"Immolate","floor":16},{"not_picked":["Wild Strike","Cleave+1"],"picked":"Clothesline+1","floor":18},{"not_picked":["Carnage","Anger"],"picked":"Shrug It Off","floor":21},{"not_picked":["Impervious","Sword Boomerang","Clothesline"],"picked":"SKIP","floor":24},{"not_picked":["Anger","Cleave"],"picked":"Evolve","floor":27},{"not_picked":["Warcry","Carnage+1","Rupture"],"picked":"SKIP","floor":28}],"player_experience":866016,"relics_obtained":[{"floor":9,"key":"Darkstone Periapt"},{"floor":26,"key":"Anchor"},{"floor":27,"key":"Champion Belt"}],"event_choices":[{"event_name":"Golden Wing","player_choice":"Card Removal","floor":4,"damage_taken":0},{"event_name":"The Lab","player_choice":"Got Potions","floor":11,"damage_taken":0},{"event_name":"Scrap Ooze","player_choice":"success","floor":14,"damage_taken":3},{"event_name":"The Library","player_choice":"Heal","floor":19,"damage_taken":0},{"event_name":"Nest","player_choice":"Stole From Cult","floor":20,"damage_taken":0},{"event_name":"Addict","player_choice":"Obtained Relic","floor":22,"damage_taken":0}],"is_beta":true,"boss_relics":[{"not_picked":["Black Blood","Black Star"],"picked":"Astrolabe"}],"items_purged_floors":[],"is_endless":false,"potions_floor_spawned":[2,3,7,18,27],"killed_by":"3 Cultists","ascension_level":10}