{"path_per_floor":["M","M","?","?","M","E","M","M","T","M","E","R","?","$","R","B",null,"M","?","T","M","$","E","R","E","T","?","M","M","M","M","R","B",null,"M","$","M","?","$","R","M","R","T"],"character_chosen":"IRONCLAD","items_purchased":["Flex","Bronze Scales","Singing Bowl","Weak Potion","Blood Vial"],"gold_per_floor":[119,139,139,139,152,177,192,207,207,227,262,262,262,133,133,259,259,272,172,172,186,38,71,71,105,158,158,183,196,217,232,232,355,355,369,71,90,155,3,3,28,28,328],"floor_reached":44,"campfire_rested":3,"playtime":2335,"current_hp_per_floor":[70,73,66,63,60,52,56,58,58,64,54,54,54,54,54,24,80,70,70,70,66,66,58,66,54,61,61,49,44,40,31,80,28,87,84,84,85,68,68,105,42,98,98],"items_purged":["Injury","Entrench"],"gold":328,"score":533,"play_id":"09016a9d-3f85-45da-baf4-7991b702ddfb","local_time":"20180309232615","is_prod":false,"is_daily":false,"is_ascension_mode":true,"campfire_upgraded":3,"timestamp":1520655975,"path_taken":["M","M","?","?","M","E","M","M","T","?","E","R","?","$","R","BOSS","M","?","?","?","?","E","R","E","T","?","?","M","M","M","R","BOSS","M","$","M","?","$","R","M","R","T","E"],"build_version":"2018-03-09","purchased_purges":2,"victory":false,"master_deck":["Strike_R","Strike_R","Strike_R","Strike_R","Defend_R","Defend_R","Defend_R","Defend_R","Bash","Hemokinesis","Shrug It Off+1","Whirlwind","Armaments+1","Cleave","Flex","Offering+1","J.A.X.","Pommel Strike","Thunderclap","Battle Trance","Headbutt","Double Tap","Flex","Limit Break","Reaper"],"max_hp_per_floor":[80,80,80,80,80,80,80,80,80,80,80,80,80,80,80,80,80,80,80,80,80,80,80,80,80,87,87,87,87,87,87,87,87,87,87,87,89,105,105,105,105,105,105],"relics":["Burning Blood","Oddly Smooth Stone","Pen Nib","Anchor","Du-Vu Doll","Ornamental Fan","Golden Idol","Eternal Feather","Omamori","Bronze Scales","Bird Faced Urn","Bag of Preparation","Strawberry","Regal Pillow","Runic Pyramid","Singing Bowl","Mango","Blood Vial","Old Coin"],"card_choices":[{"not_picked":["Sentinel","Warcry"],"picked":"Hemokinesis"},{"not_picked":["Second Wind","Infernal Blade"],"picked":"Shrug It Off"},{"not_picked":["Wild Strike","Seeing Red"],"picked":"Whirlwind"},{"not_picked":["Dual Wield","Pummel"],"picked":"Entrench"},{"not_picked":["Headbutt","Entrench"],"picked":"Armaments"},{"not_picked":["Feel No Pain","Pommel Strike"],"picked":"Cleave"},{"not_picked":["Reaper","Bludgeon"],"picked":"Offering"},{"not_picked":["Perfected Strike","Combust"],"picked":"Pommel Strike"},{"not_picked":["Shockwave","Rupture"],"picked":"Thunderclap"},{"not_picked":["Twin Strike","Brutality"],"picked":"Battle Trance"},{"not_picked":["Twin Strike","Armaments"],"picked":"Headbutt"},{"not_picked":["Battle Trance","Body Slam"],"picked":"Double Tap"},{"not_picked":["Inflame","Heavy Blade"],"picked":"Flex"},{"not_picked":["Barricade","Demon Form"],"picked":"Limit Break"},{"not_picked":["Dual Wield","Heavy Blade"],"picked":"Reaper"}],"player_experience":480480,"potions_floor_usage":[6,11,18,21,23,25,33,33,33,38,38,44],"damage_taken":[{"damage":16,"enemies":"Small Slimes","floor":1,"turns":4},{"damage":3,"enemies":"2 Louse","floor":2,"turns":2},{"damage":9,"enemies":"Jaw Worm","floor":5,"turns":4},{"damage":14,"enemies":"3 Sentries","floor":6,"turns":5},{"damage":2,"enemies":"3 Louse","floor":7,"turns":2},{"damage":4,"enemies":"Exordium Wildlife","floor":8,"turns":4},{"damage":0,"enemies":"2 Fungi Beasts","floor":10,"turns":3},{"damage":16,"enemies":"Gremlin Nob","floor":11,"turns":3},{"damage":36,"enemies":"The Guardian","floor":16,"turns":13},{"damage":16,"enemies":"2 Thieves","floor":18,"turns":3},{"damage":10,"enemies":"Spheric Guardian","floor":21,"turns":3},{"damage":14,"enemies":"Book of Stabbing","floor":23,"turns":4},{"damage":18,"enemies":"Slavers","floor":25,"turns":4},{"damage":18,"enemies":"3 Cultists","floor":28,"turns":4},{"damage":11,"enemies":"Snake Plant","floor":29,"turns":3},{"damage":10,"enemies":"Snecko","floor":30,"turns":5},{"damage":15,"enemies":"Cultist and Chosen","floor":31,"turns":5},{"damage":58,"enemies":"Collector","floor":33,"turns":8},{"damage":9,"enemies":"Orb Walker","floor":35,"turns":3},{"damage":7,"enemies":"3 Shapes","floor":37,"turns":2},{"damage":39,"enemies":"Mysterious Sphere","floor":38,"turns":5},{"damage":69,"enemies":"Maw","floor":41,"turns":8},{"damage":159,"enemies":"Giant Head","floor":44,"turns":9}],"event_choices":[{"event_name":"Golden Wing","player_choice":"Card Removal","floor":3,"damage_taken":0},{"event_name":"Scrap Ooze","player_choice":"success","floor":4,"damage_taken":3},{"event_name":"Golden Idol","player_choice":"Take Wound","floor":13,"damage_taken":0},{"event_name":"Drug Dealer","player_choice":"Got JAXXED","floor":19,"damage_taken":0},{"event_name":"The Mausoleum","player_choice":"Yes","floor":27,"damage_taken":0},{"event_name":"Mysterious Sphere","player_choice":"Fight","floor":38,"damage_taken":0}],"boss_relics":[{"not_picked":["Runic Dome","White Beast Statue"],"picked":"Eternal Feather"},{"not_picked":["Philosopher\u0027s Stone","Snecko Eye"],"picked":"Runic Pyramid"}],"potions_floor_spawned":[1,2,6,10,11,18,21,23,30,31,37,41],"seed_played":"-4375543588201032226","killed_by":"Giant Head","ascension_level":1,"is_trial":false}