{"gold_per_floor":[118,118,43,43,43,43,62,62,62,82,92,92,125,136,136,136],"floor_reached":16,"playtime":782,"items_purged":[],"score":200,"play_id":"ea39884e-fd2b-4482-bb9e-a115b7c14e38","local_time":"20190126142841","is_ascension_mode":true,"campfire_choices":[{"data":"Bash","floor":6.0,"key":"SMITH"},{"data":"Twin Strike","floor":8.0,"key":"SMITH"},{"data":"Feed","floor":12.0,"key":"SMITH"},{"data":"Clothesline","floor":15.0,"key":"SMITH"}],"neow_cost":"NONE","seed_source_timestamp":839203028327626,"circlet_count":0,"master_deck":["AscendersBane","Strike_R","Strike_R","Strike_R","Strike_R","Defend_R","Defend_R","Defend_R","Defend_R+1","Bash+1","True Grit+1","Flame Barrier","Twin Strike+1","True Grit","Feed+1","Impervious","Clothesline+1"],"special_seed":0,"relics":["Burning Blood","Shuriken","Sundial","Blood Vial"],"potions_floor_usage":[16],"damage_taken":[{"damage":9.0,"enemies":"Jaw Worm","floor":1.0,"turns":5.0},{"damage":0.0,"enemies":"Small Slimes","floor":7.0,"turns":4.0},{"damage":0.0,"enemies":"2 Louse","floor":10.0,"turns":3.0},{"damage":4.0,"enemies":"Blue Slaver","floor":11.0,"turns":4.0},{"damage":38.0,"enemies":"3 Sentries","floor":13.0,"turns":13.0},{"damage":5.0,"enemies":"Exordium Thugs","floor":14.0,"turns":4.0},{"damage":42,"enemies":"Slime Boss","floor":16,"turns":10}],"seed_played":"-2510835360133647037","potions_obtained":[{"floor":1.0,"key":"Energy Potion"},{"floor":13.0,"key":"AttackPotion"}],"is_trial":false,"path_per_floor":["M","?","?","?","$","R","M","R","T","M","M","R","E","M","R","B"],"character_chosen":"IRONCLAD","items_purchased":[],"campfire_rested":0,"item_purchase_floors":[],"current_hp_per_floor":[65,65,65,42,42,42,48,48,48,54,56,56,28,35,35,0],"gold":136,"neow_bonus":"TRANSFORM_CARD","is_prod":false,"is_daily":false,"chose_seed":false,"campfire_upgraded":4,"win_rate":0,"timestamp":1548541721,"path_taken":["M","?","?","?","$","R","M","R","T","M","M","R","E","M","R","BOSS"],"build_version":"2019-01-23","purchased_purges":0,"victory":false,"max_hp_per_floor":[75,75,75,75,75,75,75,75,75,75,75,75,79,83,83,83],"card_choices":[{"not_picked":["Iron Wave","Warcry"],"picked":"Flame Barrier","floor":1.0},{"not_picked":["Second Wind","Wild Strike"],"picked":"Twin Strike","floor":7.0},{"not_picked":["Power Through","Rupture"],"picked":"True Grit","floor":10.0},{"not_picked":["Clash","True Grit"],"picked":"Feed","floor":11.0},{"not_picked":["Armaments","Blood for Blood"],"picked":"Impervious","floor":13.0},{"not_picked":["Pommel Strike","Ghostly Armor"],"picked":"Clothesline","floor":14.0}],"player_experience":1294672,"relics_obtained":[{"floor":9.0,"key":"Sundial"},{"floor":13.0,"key":"Blood Vial"}],"event_choices":[{"damage_healed":0.0,"max_hp_gain":0.0,"max_hp_loss":0.0,"gold_gain":0.0,"event_name":"Big Fish","player_choice":"Box","floor":2.0,"gold_loss":0.0,"damage_taken":0.0,"relics_obtained":["Shuriken"],"cards_obtained":["Regret"]},{"cards_removed":["Regret"],"damage_healed":0.0,"max_hp_gain":0.0,"max_hp_loss":0.0,"gold_gain":0.0,"event_name":"The Cleric","player_choice":"Card Removal","floor":3.0,"gold_loss":75.0,"damage_taken":0.0},{"damage_healed":0.0,"max_hp_gain":0.0,"max_hp_loss":0.0,"gold_gain":0.0,"event_name":"Shining Light","player_choice":"Entered Light","floor":4.0,"gold_loss":0.0,"damage_taken":23.0,"cards_upgraded":["Defend_R","True Grit"]}],"is_beta":true,"boss_relics":[],"items_purged_floors":[],"is_endless":false,"potions_floor_spawned":[1,13],"killed_by":"Slime Boss","ascension_level":20}