{"gold_per_floor":[14,32,50,50,66,99,113,113,113,68,68,87,121,137,137,242,242,252,264,264,279,299,299,299,315,315,230,230,256,256,275,275,374,374,389,62,0,10,10,72,72,82,130,161,161,180,132,150,150,150],"floor_reached":50,"playtime":2316,"items_purged":[],"score":641,"play_id":"c1c7db9f-281c-41c8-8aff-c62c4479081a","local_time":"20180728165329","is_ascension_mode":true,"campfire_choices":[{"data":"Zap","floor":11,"key":"SMITH"},{"data":"Go for the Eyes","floor":15,"key":"SMITH"},{"data":"Buffer","floor":23,"key":"SMITH"},{"data":"Defragment","floor":28,"key":"SMITH"},{"data":"Go for the Eyes","floor":30,"key":"SMITH"},{"floor":32,"key":"REST"},{"data":"Apotheosis","floor":41,"key":"SMITH"},{"data":"Electrodynamics","floor":45,"key":"SMITH"},{"floor":49,"key":"REST"}],"neow_cost":"NO_GOLD","seed_source_timestamp":622325014120075,"circlet_count":0,"master_deck":["Strike_B","Strike_B","Defend_B","Defend_B","Defend_B","Defend_B","Zap+1","Dualcast","Go for the Eyes+1","Cold Snap","Consume","Double Energy","Self Repair","BootSequence","Cold Snap","Go for the Eyes+1","Multi-Cast","Compile Driver","Buffer+1","Hologram","Static Discharge+1","Reinforced Body+1","Ball Lightning","Defragment+1","Gash","Leap+1","Seek","Fusion","Apotheosis+1","Beam Cell","Thunder Strike","Loop+1","Stack+1","Electrodynamics+1","Chaos+1","Turbo","Steam+1"],"relics":["Cracked Core","Nunchaku","Pen Nib","Symbiotic Virus","Dodecahedron","Sozu","Bag of Marbles","Orichalcum","Shuriken","Art of War","Inserter","Ancient Tea Set","Red Mask","Tiny Chest","Bag of Preparation","Happy Flower"],"potions_floor_usage":[13,16,22],"damage_taken":[{"damage":13,"enemies":"Small Slimes","floor":1,"turns":3},{"damage":0,"enemies":"Cultist","floor":2,"turns":2},{"damage":0,"enemies":"2 Louse","floor":3,"turns":2},{"damage":9,"enemies":"Looter","floor":5,"turns":3},{"damage":16,"enemies":"3 Sentries","floor":6,"turns":11},{"damage":0,"enemies":"Large Slime","floor":7,"turns":6},{"damage":0,"enemies":"Exordium Wildlife","floor":12,"turns":3},{"damage":7,"enemies":"Gremlin Nob","floor":13,"turns":3},{"damage":7,"enemies":"2 Fungi Beasts","floor":14,"turns":3},{"damage":21,"enemies":"Hexaghost","floor":16,"turns":9},{"damage":0,"enemies":"Spheric Guardian","floor":18,"turns":2},{"damage":0,"enemies":"Chosen","floor":19,"turns":3},{"damage":4,"enemies":"Centurion and Healer","floor":21,"turns":9},{"damage":15,"enemies":"3 Cultists","floor":22,"turns":6},{"damage":8,"enemies":"Snecko","floor":25,"turns":4},{"damage":16,"enemies":"Gremlin Leader","floor":29,"turns":7},{"damage":4,"enemies":"Centurion and Healer","floor":31,"turns":5},{"damage":22,"enemies":"Champ","floor":33,"turns":10},{"damage":0,"enemies":"Orb Walker","floor":35,"turns":4},{"damage":11,"enemies":"3 Darklings","floor":38,"turns":6},{"damage":10,"enemies":"Nemesis","floor":40,"turns":7},{"damage":32,"enemies":"Sphere and 2 Shapes","floor":42,"turns":4},{"damage":10,"enemies":"2 Orb Walkers","floor":44,"turns":6},{"damage":24,"enemies":"Spire Growth","floor":46,"turns":3},{"damage":10,"enemies":"4 Shapes","floor":48,"turns":4},{"damage":54,"enemies":"Awakened One","floor":50,"turns":11}],"seed_played":"2920256892109505997","potions_obtained":[{"floor":2,"key":"Fire Potion"},{"floor":3,"key":"EssenceOfSteel"},{"floor":7,"key":"LiquidBronze"}],"is_trial":false,"path_per_floor":["M","M","M","?","M","E","M","?","T","$","R","M","E","M","R","B",null,"M","M","?","M","M","R","T","M","T","?","R","E","R","M","R","B",null,"M","$","?","M","?","E","R","M","T","E","R","M","$","M","R"],"character_chosen":"DEFECT","items_purchased":["Cold Snap","Ancient Tea Set","Apotheosis","Turbo"],"campfire_rested":2,"item_purchase_floors":[10,36,36,47],"current_hp_per_floor":[62,62,62,62,53,37,44,37,37,37,37,44,44,44,44,30,75,75,75,61,64,56,56,56,55,55,55,55,39,39,42,66,51,80,80,80,80,79,79,76,76,51,51,51,51,27,27,27,51,0],"gold":150,"neow_bonus":"ONE_RARE_RELIC","is_prod":false,"is_daily":false,"chose_seed":false,"campfire_upgraded":7,"win_rate":0,"timestamp":1532811209,"path_taken":["M","M","M","?","M","E","M","?","T","$","R","?","E","?","R","BOSS","M","M","?","M","M","R","?","?","T","?","R","E","R","?","R","BOSS","M","$","?","M","?","E","R","M","T","E","R","?","?","M","R","BOSS"],"build_version":"2018-07-26","purchased_purges":0,"victory":false,"max_hp_per_floor":[75,75,75,75,75,75,75,75,75,75,75,75,75,75,75,75,75,75,75,80,80,80,80,80,80,80,80,80,80,80,80,80,80,80,80,80,80,80,80,80,80,80,80,80,80,80,80,80,80,80],"card_choices":[{"not_picked":["Compile Driver","Scrape"],"picked":"Go for the Eyes","floor":1},{"not_picked":["Recycle","Go for the Eyes"],"picked":"Cold Snap","floor":2},{"not_picked":["Cold Snap","Turbo"],"picked":"Consume","floor":3},{"not_picked":["Turbo","Lockon"],"picked":"Double Energy","floor":5},{"not_picked":["Tempest","Beam Cell"],"picked":"Self Repair","floor":6},{"not_picked":["Doom and Gloom","Darkness"],"picked":"BootSequence","floor":7},{"not_picked":["Double Energy","Rebound"],"picked":"Go for the Eyes","floor":12},{"not_picked":["Beam Cell","BootSequence"],"picked":"Multi-Cast","floor":13},{"not_picked":["Cold Snap","Streamline"],"picked":"Compile Driver","floor":14},{"not_picked":["Core Surge","Rainbow"],"picked":"Buffer","floor":16},{"not_picked":["Heatsinks+1","BootSequence"],"picked":"Hologram","floor":18},{"not_picked":["Self Repair","Darkness"],"picked":"Static Discharge+1","floor":19},{"not_picked":["Gash","FTL+1"],"picked":"Reinforced Body+1","floor":21},{"not_picked":["Leap","Undo"],"picked":"Ball Lightning","floor":22},{"not_picked":["Conserve Battery","Sunder"],"picked":"Defragment","floor":25},{"not_picked":["Steam Power","Genetic Algorithm+1"],"picked":"Gash","floor":29},{"not_picked":["Ball Lightning","Force Field+1"],"picked":"Leap+1","floor":31},{"not_picked":["Reboot","Core Surge"],"picked":"Seek","floor":33},{"not_picked":["Conserve Battery+1","Streamline+1"],"picked":"Fusion","floor":35},{"not_picked":["Redo","Steam"],"picked":"Beam Cell","floor":38},{"not_picked":["Reprogram","Chaos"],"picked":"Loop+1","floor":40},{"not_picked":["Streamline+1","Redo"],"picked":"Stack+1","floor":42},{"not_picked":["Capacitor","Go for the Eyes"],"picked":"Electrodynamics","floor":44},{"not_picked":["Rebound","Reinforced Body"],"picked":"Chaos+1","floor":46},{"not_picked":["Self Repair","Hello World+1"],"picked":"Steam+1","floor":48}],"player_experience":658881,"relics_obtained":[{"floor":6,"key":"Pen Nib"},{"floor":9,"key":"Symbiotic Virus"},{"floor":13,"key":"Dodecahedron"},{"floor":24,"key":"Bag of Marbles"},{"floor":26,"key":"Orichalcum"},{"floor":29,"key":"Art of War"},{"floor":40,"key":"Tiny Chest"},{"floor":43,"key":"Bag of Preparation"},{"floor":44,"key":"Happy Flower"}],"event_choices":[{"event_name":"NoteForYourself","player_choice":"Took Card","floor":4,"damage_taken":0},{"event_name":"Golden Wing","player_choice":"Card Removal","floor":8,"damage_taken":0},{"event_name":"Forgotten Altar","player_choice":"Shed Blood","floor":20,"damage_taken":0},{"event_name":"Addict","player_choice":"Obtained Relic","floor":27,"damage_taken":0},{"event_name":"Tomb of Lord Red Mask","player_choice":"Paid","floor":37,"damage_taken":0},{"event_name":"Transmorgrifier","player_choice":"Transform","floor":39,"damage_taken":0}],"is_beta":true,"boss_relics":[{"not_picked":["Philosopher\u0027s Stone","FrozenCore"],"picked":"Sozu"},{"not_picked":["White Beast Statue","Calling Bell"],"picked":"Inserter"}],"items_purged_floors":[],"is_endless":false,"potions_floor_spawned":[2,3,7,12,21,22,31,35,48],"killed_by":"Awakened One","ascension_level":3}