{"path_per_floor":["M","?","?","M","?","?","M","M","T","M","$","R","M","M","R","B",null,"M","?","?","?","?","R","M","M","T"],"character_chosen":"IRONCLAD","items_purchased":["Bag of Marbles"],"gold_per_floor":[114,189,189,207,207,157,175,195,222,240,16,16,30,46,46,147,147,162,162,162,162,162,162,179,199,272],"floor_reached":27,"campfire_rested":1,"playtime":1290,"current_hp_per_floor":[74,63,63,69,69,69,75,73,80,74,74,74,80,85,85,33,87,87,87,87,87,71,87,87,48,48],"items_purged":["Strike_R"],"gold":272,"score":204,"play_id":"8f506239-47ba-4677-8f0c-e8d400b2eaf0","local_time":"20180303004046","is_prod":false,"is_daily":false,"is_ascension_mode":false,"campfire_upgraded":2,"timestamp":1520055646,"path_taken":["M","?","?","?","?","?","M","M","T","?","$","R","M","M","R","BOSS","M","?","?","?","?","R","M","M","T","?"],"build_version":"2018-03-01-PROD1","purchased_purges":1,"victory":false,"master_deck":["Strike_R","Strike_R","Defend_R","Defend_R","Bash","Limit Break","Ghostly Armor","Power Through+1","Seeing Red","Headbutt","Cleave+1","Shrug It Off","Twin Strike","Barricade","Evolve","Decay","Body Slam","Havoc"],"max_hp_per_floor":[80,80,80,80,80,80,80,80,87,87,87,87,87,87,87,87,87,87,87,87,87,87,87,87,87,87],"relics":["Burning Blood","Spirit Poop","Strawberry","Bag of Marbles","Mark of Pain","Nilry\u0027s Codex","Matryoshka"],"card_choices":[{"not_picked":["Iron Wave","Inflame"],"picked":"Ghostly Armor"},{"not_picked":["Metallicize","Body Slam"],"picked":"Power Through"},{"not_picked":["Rage","Brutality"],"picked":"Seeing Red"},{"not_picked":["Shockwave","Combust"],"picked":"Headbutt"},{"not_picked":["Sword Boomerang","Hemokinesis"],"picked":"Cleave"},{"not_picked":["Fire Breathing","Heavy Blade"],"picked":"Shrug It Off"},{"not_picked":["Reckless Charge","Whirlwind"],"picked":"Twin Strike"},{"not_picked":["Demon Form","Impervious"],"picked":"Barricade"},{"not_picked":["True Grit","Bloodletting"],"picked":"Evolve"},{"not_picked":["Clash","Headbutt"],"picked":"Body Slam"},{"not_picked":["Reckless Charge","Blood for Blood"],"picked":"Havoc"}],"player_experience":340590,"potions_floor_usage":[10,13,13,24],"damage_taken":[{"damage":12,"enemies":"Jaw Worm","floor":1,"turns":5},{"damage":0,"enemies":"Small Slimes","floor":4,"turns":6},{"damage":0,"enemies":"2 Louse","floor":7,"turns":4},{"damage":8,"enemies":"2 Fungi Beasts","floor":8,"turns":5},{"damage":12,"enemies":"Gremlin Gang","floor":10,"turns":6},{"damage":0,"enemies":"Exordium Thugs","floor":13,"turns":3},{"damage":1,"enemies":"2 Fungi Beasts","floor":14,"turns":3},{"damage":58,"enemies":"Slime Boss","floor":16,"turns":13},{"damage":0,"enemies":"3 Byrds","floor":18,"turns":6},{"damage":6,"enemies":"Shell Parasite","floor":24,"turns":6},{"damage":45,"enemies":"Sentry and Sphere","floor":25,"turns":10},{"damage":58,"enemies":"Cultist and Chosen","floor":27,"turns":7}],"event_choices":[{"event_name":"World of Goop","player_choice":"Gather Gold","floor":2,"damage_taken":0},{"event_name":"Purifier","player_choice":"One Purge","floor":3,"damage_taken":0},{"event_name":"Bonfire Elementals","player_choice":"CURSE","floor":5,"damage_taken":0},{"event_name":"The Cleric","player_choice":"Card Removal","floor":6,"damage_taken":0},{"event_name":"Back to Basics","player_choice":"Elegance","floor":19,"damage_taken":0},{"event_name":"Forgotten Altar","player_choice":"Smashed Altar","floor":20,"damage_taken":0},{"event_name":"Vampires","player_choice":"Ignored","floor":21,"damage_taken":0},{"event_name":"Cursed Tome","player_choice":"Obtained Book","floor":22,"damage_taken":0}],"boss_relics":[{"not_picked":["Lizard Tail","Eternal Feather"],"picked":"Mark of Pain"}],"potions_floor_spawned":[1,7,10,18],"seed_played":"8805608770234546570","killed_by":"Cultist and Chosen","ascension_level":0,"is_trial":false}