{"path_per_floor":["M","M","M","M","?","R","?","M","T","M","$","M","R","M","R","B",null,"M","$","M","?","?"],"character_chosen":"IRONCLAD","items_purchased":["Lantern"],"gold_per_floor":[18,34,47,66,66,66,141,157,157,169,25,42,42,53,53,157,157,169,119,132,132,32],"floor_reached":23,"campfire_rested":0,"playtime":2098,"current_hp_per_floor":[83,81,89,54,84,84,73,82,82,88,88,83,83,93,93,48,99,28,28,54,54,54],"items_purged":["Strike_R"],"gold":32,"score":210,"play_id":"46ac8cb1-657d-4530-8c47-cd843d840690","is_prod":false,"is_daily":false,"is_ascension_mode":false,"campfire_upgraded":3,"path_taken":["M","M","M","M","?","R","?","M","T","M","$","M","R","M","R","BOSS","M","$","M","?","?","E"],"build_version":"2018-02-15-PROD1","purchased_purges":2,"victory":false,"master_deck":["Strike_R+1","Strike_R+1","Strike_R+1","Strike_R+1","Defend_R+1","Defend_R+1","Defend_R+1","Defend_R+1","Bash","Feed+1","Shrug It Off","Rage","Reckless Charge","Whirlwind+1","Heavy Blade","Inflame+1","Sword Boomerang","Flame Barrier","Brutality","Shrug It Off","Cleave","J.A.X."],"max_hp_per_floor":[83,86,89,92,92,92,92,95,95,95,95,95,95,99,99,99,99,99,99,99,99,99],"relics":["Burning Blood","Smiling Mask","Lantern","Lizard Tail"],"card_choices":[{"not_picked":["Berserk","Exhume"],"picked":"Feed"},{"not_picked":["Havoc","Intimidate"],"picked":"Shrug It Off"},{"not_picked":["Disarm","Rampage"],"picked":"Rage"},{"not_picked":["Rage","Havoc"],"picked":"Reckless Charge"},{"not_picked":["Wild Strike","Hemokinesis"],"picked":"Whirlwind"},{"not_picked":["Barricade","Combust"],"picked":"Heavy Blade"},{"not_picked":["Pummel","Heavy Blade"],"picked":"Inflame"},{"not_picked":["Clothesline","Body Slam"],"picked":"Sword Boomerang"},{"not_picked":["Hemokinesis","Bludgeon"],"picked":"Flame Barrier"},{"not_picked":["Dark Embrace","Berserk"],"picked":"Brutality"},{"not_picked":["Clothesline","Sever Soul"],"picked":"Shrug It Off"},{"not_picked":["Clothesline","Anger"],"picked":"Cleave"}],"player_experience":84807,"potions_floor_usage":[3,16,16,16,18],"damage_taken":[{"damage":2,"enemies":"2 Louse","floor":1,"turns":4},{"damage":11,"enemies":"Jaw Worm","floor":2,"turns":5},{"damage":0,"enemies":"Small Slimes","floor":3,"turns":2},{"damage":44,"enemies":"Exordium Wildlife","floor":4,"turns":9},{"damage":0,"enemies":"Large Slime","floor":8,"turns":6},{"damage":0,"enemies":"Lots of Slimes","floor":10,"turns":1},{"damage":11,"enemies":"Exordium Thugs","floor":12,"turns":4},{"damage":0,"enemies":"Exordium Wildlife","floor":14,"turns":3},{"damage":66,"enemies":"Hexaghost","floor":16,"turns":10},{"damage":77,"enemies":"Spheric Guardian","floor":18,"turns":10},{"damage":59,"enemies":"Chosen","floor":20,"turns":6},{"damage":61,"enemies":"Gremlin Leader","floor":23,"turns":7}],"event_choices":[{"event_name":"Big Fish","player_choice":"Banana","floor":5,"damage_taken":0},{"event_name":"World of Goop","player_choice":"Gather Gold","floor":7,"damage_taken":0},{"event_name":"Back to Basics","player_choice":"Simplicity","floor":21,"damage_taken":0},{"event_name":"Drug Dealer","player_choice":"Got JAXXED","floor":22,"damage_taken":0}],"boss_relics":[{"not_picked":["Velvet Choker","Calling Bell"],"picked":"Lizard Tail"}],"potions_floor_spawned":[2,4,10,14,16],"seed_played":"3096007887681703839","killed_by":"Gremlin Leader","ascension_level":0,"is_trial":false}