{"gold_per_floor":[110,83,83,102,202,237,237,265,265,285,300,300,320,333,333,437,437,405,418,430,302,302,302,227,262,262,262,295,26,44,57,57,154,154,168,168,390,445,463,497,149,166,215,215,230,230,230],"floor_reached":47,"playtime":2331,"items_purged":["Strike_B"],"score":608,"play_id":"d32df38d-d45f-4421-ae0e-3a576aeecd85","local_time":"20180729024651","is_ascension_mode":true,"campfire_choices":[{"data":"Zap","floor":7,"key":"SMITH"},{"data":"Dualcast","floor":12,"key":"SMITH"},{"floor":15,"key":"REST"},{"floor":23,"key":"REST"},{"floor":32,"key":"REST"},{"data":"Defragment","floor":44,"key":"SMITH"},{"floor":46,"key":"REST"}],"neow_cost":"NONE","seed_source_timestamp":657928602677903,"circlet_count":0,"master_deck":["Strike_B+1","Strike_B+1","Defend_B+1","Defend_B+1","Defend_B+1","Defend_B+1","Zap+1","Dualcast+1","BootSequence","Coolheaded","Undo","Genetic Algorithm+1","Gash","Tempest","Darkness","Conserve Battery","Barrage","Fission","Rebound","Loop","Defragment","Ball Lightning","Stack+1","Auto Shields","Self Repair","Turbo","Undo","Cold Snap","Rainbow","Tempest+1","Self Repair+1","Gash+1","Melter","Turbo","Defragment+1","Leap","Capacitor+1","Self Repair"],"relics":["FrozenCore","Mercury Hourglass","War Paint","Bronze Scales","DataDisk","Bag of Marbles","Lantern","Red Mask","Anchor","Inserter","Incense Burner","Nunchaku","Blood Vial","Regal Pillow","Omamori"],"potions_floor_usage":[6,6,16,19,25,33,33,38,40],"damage_taken":[{"damage":4,"enemies":"Small Slimes","floor":1,"turns":4},{"damage":0,"enemies":"Jaw Worm","floor":4,"turns":3},{"damage":19,"enemies":"Lagavulin","floor":6,"turns":6},{"damage":1,"enemies":"3 Sentries","floor":8,"turns":6},{"damage":0,"enemies":"Cultist","floor":10,"turns":3},{"damage":0,"enemies":"Large Slime","floor":11,"turns":3},{"damage":3,"enemies":"Lots of Slimes","floor":13,"turns":2},{"damage":19,"enemies":"Exordium Thugs","floor":14,"turns":3},{"damage":19,"enemies":"Slime Boss","floor":16,"turns":8},{"damage":20,"enemies":"2 Thieves","floor":18,"turns":5},{"damage":14,"enemies":"Shell Parasite","floor":19,"turns":5},{"damage":3,"enemies":"Snake Plant","floor":20,"turns":3},{"damage":13,"enemies":"Slavers","floor":25,"turns":6},{"damage":26,"floor":28,"turns":4},{"damage":20,"enemies":"Snecko","floor":30,"turns":5},{"damage":0,"enemies":"3 Cultists","floor":31,"turns":5},{"damage":25,"enemies":"Automaton","floor":33,"turns":15},{"damage":8,"enemies":"3 Darklings","floor":35,"turns":6},{"damage":5,"floor":36,"turns":6},{"damage":0,"floor":38,"turns":6},{"damage":0,"enemies":"3 Shapes","floor":39,"turns":5},{"damage":42,"enemies":"Nemesis","floor":40,"turns":11},{"damage":0,"enemies":"Sphere and 2 Shapes","floor":42,"turns":6},{"damage":26,"enemies":"Transient","floor":45,"turns":5},{"damage":106,"enemies":"Giant Head","floor":47,"turns":11}],"seed_played":"-6418552208841317220","potions_obtained":[{"floor":1,"key":"Fire Potion"},{"floor":4,"key":"AttackPotion"},{"floor":8,"key":"FearPotion"},{"floor":13,"key":"Block Potion"},{"floor":14,"key":"FearPotion"},{"floor":19,"key":"SpeedPotion"},{"floor":28,"key":"Ancient Potion"},{"floor":31,"key":"Block Potion"},{"floor":33,"key":"Weak Potion"},{"floor":36,"key":"Explosive Potion"},{"floor":42,"key":"SpeedPotion"}],"is_trial":false,"path_per_floor":["M","$","?","M","?","E","R","E","T","M","M","R","M","M","R","B",null,"M","M","M","$","?","R","?","E","T","?","?","$","M","M","R","B",null,"M","?","?","?","M","E","$","M","T","R","M","R"],"character_chosen":"DEFECT","items_purchased":["Coolheaded","Ball Lightning","Self Repair","Anchor","Turbo","Defragment","Leap","FairyPotion","Regal Pillow"],"campfire_rested":4,"item_purchase_floors":[2,21,29,29,29,41,41,41,41],"current_hp_per_floor":[78,78,71,71,71,52,52,51,51,51,51,51,48,29,53,34,82,62,48,45,45,45,69,69,56,56,56,30,30,17,17,41,23,82,74,76,76,82,82,47,47,56,56,56,32,71,0],"gold":230,"neow_bonus":"TEN_PERCENT_HP_BONUS","is_prod":false,"is_daily":false,"chose_seed":false,"campfire_upgraded":3,"win_rate":0,"timestamp":1532846811,"path_taken":["M","$","?","M","?","E","R","E","T","M","M","R","?","M","R","BOSS","M","M","M","$","?","R","?","E","T","?","?","$","?","M","R","BOSS","M","?","?","?","M","E","?","M","T","R","M","R","E"],"build_version":"2018-07-26","purchased_purges":1,"victory":false,"max_hp_per_floor":[82,82,82,82,82,82,82,82,82,82,82,82,82,82,82,82,82,82,82,82,82,82,82,82,82,82,82,82,82,82,82,82,82,82,82,82,82,82,82,82,82,82,82,82,82,82,82],"card_choices":[{"not_picked":["Scrape","Redo"],"picked":"BootSequence","floor":1},{"not_picked":["Loop","Sweeping Beam"],"picked":"Undo","floor":4},{"not_picked":["Redo","Go for the Eyes"],"picked":"Genetic Algorithm","floor":6},{"not_picked":["Compile Driver","Hologram"],"picked":"Gash","floor":8},{"not_picked":["Conserve Battery","Barrage"],"picked":"Tempest","floor":10},{"not_picked":["FTL","Hello World"],"picked":"Darkness","floor":11},{"not_picked":["Heatsinks","Coolheaded"],"picked":"Conserve Battery","floor":13},{"not_picked":["Coolheaded","Compile Driver"],"picked":"Barrage","floor":14},{"not_picked":["Multi-Cast","Core Surge"],"picked":"Fission","floor":16},{"not_picked":["Aggregate","Steam"],"picked":"Rebound","floor":18},{"not_picked":["Undo","Aggregate"],"picked":"Loop","floor":19},{"not_picked":["Blizzard","Coolheaded"],"picked":"Defragment","floor":20},{"not_picked":["Conserve Battery","Turbo"],"picked":"Stack+1","floor":25},{"not_picked":["Compile Driver","Ball Lightning+1"],"picked":"Auto Shields","floor":28},{"not_picked":["Ball Lightning","Coolheaded"],"picked":"Undo","floor":30},{"not_picked":["Rebound+1","Redo"],"picked":"Cold Snap","floor":31},{"not_picked":["Biased Cognition","Reboot"],"picked":"Rainbow","floor":33},{"not_picked":["Redo","Turbo"],"picked":"Tempest+1","floor":35},{"not_picked":["Double Energy+1","Rebound+1"],"picked":"Self Repair+1","floor":36},{"not_picked":["Sunder","Force Field+1"],"picked":"Gash+1","floor":38},{"not_picked":["Self Repair","Rebound"],"picked":"Melter","floor":39},{"not_picked":["Hologram+1","Conserve Battery"],"picked":"Turbo","floor":40},{"not_picked":["Stack+1","Chaos"],"picked":"Capacitor+1","floor":42},{"not_picked":["FTL+1","Sweeping Beam"],"picked":"Self Repair","floor":45}],"player_experience":673475,"relics_obtained":[{"floor":6,"key":"War Paint"},{"floor":8,"key":"Bronze Scales"},{"floor":9,"key":"DataDisk"},{"floor":25,"key":"Bag of Marbles"},{"floor":26,"key":"Lantern"},{"floor":28,"key":"Red Mask"},{"floor":36,"key":"Incense Burner"},{"floor":38,"key":"Nunchaku"},{"floor":40,"key":"Blood Vial"},{"floor":43,"key":"Omamori"}],"event_choices":[{"event_name":"Scrap Ooze","player_choice":"success","floor":3,"damage_taken":7},{"event_name":"Golden Shrine","player_choice":"Pray","floor":5,"damage_taken":0},{"event_name":"Ghosts","player_choice":"Ignored","floor":22,"damage_taken":0},{"event_name":"Beggar","player_choice":"Gave Gold","floor":24,"damage_taken":0},{"event_name":"Back to Basics","player_choice":"Simplicity","floor":27,"damage_taken":0},{"event_name":"Masked Bandits","player_choice":"Fought over 262 gold","floor":28,"damage_taken":0},{"event_name":"MindBloom","player_choice":"Fight","floor":36,"damage_taken":0},{"event_name":"Tomb of Lord Red Mask","player_choice":"Wore Mask","floor":37,"damage_taken":0},{"event_name":"Mysterious Sphere","player_choice":"Fight","floor":38,"damage_taken":0}],"is_beta":true,"boss_relics":[{"not_picked":["Runic Pyramid","Astrolabe"],"picked":"FrozenCore"},{"not_picked":["Tiny House","Busted Crown"],"picked":"Inserter"}],"items_purged_floors":[21],"is_endless":false,"potions_floor_spawned":[1,4,8,13,14,19,28,31,33,36,42,45],"killed_by":"Giant Head","ascension_level":3}