{"gold_per_floor":[116,116,131,146,160,191,207,207,231,242,242,276,288,313,325,440,452,482,122,122,53,66,92,92,111,111,111,131,131,142,176,176,273,273,292,514,514,514,292,320,320,336,336,143,143],"floor_reached":45,"playtime":2583,"items_purged":["Strike_B","Strike_B","Decay"],"score":711,"play_id":"7395cd09-0a7b-45b1-8884-08d0d2102808","local_time":"20180808193735","is_ascension_mode":true,"campfire_choices":[{"floor":8,"key":"REST"},{"data":"Sunder","floor":11,"key":"SMITH"},{"floor":13,"key":"REST"},{"data":"Rainbow","floor":15,"key":"SMITH"},{"data":"Consume","floor":24,"key":"SMITH"},{"floor":29,"key":"REST"},{"floor":32,"key":"REST"},{"data":"Undo","floor":41,"key":"SMITH"}],"neow_cost":"NONE","seed_source_timestamp":1582418085339361,"circlet_count":0,"master_deck":["Strike_B","Strike_B","Defend_B","Defend_B","Defend_B","Defend_B","Zap","Dualcast","Conserve Battery","Blind+1","Rainbow+1","Barrage","Sunder+1","Machine Learning","Undo+1","Sweeping Beam","Glacier","Go for the Eyes","Double Energy","Electrodynamics+1","Consume+1","Fission","Loop+1","Writhe","Loop+1","Steam Power","Self Repair+1","Stack","Injury","Ball Lightning+1","Leap","Self Repair+1","Echo Form+1","Hologram+1","Static Discharge+1","Ball Lightning","BootSequence","Skim+1","Defragment+1"],"relics":["Cracked Core","Art of War","Frozen Egg 2","Bronze Scales","MawBank","Cursed Key","Centennial Puzzle","Juzu Bracelet","Incense Burner","Matryoshka","Nilry\u0027s Codex","Red Mask","Nuclear Battery","Dream Catcher","Blood Vial","Meat on the Bone"],"potions_floor_usage":[6,7,18,22,23,28,28,30,45],"damage_taken":[{"damage":3,"enemies":"2 Louse","floor":1,"turns":3},{"damage":0,"enemies":"Cultist","floor":3,"turns":4},{"damage":0,"enemies":"Small Slimes","floor":4,"turns":3},{"damage":1,"enemies":"Red Slaver","floor":5,"turns":4},{"damage":31,"enemies":"Lagavulin","floor":6,"turns":6},{"damage":14,"enemies":"Exordium Thugs","floor":7,"turns":5},{"damage":0,"enemies":"2 Fungi Beasts","floor":10,"turns":2},{"damage":14,"enemies":"Gremlin Nob","floor":12,"turns":4},{"damage":0,"enemies":"Large Slime","floor":14,"turns":4},{"damage":33,"enemies":"The Guardian","floor":16,"turns":10},{"damage":0,"enemies":"Shell Parasite","floor":18,"turns":5},{"damage":0,"enemies":"Spheric Guardian","floor":22,"turns":2},{"damage":27,"enemies":"Book of Stabbing","floor":23,"turns":6},{"damage":15,"enemies":"Snake Plant","floor":25,"turns":4},{"damage":7,"enemies":"Centurion and Healer","floor":28,"turns":3},{"damage":0,"enemies":"3 Cultists","floor":30,"turns":4},{"damage":2,"floor":31,"turns":2},{"damage":59,"enemies":"Collector","floor":33,"turns":12},{"damage":22,"enemies":"Flame Bruiser 1 Orb","floor":35,"turns":5},{"damage":28,"enemies":"2 Orb Walkers","floor":40,"turns":5},{"damage":4,"enemies":"3 Shapes","floor":42,"turns":5},{"damage":84,"enemies":"Giant Head","floor":45,"turns":9}],"seed_played":"-8600585128796460890","potions_obtained":[{"floor":1,"key":"SkillPotion"},{"floor":5,"key":"PowerPotion"},{"floor":7,"key":"GamblersBrew"},{"floor":14,"key":"FearPotion"},{"floor":16,"key":"Swift Potion"},{"floor":18,"key":"Fire Potion"},{"floor":22,"key":"Swift Potion"},{"floor":25,"key":"SkillPotion"},{"floor":28,"key":"Fruit Juice"},{"floor":33,"key":"FearPotion"},{"floor":42,"key":"SkillPotion"}],"is_trial":false,"path_per_floor":["M","?","M","M","M","E","M","R","T","M","R","E","R","M","R","B",null,"M","$","?","$","M","E","R","M","T","?","M","R","M","?","R","B",null,"M","?","?","?","$","E","R","M","T","$"],"character_chosen":"DEFECT","items_purchased":["Fission","Loop+1","Centennial Puzzle","Loop+1","Static Discharge+1","Ball Lightning","Defragment+1"],"campfire_rested":4,"item_purchase_floors":[19,19,19,21,39,39,44],"current_hp_per_floor":[65,65,65,65,64,33,19,41,41,41,41,27,49,49,49,16,60,60,60,60,60,60,33,33,28,28,12,15,37,42,40,64,25,66,54,54,54,54,54,46,46,62,62,62,0],"gold":143,"neow_bonus":"RANDOM_COMMON_RELIC","is_prod":false,"is_daily":false,"chose_seed":false,"campfire_upgraded":4,"win_rate":0,"timestamp":1533771455,"path_taken":["M","?","M","?","M","E","M","R","T","M","R","E","R","M","R","BOSS","M","$","?","?","M","E","R","M","T","?","M","R","M","?","R","BOSS","M","?","?","?","$","E","R","M","T","$","E"],"build_version":"2018-08-07v3","purchased_purges":3,"victory":false,"max_hp_per_floor":[75,75,75,75,75,75,75,75,75,75,75,75,75,75,75,75,75,75,75,75,75,75,75,75,75,75,75,75,75,80,80,80,80,80,80,80,80,80,80,80,80,80,80,80,80],"card_choices":[{"not_picked":["Recycle","Leap"],"picked":"Conserve Battery","floor":1},{"not_picked":["Redo","Gash"],"picked":"Barrage","floor":3},{"not_picked":["Sweeping Beam","Compile Driver"],"picked":"Sunder","floor":4},{"not_picked":["Gash","Steam"],"picked":"Machine Learning","floor":5},{"not_picked":["Blizzard","Conserve Battery"],"picked":"Undo","floor":6},{"not_picked":["Steam","Cold Snap"],"picked":"Sweeping Beam","floor":7},{"not_picked":["Sweeping Beam","Sunder"],"picked":"Glacier","floor":10},{"not_picked":["Beam Cell","Conserve Battery"],"picked":"Go for the Eyes","floor":12},{"not_picked":["Redo","Fusion"],"picked":"Double Energy","floor":14},{"not_picked":["Buffer+1","Hyperbeam"],"picked":"Electrodynamics+1","floor":16},{"not_picked":["Sweeping Beam","Darkness"],"picked":"Consume","floor":18},{"not_picked":["Gash","Conserve Battery"],"picked":"Steam Power","floor":22},{"not_picked":["Conserve Battery","Stack"],"picked":"Self Repair+1","floor":23},{"not_picked":["Blizzard","Heatsinks+1"],"picked":"Stack","floor":25},{"not_picked":["BootSequence","Double Energy"],"picked":"Ball Lightning+1","floor":28},{"not_picked":["Sweeping Beam+1","Beam Cell"],"picked":"Leap","floor":30},{"not_picked":["Conserve Battery","Gash"],"picked":"Self Repair+1","floor":31},{"not_picked":["Creative AI+1","Machine Learning+1"],"picked":"Echo Form+1","floor":33},{"not_picked":["Redo","Streamline"],"picked":"Hologram+1","floor":35},{"not_picked":["Gash","Stack"],"picked":"BootSequence","floor":40},{"not_picked":["FTL+1","Barrage"],"picked":"Skim+1","floor":42}],"player_experience":746376,"relics_obtained":[{"floor":6,"key":"Frozen Egg 2"},{"floor":9,"key":"Bronze Scales"},{"floor":12,"key":"MawBank"},{"floor":23,"key":"Incense Burner"},{"floor":26,"key":"Matryoshka"},{"floor":27,"key":"Nilry\u0027s Codex"},{"floor":31,"key":"Red Mask"},{"floor":40,"key":"Dream Catcher"},{"floor":43,"key":"Blood Vial"},{"floor":43,"key":"Meat on the Bone"}],"event_choices":[{"event_name":"Match and Keep!","player_choice":"2 cards matched","floor":2,"damage_taken":0},{"event_name":"The Mausoleum","player_choice":"Yes","floor":20,"damage_taken":0},{"event_name":"Cursed Tome","player_choice":"Obtained Book","floor":27,"damage_taken":0},{"event_name":"Masked Bandits","player_choice":"Fought Bandits","floor":31,"damage_taken":0},{"event_name":"Tomb of Lord Red Mask","player_choice":"Wore Mask","floor":36,"damage_taken":0},{"event_name":"Accursed Blacksmith","player_choice":"Forge","floor":37,"damage_taken":0},{"event_name":"SecretPortal","player_choice":"Rejected Portal.","floor":38,"damage_taken":0}],"is_beta":true,"boss_relics":[{"not_picked":["Calling Bell","Runic Dome"],"picked":"Cursed Key"},{"not_picked":["Black Star","FrozenCore"],"picked":"Nuclear Battery"}],"items_purged_floors":[19,39,44],"is_endless":false,"potions_floor_spawned":[1,5,7,14,16,18,22,25,28,33,42],"killed_by":"Giant Head","ascension_level":9}