{"path_per_floor":["M","M","M","M","$","R","?","R","T","?","M","R","M","M","R","B",null,"M","?","M","$"],"character_chosen":"THE_SILENT","items_purchased":["Noxious Fumes","Outmaneuver","Blood Vial"],"gold_per_floor":[113,123,142,161,124,124,124,124,151,212,222,222,233,249,249,344,344,358,283,295,50],"floor_reached":22,"campfire_rested":2,"playtime":6926,"current_hp_per_floor":[65,65,63,61,61,61,61,61,61,39,31,52,44,44,65,41,70,54,54,10,10],"items_purged":["Strike_G"],"gold":50,"score":178,"play_id":"c18cfc36-987d-41b9-a7a6-71e5cd28fe78","is_prod":false,"is_daily":false,"is_ascension_mode":false,"campfire_upgraded":2,"path_taken":["M","M","M","M","$","R","?","R","T","?","?","R","M","M","R","BOSS","M","?","M","$","?"],"build_version":"2018-02-15-PROD1","purchased_purges":2,"victory":false,"master_deck":["Defend_G","Defend_G","Defend_G","Defend_G","Strike_G","Strike_G","Strike_G","Strike_G","Survivor","Neutralize+1","Night Terror+1","Escape Plan","Flying Knee+1","Terror","Quick Slash","Noxious Fumes","Deadly Poison","Caltrops","Noxious Fumes","Backflip","Burst","Leg Sweep","Blur","Outmaneuver"],"max_hp_per_floor":[70,70,70,70,70,70,70,70,70,70,70,70,70,70,70,70,70,70,70,70,70],"relics":["Ring of the Snake","Omamori","Gremlin Horn","Black Star","Blood Vial"],"card_choices":[{"not_picked":["Cloak And Dagger","Underhanded Strike"],"picked":"Escape Plan"},{"not_picked":["Cloak And Dagger","Dagger Spray"],"picked":"Flying Knee"},{"not_picked":["Slice","Storm of Steel"],"picked":"Terror"},{"not_picked":["Deflect","Poisoned Stab"],"picked":"Quick Slash"},{"not_picked":["Quick Slash","Blade Dance"],"picked":"Deadly Poison"},{"not_picked":["PiercingWail","Quick Slash"],"picked":"Caltrops"},{"not_picked":["Quick Slash","A Thousand Cuts"],"picked":"Noxious Fumes"},{"not_picked":["Deadly Poison","Crippling Poison"],"picked":"Backflip"},{"not_picked":["Venomology","Unload"],"picked":"Burst"},{"not_picked":["Prepared","Crippling Poison"],"picked":"Leg Sweep"},{"not_picked":["Quick Slash","Dagger Throw"],"picked":"Blur"}],"player_experience":120418,"potions_floor_usage":[10,13,16,16,22],"damage_taken":[{"damage":5,"enemies":"Small Slimes","floor":1,"turns":9},{"damage":0,"enemies":"2 Louse","floor":2,"turns":4},{"damage":2,"enemies":"Jaw Worm","floor":3,"turns":5},{"damage":2,"enemies":"Blue Slaver","floor":4,"turns":5},{"damage":28,"enemies":"Gremlin Nob","floor":10,"turns":5},{"damage":8,"enemies":"2 Fungi Beasts","floor":11,"turns":3},{"damage":8,"enemies":"Lots of Slimes","floor":13,"turns":3},{"damage":0,"enemies":"3 Louse","floor":14,"turns":3},{"damage":24,"enemies":"Slime Boss","floor":16,"turns":9},{"damage":16,"enemies":"Shell Parasite","floor":18,"turns":6},{"damage":44,"enemies":"2 Thieves","floor":20,"turns":5},{"damage":13,"enemies":"Sentry and Sphere","floor":22,"turns":4}],"event_choices":[{"event_name":"Living Wall","player_choice":"Grow","floor":7,"damage_taken":0},{"event_name":"Dead Adventurer","player_choice":"Searched \u00272\u0027 times","floor":10,"damage_taken":0},{"event_name":"Beggar","player_choice":"Gave Gold","floor":19,"damage_taken":0}],"boss_relics":[{"not_picked":["Orrery","Runic Pyramid"],"picked":"Black Star"}],"potions_floor_spawned":[2,3,10,13,14,20],"seed_played":"-3500538218557610825","killed_by":"Sentry and Sphere","ascension_level":0,"is_trial":false}