{"gold_per_floor":[116,131,131,17,34,64,64,133,158,0,0,0,34,48,48,48],"floor_reached":16,"playtime":562,"items_purged":["Writhe"],"score":250,"play_id":"976c5754-cb97-44b1-8c52-ee0848ad45a9","local_time":"20190215154751","is_ascension_mode":true,"campfire_choices":[{"floor":7,"key":"REST"},{"floor":11,"key":"REST"},{"data":"Immolate","floor":15,"key":"SMITH"}],"neow_cost":"CURSE","seed_source_timestamp":3492568686732,"circlet_count":0,"master_deck":["AscendersBane","Strike_R","Strike_R","Strike_R","Strike_R","Strike_R","Defend_R","Defend_R","Defend_R","Defend_R","Bash","Barricade","Armaments","Corruption","Flame Barrier","Clothesline","Havoc","Entrench","Immolate+1","Metallicize","Cleave","Shrug It Off"],"relics":["Burning Blood","SsserpentHead","PreservedInsect","Bronze Scales","Bag of Preparation"],"potions_floor_usage":[13,16],"damage_taken":[{"damage":12,"enemies":"2 Louse","floor":1,"turns":4},{"damage":7,"enemies":"Cultist","floor":2,"turns":4},{"damage":9,"enemies":"Jaw Worm","floor":5,"turns":5},{"damage":52,"enemies":"Lagavulin","floor":6,"turns":12},{"damage":3,"enemies":"Blue Slaver","floor":8,"turns":4},{"damage":0,"enemies":"Gremlin Nob","floor":13,"turns":2},{"damage":22,"enemies":"Red Slaver","floor":14,"turns":5},{"damage":51,"enemies":"Slime Boss","floor":16,"turns":8}],"seed_played":"-4719784297030542255","potions_obtained":[{"floor":8,"key":"Fire Potion"},{"floor":13,"key":"Strength Potion"}],"is_trial":false,"path_per_floor":["M","M","?","$","M","E","R","M","T","$","R","$","E","M","R","B"],"character_chosen":"IRONCLAD","items_purchased":["Flame Barrier","Immolate","Metallicize"],"campfire_rested":2,"item_purchase_floors":[4,10,10],"current_hp_per_floor":[62,61,61,61,58,12,34,37,37,37,59,59,65,49,49,0],"gold":48,"neow_bonus":"THREE_RARE_CARDS","is_prod":false,"is_daily":false,"chose_seed":false,"campfire_upgraded":1,"win_rate":0,"timestamp":1550263671,"path_taken":["M","M","?","$","M","E","R","?","T","?","R","$","E","M","R","BOSS"],"build_version":"2019-01-23","purchased_purges":1,"victory":false,"max_hp_per_floor":[75,75,75,75,75,75,75,75,75,75,75,75,75,75,75,75],"card_choices":[{"not_picked":["Fiend Fire","Exhume"],"picked":"Barricade","floor":0},{"not_picked":["Warcry","Pummel"],"picked":"Armaments","floor":1},{"not_picked":["Armaments","Cleave"],"picked":"Corruption","floor":2},{"not_picked":["Flex","Headbutt"],"picked":"Clothesline","floor":5},{"not_picked":["Rupture","Corruption"],"picked":"Havoc","floor":6},{"not_picked":["Second Wind","Flex"],"picked":"Entrench","floor":8},{"not_picked":["Fiend Fire","Clothesline"],"picked":"Cleave","floor":13},{"not_picked":["Anger","Whirlwind"],"picked":"Shrug It Off","floor":14}],"player_experience":294659,"relics_obtained":[{"floor":6,"key":"PreservedInsect"},{"floor":9,"key":"Bronze Scales"},{"floor":13,"key":"Bag of Preparation"}],"event_choices":[{"damage_healed":0,"gold_gain":0,"player_choice":"Trade","damage_taken":0,"relics_obtained":["SsserpentHead"],"max_hp_gain":0,"max_hp_loss":0,"event_name":"FaceTrader","floor":3,"gold_loss":0}],"is_beta":false,"boss_relics":[],"items_purged_floors":[4],"is_endless":false,"potions_floor_spawned":[8,13],"killed_by":"Slime Boss","ascension_level":17}