{"path_per_floor":["M","?","M","M","M","R","T","R","T","M","$","M","E","?","R","B"],"character_chosen":"IRONCLAD","items_purchased":["Shuriken","Rupture"],"gold_per_floor":[119,219,230,244,261,261,284,284,333,348,26,42,70,70,70,173,173],"floor_reached":17,"campfire_rested":1,"playtime":535,"current_hp_per_floor":[77,77,79,75,68,68,75,75,75,74,74,68,50,55,82,88,92],"items_purged":[],"gold":173,"score":238,"play_id":"71833c82-c61d-4a5d-8d2c-1dd1b65570ba","local_time":"20180407182301","is_prod":false,"is_daily":false,"is_ascension_mode":true,"campfire_upgraded":2,"timestamp":1523139781,"path_taken":["M","?","M","?","M","R","?","R","T","M","$","M","E","?","R","BOSS","BOSS"],"build_version":"2018-04-05","purchased_purges":0,"victory":false,"master_deck":["Strike_R","Strike_R","Strike_R","Strike_R","Strike_R","Defend_R","Defend_R","Defend_R","Defend_R","Bash","Berserk","Hemokinesis+1","Wild Strike+1","Fiend Fire","Flame Barrier","Clothesline","Rupture","Headbutt","Infernal Blade","Double Tap"],"max_hp_per_floor":[80,80,80,80,80,80,87,87,87,87,87,87,87,92,92,92,92],"relics":["Black Blood","Strawberry","Blood Vial","Shuriken","Bag of Marbles"],"card_choices":[{"not_picked":["Iron Wave","Cleave"],"picked":"Hemokinesis","floor":1.0},{"not_picked":["Hemokinesis","Flex"],"picked":"Wild Strike","floor":3.0},{"not_picked":["Flex","Perfected Strike"],"picked":"Fiend Fire","floor":4.0},{"not_picked":["Sword Boomerang","Ghostly Armor"],"picked":"Flame Barrier","floor":5.0},{"not_picked":["Perfected Strike","Heavy Blade"],"picked":"Clothesline","floor":10.0},{"not_picked":["Clothesline","Second Wind"],"picked":"Headbutt","floor":12.0},{"not_picked":["Sentinel","Clash"],"picked":"Infernal Blade","floor":13.0},{"not_picked":["Immolate","Brutality"],"picked":"Double Tap","floor":16.0}],"player_experience":121060,"potions_floor_usage":[],"damage_taken":[{"damage":9.0,"enemies":"Jaw Worm","floor":1.0,"turns":6.0},{"damage":4.0,"enemies":"Cultist","floor":3.0,"turns":3.0},{"damage":10.0,"enemies":"2 Louse","floor":4.0,"turns":2.0},{"damage":13.0,"enemies":"Lots of Slimes","floor":5.0,"turns":4.0},{"damage":9.0,"enemies":"Exordium Thugs","floor":10.0,"turns":4.0},{"damage":14.0,"enemies":"2 Fungi Beasts","floor":12.0,"turns":3.0},{"damage":26.0,"enemies":"Gremlin Nob","floor":13.0,"turns":4.0},{"damage":2.0,"enemies":"Slime Boss","floor":16.0,"turns":7.0}],"event_choices":[{"event_name":"Golden Shrine","player_choice":"Pray","floor":2.0,"damage_taken":0.0},{"event_name":"Big Fish","player_choice":"Donut","floor":14.0,"damage_taken":0.0}],"boss_relics":[{"not_picked":["Runic Cube","Black Star"],"picked":"Black Blood"}],"potions_floor_spawned":[3,4,5,10],"seed_played":"6377004321207967945","ascension_level":3,"is_trial":false}