{"gold_per_floor":[364,364,154,165,41,74,74,84,84,97,97,97,122,197,197,293,293,306,405,2,30,53,65,111,123,181,193,216,259,282,310,322,433,445,472,503,565,557,121,121,121,175,175,175,207,207,119,130,130,130],"floor_reached":51,"playtime":2373,"items_purged":["Strike_B","Strike_B"],"score":939,"play_id":"75714fa3-6488-4b4c-89e2-54f23c971291","local_time":"20180802220529","is_ascension_mode":true,"campfire_choices":[{"data":"Echo Form","floor":7,"key":"SMITH"},{"data":"Glacier","floor":11,"key":"SMITH"},{"data":"Go for the Eyes","floor":15,"key":"SMITH"},{"data":"Self Repair","floor":23,"key":"SMITH"},{"data":"Defragment","floor":25,"key":"SMITH"},{"floor":32,"key":"REST"},{"data":"Buffer","floor":40,"key":"SMITH"},{"data":"Sunder","floor":44,"key":"SMITH"},{"floor":46,"key":"REST"},{"data":"Go for the Eyes","floor":49,"key":"SMITH"}],"neow_cost":"TEN_PERCENT_HP_LOSS","seed_source_timestamp":1073039940286457,"circlet_count":0,"master_deck":["Strike_B","Defend_B","Defend_B","Defend_B","Defend_B","Zap","Dualcast","Ball Lightning","Echo Form+1","Glacier+1","Fission","Sunder+1","Go for the Eyes+1","Ball Lightning","Sweeping Beam","Hologram","Self Repair+1","Electrodynamics","Steam+1","Defragment+1","Static Discharge+1","Consume+1","Leap","Recycle","Defragment+1","Turbo","Fusion+1","Buffer+1","Glacier+1","Chaos+1","Tempest","Chaos","Go for the Eyes+1","Defragment","Stack","Panacea","White Noise+1"],"relics":["Cracked Core","Thread and Needle","Bottled Lightning","Blue Candle","Philosopher\u0027s Stone","Bronze Scales","MawBank","Regal Pillow","Happy Flower","Peace Pipe","Sozu","StoneCalendar","Strange Spoon","Oddly Smooth Stone","Letter Opener","Mummified Hand"],"potions_floor_usage":[21,29,33,33,50,50],"damage_taken":[{"damage":0,"enemies":"2 Louse","floor":1,"turns":2},{"damage":0,"enemies":"Cultist","floor":4,"turns":4},{"damage":20,"enemies":"Lagavulin","floor":6,"turns":4},{"damage":0,"enemies":"Small Slimes","floor":8,"turns":3},{"damage":0,"enemies":"Exordium Wildlife","floor":10,"turns":3},{"damage":2,"enemies":"3 Sentries","floor":13,"turns":7},{"damage":27,"enemies":"Hexaghost","floor":16,"turns":13},{"damage":14,"enemies":"Spheric Guardian","floor":18,"turns":5},{"damage":0,"enemies":"Chosen","floor":21,"turns":4},{"damage":0,"enemies":"Centurion and Healer","floor":22,"turns":5},{"damage":4,"enemies":"Gremlin Leader","floor":24,"turns":6},{"damage":0,"enemies":"Snecko","floor":28,"turns":5},{"damage":25,"enemies":"Book of Stabbing","floor":29,"turns":4},{"damage":8,"enemies":"3 Cultists","floor":30,"turns":4},{"damage":0,"enemies":"Centurion and Healer","floor":31,"turns":6},{"damage":34,"enemies":"Automaton","floor":33,"turns":7},{"damage":0,"enemies":"Orb Walker","floor":35,"turns":4},{"damage":21,"enemies":"Flame Bruiser 1 Orb","floor":36,"turns":5},{"damage":8,"floor":37,"turns":4},{"damage":41,"enemies":"2 Orb Walkers","floor":45,"turns":4},{"damage":0,"enemies":"4 Shapes","floor":48,"turns":3},{"damage":1,"enemies":"Donu and Deca","floor":50,"turns":7}],"seed_played":"4932577504582281875","potions_obtained":[{"floor":4,"key":"FocusPotion"},{"floor":8,"key":"SpeedPotion"},{"floor":16,"key":"Fire Potion"},{"floor":18,"key":"LiquidBronze"},{"floor":28,"key":"SpeedPotion"},{"floor":29,"key":"Block Potion"},{"floor":33,"key":"Ancient Potion"}],"is_trial":false,"path_per_floor":["M","?","$","M","$","E","R","M","T","M","R","?","E","?","R","B",null,"M","?","$","M","M","R","E","R","T","?","M","E","M","M","R","B",null,"M","M","?","?","$","R","?","T","T","R","E","R","$","M","R","B"],"character_chosen":"DEFECT","items_purchased":["Echo Form","Glacier","Sunder","Go for the Eyes","Defragment","Bronze Scales","MawBank","Chaos","Go for the Eyes","Defragment","Strange Spoon","Panacea"],"campfire_rested":2,"item_purchase_floors":[3,3,5,5,20,20,20,39,39,39,39,47],"current_hp_per_floor":[68,73,73,73,73,53,53,53,53,53,53,53,51,40,40,13,58,51,51,51,58,65,65,71,71,71,58,58,33,25,25,63,39,68,78,67,59,59,59,59,59,59,59,59,18,56,56,56,56,65],"gold":130,"neow_bonus":"TWO_FIFTY_GOLD","is_prod":false,"is_daily":false,"chose_seed":false,"campfire_upgraded":8,"win_rate":0,"timestamp":1533261929,"path_taken":["M","?","$","M","$","E","R","M","T","M","R","?","E","?","R","BOSS","M","?","$","M","M","R","E","R","T","?","M","E","?","M","R","BOSS","M","M","?","?","$","R","?","?","T","R","E","R","$","M","R","BOSS"],"build_version":"2018-08-01","purchased_purges":2,"victory":true,"max_hp_per_floor":[68,73,73,73,73,73,73,73,73,73,73,73,73,73,73,73,73,73,73,73,73,73,73,73,73,73,78,78,78,78,78,78,78,78,78,78,78,78,78,78,78,78,78,78,78,78,78,78,78,78],"card_choices":[{"not_picked":["Cold Snap","Steam"],"picked":"Ball Lightning","floor":1},{"not_picked":["Lockon","Rebound"],"picked":"Fission","floor":4},{"not_picked":["Barrage","Conserve Battery"],"picked":"Ball Lightning","floor":6},{"not_picked":["Go for the Eyes","Beam Cell"],"picked":"Sweeping Beam","floor":8},{"not_picked":["Go for the Eyes","All For One"],"picked":"Hologram","floor":10},{"not_picked":["Scrape","Loop"],"picked":"Self Repair","floor":13},{"not_picked":["Multi-Cast","Meteor Strike"],"picked":"Electrodynamics","floor":16},{"not_picked":["Go for the Eyes","Redo"],"picked":"Steam+1","floor":18},{"not_picked":["Ball Lightning","Storm"],"picked":"Static Discharge+1","floor":21},{"not_picked":["Steam","Heatsinks"],"picked":"Consume+1","floor":22},{"not_picked":["Undo","Compile Driver"],"picked":"Leap","floor":24},{"not_picked":["Ball Lightning","Beam Cell"],"picked":"Recycle","floor":28},{"not_picked":["Undo","Recycle+1"],"picked":"Defragment+1","floor":29},{"not_picked":["Streamline","Compile Driver"],"picked":"Turbo","floor":30},{"not_picked":["Ball Lightning","Streamline+1"],"picked":"Fusion+1","floor":31},{"not_picked":["Biased Cognition","Rainbow"],"picked":"Buffer","floor":33},{"not_picked":["Coolheaded","Turbo+1"],"picked":"Glacier+1","floor":35},{"not_picked":["Gash+1","Sweeping Beam+1"],"picked":"Chaos+1","floor":36},{"not_picked":["Turbo+1","Glacier+1"],"picked":"Tempest","floor":37},{"not_picked":["Heatsinks","Ball Lightning"],"picked":"Stack","floor":45},{"not_picked":["Conserve Battery+1","Turbo"],"picked":"White Noise+1","floor":48}],"player_experience":701222,"relics_obtained":[{"floor":6,"key":"Thread and Needle"},{"floor":9,"key":"Bottled Lightning"},{"floor":13,"key":"Blue Candle"},{"floor":24,"key":"Regal Pillow"},{"floor":26,"key":"Happy Flower"},{"floor":29,"key":"Peace Pipe"},{"floor":37,"key":"StoneCalendar"},{"floor":42,"key":"Oddly Smooth Stone"},{"floor":43,"key":"Letter Opener"},{"floor":45,"key":"Mummified Hand"}],"event_choices":[{"event_name":"Big Fish","player_choice":"Donut","floor":2,"damage_taken":0},{"event_name":"Purifier","player_choice":"One Purge","floor":12,"damage_taken":0},{"event_name":"World of Goop","player_choice":"Gather Gold","floor":14,"damage_taken":0},{"event_name":"Nest","player_choice":"Stole From Cult","floor":19,"damage_taken":0},{"event_name":"Forgotten Altar","player_choice":"Shed Blood","floor":27,"damage_taken":0},{"event_name":"Mysterious Sphere","player_choice":"Fight","floor":37,"damage_taken":0},{"event_name":"The Woman in Blue","player_choice":"Bought 1 Potion","floor":38,"damage_taken":0},{"event_name":"SecretPortal","player_choice":"Rejected Portal.","floor":41,"damage_taken":0}],"is_beta":true,"boss_relics":[{"not_picked":["Busted Crown","Runic Pyramid"],"picked":"Philosopher\u0027s Stone"},{"not_picked":["Lizard Tail","Pandora\u0027s Box"],"picked":"Sozu"}],"items_purged_floors":[20,39],"is_endless":false,"potions_floor_spawned":[4,8,16,18,28,29,30,33,35,48],"ascension_level":5}