{"gold_per_floor":[117,128,47,47,47,81,81,114,114,114,148,162,35,46,46,145,195,205,125,50,50,70,70,89,89,140,140,140,28,44,70,70,166,166,176,176,176,195,195,220,239,239,239,239,239],"floor_reached":45,"playtime":2355,"items_purged":[],"score":526,"play_id":"d1e79c4e-e802-4da2-b87a-3d9b4f7f160f","local_time":"20190106180809","is_ascension_mode":true,"campfire_choices":[{"floor":7.0,"key":"REST"},{"floor":10.0,"key":"REST"},{"data":"True Grit","floor":15.0,"key":"SMITH"},{"data":"Spot Weakness","floor":23.0,"key":"SMITH"},{"data":"Whirlwind","floor":25.0,"key":"SMITH"},{"data":"Flame Barrier","floor":27.0,"key":"SMITH"},{"floor":32,"key":"REST"},{"floor":44,"key":"REST"}],"neow_cost":"TEN_PERCENT_HP_LOSS","seed_source_timestamp":509654530522027,"circlet_count":0,"master_deck":["Strike_R+1","Defend_R","Defend_R+1","Defend_R","Defend_R+1","Bash","Disarm","Flame Barrier+1","Inflame","Whirlwind+1","Uppercut","Reaper","Feel No Pain","True Grit+1","Reckless Charge","Bludgeon","Feel No Pain","Shrug It Off","Spot Weakness+1","Feel No Pain+1","Shrug It Off+1","Shrug It Off","Flame Barrier","Evolve","Pommel Strike+1","Pummel","Offering","Thunderclap+1","Headbutt+1","Carnage+1","Shrug It Off+1","Shockwave+1","Headbutt","Mayhem"],"special_seed":0,"relics":["Burning Blood","Ginger","Bottled Lightning","Gremlin Horn","Whetstone","Juzu Bracelet","Tiny House","Bronze Scales","Regal Pillow","Astrolabe","Potion Belt","Mummified Hand"],"potions_floor_usage":[30,33,33,40,41],"damage_taken":[{"damage":1.0,"enemies":"Cultist","floor":1.0,"turns":4.0},{"damage":0.0,"enemies":"Small Slimes","floor":2.0,"turns":3.0},{"damage":31.0,"enemies":"3 Sentries","floor":6.0,"turns":12.0},{"damage":32.0,"enemies":"Gremlin Nob","floor":8.0,"turns":5.0},{"damage":33.0,"enemies":"3 Sentries","floor":11.0,"turns":9.0},{"damage":0.0,"enemies":"2 Louse","floor":12.0,"turns":2.0},{"damage":0.0,"enemies":"2 Fungi Beasts","floor":14.0,"turns":6.0},{"damage":47.0,"enemies":"The Guardian","floor":16.0,"turns":14.0},{"damage":19.0,"enemies":"Shell Parasite","floor":18.0,"turns":9.0},{"damage":0.0,"enemies":"3 Byrds","floor":22.0,"turns":4.0},{"damage":11.0,"enemies":"Centurion and Healer","floor":24.0,"turns":9.0},{"damage":25,"enemies":"3 Cultists","floor":30,"turns":6},{"damage":35,"enemies":"Gremlin Leader","floor":31,"turns":8},{"damage":70,"enemies":"Automaton","floor":33,"turns":10},{"damage":26,"enemies":"3 Darklings","floor":35,"turns":9},{"damage":0,"enemies":"3 Shapes","floor":38,"turns":4},{"damage":26,"enemies":"Reptomancer","floor":40,"turns":9},{"damage":52,"enemies":"Spire Growth","floor":41,"turns":8},{"damage":86,"enemies":"Nemesis","floor":45,"turns":7}],"seed_played":"3785978709852222336","potions_obtained":[{"floor":1.0,"key":"Strength Potion"},{"floor":2.0,"key":"Fire Potion"},{"floor":8.0,"key":"Fruit Juice"},{"floor":12.0,"key":"Fire Potion"},{"floor":16.0,"key":"Ancient Potion"},{"floor":24.0,"key":"PowerPotion"},{"floor":31,"key":"BloodPotion"},{"floor":38,"key":"Weak Potion"},{"floor":41,"key":"LiquidBronze"}],"is_trial":false,"path_per_floor":["M","M","$","?","?","E","R","E","T","R","E","M","$","M","R","B",null,"M","$","?","?","M","R","M","R","T","R","?","$","M","E","R","B",null,"M","?","?","M","?","E","M","?","T","R","E"],"character_chosen":"IRONCLAD","items_purchased":["Inflame","Feel No Pain","True Grit","Spot Weakness","Flame Barrier","Evolve"],"campfire_rested":4,"item_purchase_floors":[3,13,13,19,29,29],"current_hp_per_floor":[72,72,72,77,62,37,60,39,39,63,36,42,42,52,52,17,87,74,74,74,74,80,80,87,87,87,87,87,87,68,39,80,28,87,67,59,59,65,65,60,22,22,22,61,0],"gold":239,"neow_bonus":"ONE_RARE_RELIC","is_prod":false,"is_daily":false,"chose_seed":false,"campfire_upgraded":4,"win_rate":0,"timestamp":1546816089,"path_taken":["M","M","$","?","?","E","R","E","T","R","E","M","$","M","R","BOSS","M","$","?","?","M","R","M","R","T","R","?","?","M","E","R","BOSS","M","?","?","M","?","E","M","?","T","R","E"],"build_version":"2019-01-03v4","purchased_purges":0,"victory":false,"max_hp_per_floor":[72,72,72,77,77,77,77,82,82,82,82,82,82,82,82,82,87,87,87,87,87,87,87,87,87,87,87,87,87,87,87,87,87,87,87,87,87,87,83,83,83,83,83,83,83],"card_choices":[{"not_picked":["Infernal Blade","Evolve"],"picked":"Disarm","floor":1.0},{"not_picked":["Perfected Strike","Feel No Pain"],"picked":"Flame Barrier","floor":2.0},{"not_picked":["Sever Soul","Flex"],"picked":"Whirlwind","floor":6.0},{"not_picked":["Shrug It Off","Clothesline"],"picked":"Uppercut","floor":8.0},{"not_picked":["Fire Breathing","Heavy Blade","Carnage"],"picked":"SKIP","floor":11.0},{"not_picked":["Whirlwind","Warcry"],"picked":"Reaper","floor":12.0},{"not_picked":["Anger","Entrench"],"picked":"Reckless Charge","floor":14.0},{"not_picked":["Berserk","Double Tap"],"picked":"Bludgeon","floor":16.0},{"not_picked":["True Grit","Wild Strike"],"picked":"Feel No Pain","floor":17.0},{"not_picked":["Iron Wave+1","Infernal Blade"],"picked":"Shrug It Off","floor":18.0},{"not_picked":["Body Slam","Hemokinesis"],"picked":"Feel No Pain+1","floor":22.0},{"not_picked":["Rupture+1","Fire Breathing+1"],"picked":"Shrug It Off+1","floor":24.0},{"not_picked":["Spot Weakness","Reckless Charge+1"],"picked":"Pommel Strike+1","floor":30},{"not_picked":["Brutality","Evolve"],"picked":"Pummel","floor":31},{"not_picked":["Immolate","Double Tap"],"picked":"Offering","floor":33},{"not_picked":["Searing Blow+1","Sentinel"],"picked":"Shrug It Off+1","floor":35},{"not_picked":["Heavy Blade","Battle Trance"],"picked":"Shockwave+1","floor":38},{"not_picked":["Bloodletting+1","Uppercut"],"picked":"Headbutt","floor":40},{"not_picked":["Flex","Ghostly Armor","Hemokinesis"],"picked":"SKIP","floor":41},{"not_picked":["Magnetism","HandOfGreed"],"picked":"Mayhem","floor":42}],"player_experience":1197465,"relics_obtained":[{"floor":6.0,"key":"Bottled Lightning"},{"floor":8.0,"key":"Gremlin Horn"},{"floor":9.0,"key":"Whetstone"},{"floor":11.0,"key":"Juzu Bracelet"},{"floor":26.0,"key":"Bronze Scales"},{"floor":31,"key":"Regal Pillow"},{"floor":40,"key":"Potion Belt"},{"floor":43,"key":"Mummified Hand"}],"event_choices":[{"damage_healed":0.0,"max_hp_gain":5.0,"max_hp_loss":0.0,"gold_gain":0.0,"event_name":"Big Fish","player_choice":"Donut","floor":4.0,"gold_loss":0.0,"damage_taken":0.0},{"damage_healed":0.0,"max_hp_gain":0.0,"max_hp_loss":0.0,"gold_gain":0.0,"event_name":"Shining Light","player_choice":"Entered Light","floor":5.0,"gold_loss":0.0,"damage_taken":15.0,"cards_upgraded":["Strike_R","Defend_R"]},{"cards_removed":["Strike_R"],"damage_healed":0.0,"max_hp_gain":0.0,"max_hp_loss":0.0,"gold_gain":0.0,"event_name":"Beggar","player_choice":"Gave Gold","floor":20.0,"gold_loss":75.0,"damage_taken":0.0},{"damage_healed":0.0,"max_hp_gain":0.0,"max_hp_loss":0.0,"gold_gain":0.0,"event_name":"Vampires","player_choice":"Ignored","floor":21.0,"gold_loss":0.0,"damage_taken":0.0},{"damage_healed":0.0,"max_hp_gain":0.0,"max_hp_loss":0.0,"gold_gain":0.0,"event_name":"The Library","player_choice":"Read","floor":28.0,"gold_loss":0.0,"damage_taken":0.0,"cards_obtained":["Shrug It Off"]},{"damage_healed":0,"gold_gain":0,"player_choice":"Damaged","damage_taken":8,"max_hp_gain":0,"max_hp_loss":0,"event_name":"Wheel of Change","floor":36,"gold_loss":0},{"damage_healed":0,"gold_gain":0,"player_choice":"Ignored","damage_taken":0,"max_hp_gain":0,"max_hp_loss":0,"event_name":"Tomb of Lord Red Mask","floor":37,"gold_loss":0},{"damage_healed":0,"gold_gain":0,"player_choice":"Max HP","damage_taken":0,"max_hp_gain":0,"max_hp_loss":4,"event_name":"Winding Halls","floor":39,"gold_loss":0},{"damage_healed":0,"gold_gain":0,"player_choice":"Memory 1","damage_taken":0,"max_hp_gain":0,"max_hp_loss":0,"event_name":"SensoryStone","floor":42,"gold_loss":0}],"is_beta":true,"boss_relics":[{"not_picked":["Orrery","Busted Crown"],"picked":"Tiny House"},{"not_picked":["Black Star","Coffee Dripper"],"picked":"Astrolabe"}],"items_purged_floors":[],"is_endless":false,"potions_floor_spawned":[1,2,8,12,16,24,31,38,41],"killed_by":"Nemesis","ascension_level":1}