{"gold_per_floor":[110,123,123,134,134,134,152,152,152,487,32,48,48,67,67,158,158,182,142,160,174,189,189,205,205],"floor_reached":25,"playtime":1025,"items_purged":[],"score":352,"play_id":"9e098160-5823-45d7-927e-2137a09787bf","local_time":"20181228190832","is_ascension_mode":true,"campfire_choices":[{"data":"Bash","floor":6,"key":"SMITH"},{"floor":8,"key":"REST"},{"floor":15,"key":"REST"},{"data":"Juggernaut","floor":23,"key":"SMITH"}],"neow_cost":"NONE","seed_source_timestamp":3290803963731,"circlet_count":0,"master_deck":["AscendersBane","Strike_R","Strike_R","Strike_R","Strike_R","Strike_R","Defend_R","Defend_R","Defend_R","Defend_R","Bash+1","Twin Strike","Thunderclap+1","Seeing Red+1","Anger","Juggernaut+1","Armaments","Uppercut","Feel No Pain","True Grit","Impervious","Burning Pact","Shockwave","Clothesline","Body Slam"],"relics":["Burning Blood","NeowsBlessing","Turnip","Golden Idol","FossilizedHelix","Old Coin","OrangePellets","Bronze Scales","Sozu"],"potions_floor_usage":[7,25],"damage_taken":[{"damage":0,"enemies":"2 Louse","floor":1,"turns":1},{"damage":0,"enemies":"Jaw Worm","floor":2,"turns":1},{"damage":0,"enemies":"Small Slimes","floor":4,"turns":1},{"damage":43,"enemies":"Gremlin Gang","floor":7,"turns":6},{"damage":16,"enemies":"Gremlin Nob","floor":10,"turns":4},{"damage":0,"enemies":"Large Slime","floor":12,"turns":4},{"damage":4,"enemies":"Red Slaver","floor":14,"turns":4},{"damage":31,"enemies":"The Guardian","floor":16,"turns":12},{"damage":9,"enemies":"Chosen","floor":18,"turns":5},{"damage":3,"enemies":"Spheric Guardian","floor":20,"turns":5},{"damage":16,"enemies":"Cultist and Chosen","floor":21,"turns":5},{"damage":0,"enemies":"Snecko","floor":22,"turns":4},{"damage":21,"enemies":"Centurion and Healer","floor":24,"turns":7},{"damage":42,"enemies":"Slavers","floor":25,"turns":5}],"seed_played":"-3863805602597837364","potions_obtained":[{"floor":1,"key":"SkillPotion"},{"floor":2,"key":"SpeedPotion"}],"is_trial":false,"path_per_floor":["M","M","?","M","?","R","M","R","T","E","$","M","$","M","R","B",null,"M","?","M","M","M","R","M","E"],"character_chosen":"IRONCLAD","items_purchased":["OrangePellets","Bronze Scales","Armaments","Uppercut"],"campfire_rested":2,"item_purchase_floors":[11,11,11,11],"current_hp_per_floor":[74,75,50,56,56,56,19,39,39,29,29,35,35,37,57,32,60,57,57,60,50,56,56,41,0],"gold":205,"neow_bonus":"THREE_ENEMY_KILL","is_prod":false,"is_daily":false,"chose_seed":false,"campfire_upgraded":2,"win_rate":0,"timestamp":1546042112,"path_taken":["M","M","?","M","?","R","M","R","T","E","?","?","$","M","R","BOSS","M","?","M","M","?","R","?","E"],"build_version":"2018-12-25","purchased_purges":0,"victory":false,"max_hp_per_floor":[75,75,75,75,69,69,69,69,69,69,69,69,69,69,69,69,69,69,69,69,69,69,69,69,69],"card_choices":[{"not_picked":["Ghostly Armor","Warcry"],"picked":"Twin Strike","floor":1},{"not_picked":["Clash","Iron Wave"],"picked":"Thunderclap","floor":2},{"not_picked":["Anger","Ghostly Armor"],"picked":"Seeing Red","floor":4},{"not_picked":["Warcry","Heavy Blade"],"picked":"Anger","floor":7},{"not_picked":["Inflame","Flex"],"picked":"Juggernaut","floor":10},{"not_picked":["Disarm","Infernal Blade"],"picked":"Feel No Pain","floor":12},{"not_picked":["Headbutt","Searing Blow"],"picked":"True Grit","floor":14},{"not_picked":["Exhume","Juggernaut"],"picked":"Impervious","floor":16},{"not_picked":["Sword Boomerang","Anger"],"picked":"Burning Pact","floor":18},{"not_picked":["Dropkick+1","Body Slam"],"picked":"Shockwave","floor":20},{"not_picked":["Dropkick","Perfected Strike"],"picked":"Clothesline","floor":21},{"not_picked":["Power Through","Havoc","Rupture"],"picked":"SKIP","floor":22},{"not_picked":["Warcry","Iron Wave"],"picked":"Body Slam","floor":24}],"player_experience":1046995,"relics_obtained":[{"floor":9,"key":"FossilizedHelix"},{"floor":10,"key":"Old Coin"}],"event_choices":[{"damage_healed":0,"gold_gain":0,"player_choice":"Success","damage_taken":25,"relics_obtained":["Turnip"],"max_hp_gain":0,"max_hp_loss":0,"event_name":"Scrap Ooze","floor":3,"gold_loss":0},{"damage_healed":0,"gold_gain":0,"player_choice":"Lose Max HP","damage_taken":0,"relics_obtained":["Golden Idol"],"max_hp_gain":0,"max_hp_loss":6,"event_name":"Golden Idol","floor":5,"gold_loss":0},{"damage_healed":0,"gold_gain":0,"player_choice":"Upgraded Two","damage_taken":0,"max_hp_gain":0,"max_hp_loss":0,"event_name":"Designer","floor":19,"gold_loss":40,"cards_upgraded":["Thunderclap","Seeing Red"]}],"is_beta":true,"boss_relics":[{"not_picked":["Philosopher\u0027s Stone","Black Blood"],"picked":"Sozu"}],"items_purged_floors":[],"is_endless":false,"potions_floor_spawned":[1,2,21,22,24],"killed_by":"Slavers","ascension_level":14}