{"gold_per_floor":[210,58,2,15,15,15,41,41,41,41,76,86,96,96,96,175,175,185,197,85,85,101,101,115,115,139,139,139,139,149,179,179,179],"floor_reached":33,"playtime":1173,"items_purged":["Strike_B"],"score":532,"play_id":"c0858d2a-d59d-4821-90ad-99412fb85c26","local_time":"20190215023936","is_ascension_mode":true,"campfire_choices":[{"data":"Hologram","floor":6,"key":"SMITH"},{"data":"Chaos","floor":8,"key":"SMITH"},{"floor":10,"key":"REST"},{"data":"Streamline","floor":15,"key":"SMITH"},{"floor":23,"key":"REST"},{"floor":25,"key":"REST"},{"floor":27,"key":"REST"},{"floor":32,"key":"REST"}],"neow_cost":"NONE","seed_source_timestamp":41045597668634,"circlet_count":0,"master_deck":["AscendersBane","Defend_B","Defend_B","Defend_B","Defend_B","Zap+1","Dualcast+1","Streamline+1","FTL","Hologram+1","BootSequence","Chaos+1","Leap","Coolheaded","Electrodynamics","Compile Driver+1","Beam Cell+1","Blizzard+1","Reinforced Body","Go for the Eyes+1","Writhe","Undo"],"relics":["Cracked Core","Strawberry","Dodecahedron","Ancient Tea Set","Molten Egg 2","Black Star","PreservedInsect","Regal Pillow","War Paint","Torii"],"potions_floor_usage":[16,16,22,31,31],"damage_taken":[{"damage":1,"enemies":"Cultist","floor":1,"turns":3},{"damage":2,"enemies":"Jaw Worm","floor":4,"turns":3},{"damage":30,"enemies":"3 Sentries","floor":7,"turns":7},{"damage":18,"enemies":"Lagavulin","floor":11,"turns":6},{"damage":0,"enemies":"Small Slimes","floor":12,"turns":3},{"damage":2,"enemies":"Looter","floor":13,"turns":3},{"damage":40,"enemies":"Slime Boss","floor":16,"turns":14},{"damage":12,"enemies":"3 Byrds","floor":18,"turns":3},{"damage":24,"enemies":"2 Thieves","floor":19,"turns":4},{"damage":13,"enemies":"Centurion and Healer","floor":22,"turns":5},{"damage":25,"enemies":"Shelled Parasite and Fungi","floor":24,"turns":8},{"damage":25,"enemies":"Snecko","floor":30,"turns":6},{"damage":19,"enemies":"Gremlin Leader","floor":31,"turns":3},{"damage":67,"enemies":"Champ","floor":33,"turns":12}],"seed_played":"-684265878228098979","potions_obtained":[{"floor":7,"key":"SteroidPotion"},{"floor":11,"key":"Swift Potion"},{"floor":24,"key":"Weak Potion"},{"floor":30,"key":"PowerPotion"}],"is_trial":false,"path_per_floor":["M","$","$","M","$","R","E","R","T","R","E","M","M","T","R","B",null,"M","M","$","?","M","R","M","R","T","R","?","?","M","E","R","B"],"character_chosen":"DEFECT","items_purchased":["FTL","Hologram","Dexterity Potion","SkillPotion"],"campfire_rested":5,"item_purchase_floors":[2,3,20,20],"current_hp_per_floor":[63,63,63,61,61,61,38,38,38,61,43,43,41,41,41,1,59,47,23,23,23,10,33,8,31,31,54,54,54,29,10,48,0],"gold":179,"neow_bonus":"HUNDRED_GOLD","is_prod":false,"is_daily":false,"chose_seed":false,"campfire_upgraded":3,"win_rate":0,"timestamp":1550216376,"path_taken":["M","?","$","M","?","R","E","R","T","R","E","M","M","?","R","BOSS","M","?","$","?","M","R","M","R","T","R","?","?","?","E","R","BOSS"],"build_version":"2019-01-23","purchased_purges":1,"victory":false,"max_hp_per_floor":[71,71,71,71,71,71,78,78,78,78,78,78,78,78,78,78,78,78,78,78,78,78,78,78,78,78,78,78,78,78,78,78,78],"card_choices":[{"not_picked":["Stack","Cold Snap"],"picked":"Streamline","floor":1},{"not_picked":["Hologram","Static Discharge"],"picked":"BootSequence","floor":4},{"not_picked":["Redo","Hologram"],"picked":"Chaos","floor":7},{"not_picked":["Aggregate","Fusion","Steam"],"picked":"SKIP","floor":11},{"not_picked":["Steam","Double Energy"],"picked":"Leap","floor":12},{"not_picked":["Stack","Steam"],"picked":"Coolheaded","floor":13},{"not_picked":["Hyperbeam+1","Biased Cognition"],"picked":"Electrodynamics","floor":16},{"not_picked":["Static Discharge","Steam Power"],"picked":"Compile Driver+1","floor":18},{"not_picked":["Leap","Hologram"],"picked":"Beam Cell+1","floor":19},{"not_picked":["Sweeping Beam+1","Force Field"],"picked":"Go for the Eyes+1","floor":22},{"not_picked":["Static Discharge","Coolheaded","Beam Cell+1"],"picked":"SKIP","floor":24},{"not_picked":["Stack","Static Discharge","Hologram"],"picked":"SKIP","floor":30},{"not_picked":["Turbo","Stack"],"picked":"Undo","floor":31}],"player_experience":289819,"relics_obtained":[{"floor":7,"key":"Strawberry"},{"floor":9,"key":"Dodecahedron"},{"floor":11,"key":"Ancient Tea Set"},{"floor":14,"key":"Molten Egg 2"},{"floor":26,"key":"PreservedInsect"},{"floor":31,"key":"War Paint"},{"floor":31,"key":"Torii"}],"event_choices":[{"damage_healed":0,"gold_gain":0,"cards_transformed":["Strike_B","Strike_B"],"player_choice":"Became Test Subject","damage_taken":0,"max_hp_gain":0,"max_hp_loss":0,"event_name":"Drug Dealer","floor":21,"gold_loss":0,"cards_obtained":["Blizzard","Reinforced Body"]},{"cards_removed":["Strike_B"],"damage_healed":0,"gold_gain":0,"player_choice":"Elegance","damage_taken":0,"max_hp_gain":0,"max_hp_loss":0,"event_name":"Back to Basics","floor":28,"gold_loss":0},{"damage_healed":0,"gold_gain":0,"player_choice":"Opened","damage_taken":0,"relics_obtained":["Regal Pillow"],"max_hp_gain":0,"max_hp_loss":0,"event_name":"The Mausoleum","floor":29,"gold_loss":0,"cards_obtained":["Writhe"]}],"is_beta":false,"boss_relics":[{"not_picked":["Sozu","Tiny House"],"picked":"Black Star"}],"items_purged_floors":[2],"is_endless":false,"potions_floor_spawned":[7,11,24,30],"killed_by":"Champ","ascension_level":19}