{"gold_per_floor":[365,111,130,3,3,3,39,39,39,39,58,58,78,118,118,246,246,261,261,279,304,304,304,340,340,392,410,445,80,113,127,127,258,258,276,25,48,73,73,112,112,155,155,155,194,219,14,0,0,0,0,0,0,33,33],"floor_reached":55,"playtime":3048,"items_purged":["Strike_G","Strike_G"],"score":1055,"play_id":"0d5d567e-5d30-4101-adc3-9d8720179c13","local_time":"20190104234114","is_ascension_mode":true,"campfire_choices":[{"data":"Skewer","floor":6,"key":"SMITH"},{"data":"Footwork","floor":8,"key":"SMITH"},{"data":"Neutralize","floor":12,"key":"SMITH"},{"data":"Deadly Poison","floor":15,"key":"SMITH"},{"data":"Wraith Form v2","floor":23,"key":"SMITH"},{"floor":32,"key":"REST"},{"floor":41,"key":"REST"},{"floor":44,"key":"REST"},{"floor":49,"key":"RECALL"},{"floor":52,"key":"REST"}],"neow_cost":"TEN_PERCENT_HP_LOSS","seed_source_timestamp":356172877700405,"circlet_count":0,"master_deck":["Defend_G","Defend_G","Defend_G+1","Defend_G","Defend_G","Strike_G+1","Strike_G","Strike_G","Survivor","Neutralize+1","Dash","Bandage Up","Caltrops","Footwork+1","Skewer+1","Cloak And Dagger+1","Wraith Form v2+1","Acrobatics","Deadly Poison+1","Venomology","Wraith Form v2","PiercingWail","Blur","Footwork","Writhe","Crippling Poison+1","A Thousand Cuts","Blur","Dagger Spray","Leg Sweep+1","Blade Dance","Die Die Die+1","Backflip+1","PiercingWail+1","Deflect+1","Riddle With Holes+1","Caltrops","Dodge and Roll+1","Terror+1","Footwork","Cloak And Dagger","Cloak And Dagger+1"],"relics":["Ring of the Snake","Membership Card","PreservedInsect","Golden Idol","Potion Belt","Mercury Hourglass","Lantern","Velvet Choker","Matryoshka","Vajra","Shuriken","Centennial Puzzle","War Paint","OrangePellets","Sundial","Dream Catcher","Fusion Hammer","Gremlin Horn","Ancient Tea Set","Kunai","Whetstone","Juzu Bracelet","StoneCalendar","Meat on the Bone","Red Mask","Bag of Marbles"],"potions_floor_usage":[14,21,24,27,28,28,31,31,33,37,38,40,45,50,50,50,55,55,55,55,55],"damage_taken":[{"damage":0,"enemies":"Jaw Worm","floor":1,"turns":4},{"damage":0,"enemies":"Small Slimes","floor":3,"turns":4},{"damage":19,"enemies":"Lagavulin","floor":7,"turns":6},{"damage":0,"enemies":"2 Louse","floor":11,"turns":3},{"damage":1,"enemies":"Gremlin Gang","floor":13,"turns":4},{"damage":2,"enemies":"Gremlin Nob","floor":14,"turns":4},{"damage":22,"enemies":"Hexaghost","floor":16,"turns":10},{"damage":0,"enemies":"Chosen","floor":18,"turns":4},{"damage":2,"enemies":"Shell Parasite","floor":20,"turns":6},{"damage":7,"enemies":"Centurion and Healer","floor":21,"turns":10},{"damage":0,"enemies":"Slavers","floor":24,"turns":6},{"damage":16,"enemies":"Snake Plant","floor":27,"turns":4},{"damage":5,"enemies":"Book of Stabbing","floor":28,"turns":5},{"damage":14,"enemies":"Gremlin Leader","floor":30,"turns":5},{"damage":1,"enemies":"Cultist and Chosen","floor":31,"turns":7},{"damage":47,"enemies":"Champ","floor":33,"turns":14},{"damage":21,"enemies":"3 Darklings","floor":35,"turns":5},{"damage":0,"enemies":"Orb Walker","floor":37,"turns":4},{"damage":2,"enemies":"Sphere and 2 Shapes","floor":38,"turns":5},{"damage":12,"enemies":"Giant Head","floor":40,"turns":9},{"damage":11,"enemies":"Nemesis","floor":42,"turns":7},{"damage":2,"enemies":"Reptomancer","floor":45,"turns":4},{"damage":9,"enemies":"Writhing Mass","floor":46,"turns":5},{"damage":16,"enemies":"Time Eater","floor":50,"turns":16},{"damage":31,"enemies":"Shield and Spear","floor":54,"turns":7},{"damage":43,"enemies":"The Heart","floor":55,"turns":8}],"seed_played":"5525289341805044168","potions_obtained":[{"floor":7,"key":"Poison Potion"},{"floor":11,"key":"GhostInAJar"},{"floor":14,"key":"FearPotion"},{"floor":16,"key":"Energy Potion"},{"floor":21,"key":"EssenceOfSteel"},{"floor":28,"key":"GhostInAJar"},{"floor":35,"key":"PowerPotion"},{"floor":37,"key":"Block Potion"},{"floor":54,"key":"Strength Potion"}],"is_trial":false,"path_per_floor":["M","$","M","$","?","R","E","R","T","?","M","R","M","E","R","B",null,"M","?","M","M","?","R","E","?","T","M","E","$","E","M","R","B",null,"M","$","M","M","?","E","R","E","T","R","E","M","$","?","R","B",null,"R","$","E","B"],"character_chosen":"THE_SILENT","items_purchased":["Membership Card","Bandage Up","Footwork","PreservedInsect","Skewer","OrangePellets","Sundial","A Thousand Cuts","Blur","Gremlin Horn","Ancient Tea Set","Footwork","GhostInAJar","Meat on the Bone"],"campfire_rested":4,"item_purchase_floors":[2,2,4,4,4,29,29,29,29,36,36,47,47,47],"current_hp_per_floor":[63,63,63,63,48,48,33,33,33,54,54,54,57,59,59,41,63,63,63,61,58,58,58,62,62,62,46,45,45,35,38,56,13,63,45,45,49,51,51,43,61,54,54,63,61,56,56,56,56,44,63,63,63,36,0],"gold":33,"neow_bonus":"TWO_FIFTY_GOLD","is_prod":false,"is_daily":false,"chose_seed":false,"campfire_upgraded":5,"win_rate":0,"timestamp":1546663274,"path_taken":["M","$","M","$","?","R","E","R","T","?","M","R","M","E","R","BOSS","M","?","?","M","?","R","E","?","T","M","E","$","E","M","R","BOSS","M","$","M","M","?","E","R","E","T","R","E","M","$","?","R","BOSS","R","$","E","BOSS"],"build_version":"2019-01-03v4","purchased_purges":2,"victory":false,"max_hp_per_floor":[63,63,63,63,63,63,63,63,63,63,63,63,63,63,63,63,63,63,63,63,63,63,63,63,63,63,63,63,63,63,63,63,63,63,63,63,63,63,63,63,63,63,63,63,63,63,63,63,63,63,63,63,63,63,63],"card_choices":[{"not_picked":["Poisoned Stab","Flying Knee"],"picked":"Dash","floor":1},{"not_picked":["Tactician","Deflect"],"picked":"Caltrops","floor":3},{"not_picked":["Sucker Punch","Blade Dance"],"picked":"Cloak And Dagger","floor":7},{"not_picked":["Cloak And Dagger","Underhanded Strike"],"picked":"Wraith Form v2","floor":11},{"not_picked":["Cloak And Dagger","Quick Slash"],"picked":"Acrobatics","floor":13},{"not_picked":["Choke","Blur"],"picked":"Deadly Poison","floor":14},{"not_picked":["Phantasmal Killer","Unload"],"picked":"Venomology","floor":16},{"not_picked":["Sucker Punch","Distraction","Quick Slash"],"picked":"SKIP","floor":18},{"not_picked":["Blur","Outmaneuver"],"picked":"PiercingWail","floor":20},{"not_picked":["Prepared+1","Blade Dance"],"picked":"Blur","floor":21},{"not_picked":["Poisoned Stab","Skewer"],"picked":"Footwork","floor":24},{"not_picked":["Flying Knee","Slice"],"picked":"Finisher","floor":27},{"not_picked":["Outmaneuver","Deflect"],"picked":"Crippling Poison+1","floor":28},{"not_picked":["Heel Hook","Glass Knife"],"picked":"Dagger Spray","floor":30},{"not_picked":["Terror","PiercingWail"],"picked":"Leg Sweep+1","floor":31},{"not_picked":["Tactician+1","Dodge and Roll"],"picked":"Blade Dance","floor":32},{"not_picked":["Venomology","Doppelganger"],"picked":"Die Die Die","floor":33},{"not_picked":["Flechettes","Outmaneuver","Sucker Punch"],"picked":"SKIP","floor":35},{"not_picked":["Escape Plan+1","Distraction"],"picked":"Backflip+1","floor":37},{"not_picked":["Quick Slash+1","Accuracy"],"picked":"PiercingWail+1","floor":38},{"not_picked":["Distraction+1","Deadly Poison"],"picked":"Deflect+1","floor":40},{"not_picked":["Cloak And Dagger","Backflip"],"picked":"Riddle With Holes+1","floor":41},{"not_picked":["A Thousand Cuts","Bane"],"picked":"Caltrops","floor":42},{"not_picked":["Deflect","Flechettes"],"picked":"Dodge and Roll+1","floor":44},{"not_picked":["Crippling Poison","Underhanded Strike+1"],"picked":"Terror+1","floor":45},{"not_picked":["Reflex","Deadly Poison","Poisoned Stab+1"],"picked":"SKIP","floor":46},{"not_picked":["Dagger Spray+1","Deflect"],"picked":"Cloak And Dagger","floor":52},{"not_picked":["Masterful Stab","Venomology"],"picked":"Cloak And Dagger+1","floor":54}],"player_experience":1170236,"relics_obtained":[{"floor":7,"key":"Potion Belt"},{"floor":9,"key":"Mercury Hourglass"},{"floor":14,"key":"Lantern"},{"floor":24,"key":"Matryoshka"},{"floor":26,"key":"Shuriken"},{"floor":26,"key":"Centennial Puzzle"},{"floor":28,"key":"War Paint"},{"floor":30,"key":"Dream Catcher"},{"floor":40,"key":"Kunai"},{"floor":42,"key":"Whetstone"},{"floor":43,"key":"Juzu Bracelet"},{"floor":45,"key":"StoneCalendar"},{"floor":54,"key":"Bag of Marbles"}],"event_choices":[{"damage_healed":0,"gold_gain":0,"player_choice":"Take Damage","damage_taken":15,"relics_obtained":["Golden Idol"],"max_hp_gain":0,"max_hp_loss":0,"event_name":"Golden Idol","floor":5,"gold_loss":0},{"damage_healed":21,"gold_gain":0,"player_choice":"Banana","damage_taken":0,"max_hp_gain":0,"max_hp_loss":0,"event_name":"Big Fish","floor":10,"gold_loss":0},{"damage_healed":0,"gold_gain":0,"player_choice":"Copied","damage_taken":0,"max_hp_gain":0,"max_hp_loss":0,"event_name":"Duplicator","floor":19,"gold_loss":0,"cards_obtained":["Wraith Form v2"]},{"damage_healed":0,"gold_gain":0,"player_choice":"Ignored","damage_taken":0,"max_hp_gain":0,"max_hp_loss":0,"event_name":"Ghosts","floor":22,"gold_loss":0},{"damage_healed":0,"gold_gain":0,"player_choice":"Opened","damage_taken":0,"relics_obtained":["Vajra"],"max_hp_gain":0,"max_hp_loss":0,"event_name":"The Mausoleum","floor":25,"gold_loss":0,"cards_obtained":["Writhe"]},{"cards_removed":["Finisher"],"damage_healed":0,"gold_gain":0,"player_choice":"Removed Attack","damage_taken":0,"max_hp_gain":0,"max_hp_loss":0,"event_name":"Falling","floor":39,"gold_loss":0},{"damage_healed":0,"gold_gain":0,"player_choice":"Paid","damage_taken":0,"relics_obtained":["Red Mask"],"max_hp_gain":0,"max_hp_loss":0,"event_name":"Tomb of Lord Red Mask","floor":48,"gold_loss":14}],"is_beta":true,"boss_relics":[{"not_picked":["Empty Cage","Snecko Eye"],"picked":"Velvet Choker"},{"not_picked":["Runic Pyramid","Runic Dome"],"picked":"Fusion Hammer"}],"items_purged_floors":[29,36],"is_endless":false,"potions_floor_spawned":[7,11,14,16,21,27,28,35,37,54],"killed_by":"The Heart","ascension_level":4}