{"path_per_floor":["M","M","M","?","T","R","M","?","T","?","M","M","R","$","R","B",null,"M","M","?","$","?","E","R","M","T","M","$","?","$","M","R"],"character_chosen":"DEFECT","items_purchased":["Sweeping Beam","Sunder","Reinforced Body","Orichalcum","Coolheaded"],"gold_per_floor":[109,127,144,144,144,144,164,129,129,204,222,234,234,180,180,276,276,296,306,256,138,168,199,199,209,209,220,65,65,18,34,34,34],"floor_reached":33,"campfire_rested":4,"playtime":1060,"current_hp_per_floor":[75,66,58,58,65,65,65,82,82,71,54,42,66,66,82,45,82,84,77,77,77,77,33,58,45,45,30,30,30,30,27,53,0],"items_purged":[],"gold":34,"score":257,"play_id":"b02a68cd-d400-40ba-a8dd-bd9d758351af","local_time":"20180428231444","is_prod":false,"is_daily":false,"chose_seed":false,"is_ascension_mode":false,"campfire_upgraded":1,"timestamp":1524971684,"path_taken":["M","M","M","?","?","R","M","?","T","?","?","M","R","?","R","BOSS","M","?","?","$","?","E","R","M","T","M","?","?","?","M","R","BOSS"],"build_version":"2018-04-27v3","seed_source_timestamp":1434590867788782,"purchased_purges":0,"victory":false,"master_deck":["Zap+1","Dualcast","Beam Cell","Static Discharge+1","White Noise","Ball Lightning","Beam Cell","Streamline","Sweeping Beam","Fission","Scrape","Leap","Leap","Self Repair","Leap","Barrage","Hologram","Melter","Stack+1","Sunder","Reinforced Body","FTL","Streamline","Coolheaded"],"max_hp_per_floor":[75,75,75,75,82,82,82,82,82,82,82,82,82,82,82,82,82,84,84,84,84,84,84,84,84,84,86,86,86,86,88,88,88],"relics":["Cracked Core","Art of War","Strawberry","Singing Bowl","Pandora\u0027s Box","Tiny Chest","Anchor","Shuriken","Orichalcum"],"card_choices":[{"not_picked":["Heatsinks","Go for the Eyes"],"picked":"Beam Cell","floor":1},{"not_picked":["Reinforced Body","Capacitor"],"picked":"Static Discharge","floor":2},{"not_picked":["Barrage","Force Field"],"picked":"White Noise","floor":3},{"not_picked":["Buffer","Hologram"],"picked":"Ball Lightning","floor":7},{"not_picked":["Cold Snap","Sweeping Beam"],"picked":"Beam Cell","floor":11},{"not_picked":["Capacitor","Stack"],"picked":"Streamline","floor":12},{"not_picked":["Prime","Biased Cognition"],"picked":"Fission","floor":16},{"not_picked":["Doom and Gloom","Axe Kick"],"picked":"Stack","floor":19},{"not_picked":["Stack","Gash"],"picked":"FTL","floor":23},{"not_picked":["Go for the Eyes","Impulse"],"picked":"Streamline","floor":25}],"player_experience":317750,"potions_floor_usage":[16,23,33],"damage_taken":[{"damage":0,"enemies":"Small Slimes","floor":1,"turns":4},{"damage":9,"enemies":"Jaw Worm","floor":2,"turns":4},{"damage":8,"enemies":"2 Louse","floor":3,"turns":3},{"damage":0,"enemies":"Exordium Wildlife","floor":7,"turns":4},{"damage":17,"enemies":"Exordium Thugs","floor":11,"turns":3},{"damage":12,"enemies":"Large Slime","floor":12,"turns":3},{"damage":37,"enemies":"The Guardian","floor":16,"turns":8},{"damage":0,"enemies":"Spheric Guardian","floor":18,"turns":2},{"damage":14,"enemies":"Shell Parasite","floor":19,"turns":5},{"damage":51,"enemies":"Slavers","floor":23,"turns":5},{"damage":20,"enemies":"Snecko","floor":25,"turns":4},{"damage":24,"enemies":"Centurion and Healer","floor":27,"turns":6},{"damage":12,"enemies":"Sentry and Sphere","floor":31,"turns":4},{"damage":58,"enemies":"Collector","floor":33,"turns":5}],"event_choices":[{"event_name":"Living Wall","player_choice":"Grow","floor":4,"damage_taken":0},{"event_name":"The Cleric","player_choice":"Healed","floor":8,"damage_taken":0},{"event_name":"World of Goop","player_choice":"Gather Gold","floor":10,"damage_taken":0},{"event_name":"The Joust","player_choice":"Bet on Owner","floor":20,"damage_taken":0},{"event_name":"The Mausoleum","player_choice":"Yes","floor":22,"damage_taken":0},{"event_name":"Addict","player_choice":"Ignored","floor":29,"damage_taken":0}],"boss_relics":[{"not_picked":["White Beast Statue","Eternal Feather"],"picked":"Pandora\u0027s Box"}],"potions_floor_spawned":[1,3,7,16,25,27],"seed_played":"-7686609172216337597","killed_by":"Collector","ascension_level":0,"is_trial":false}