{"path_per_floor":["M","?","M","$","M","R","E","?","T","M","R","E","T","M","R","B",null,"M","?","?","M","$","R","M","R","T","M","R","M","?","M","R"],"character_chosen":"IRONCLAD","items_purchased":["Ornamental Fan"],"gold_per_floor":[18,18,38,38,48,48,80,80,80,94,94,128,155,167,167,264,264,280,280,280,295,35,35,53,53,101,113,113,129,129,143,143],"floor_reached":33,"campfire_rested":1,"playtime":2188,"current_hp_per_floor":[80,77,75,75,77,77,65,65,65,66,66,62,62,64,64,63,80,76,76,76,74,74,74,64,64,64,66,66,37,37,11,35],"items_purged":[],"gold":143,"score":257,"play_id":"78f2146a-809f-49b8-aa69-a8f0b0ef53ab","is_prod":false,"is_daily":false,"is_ascension_mode":false,"campfire_upgraded":4,"path_taken":["M","?","M","?","M","R","E","?","T","M","R","E","?","M","R","BOSS","M","?","?","M","$","R","?","R","T","?","R","M","?","M","R","BOSS"],"build_version":"2018-02-15-PROD1","purchased_purges":0,"victory":false,"master_deck":["Strike_R","Strike_R","Defend_R","Defend_R","Defend_R","Bash","Heavy Blade","Rampage+1","Offering+1","Iron Wave+1","Clash","Dropkick","Rampage+1","Pommel Strike","Demon Form","Wild Strike+1","Rage","Shrug It Off+1","Rampage+1","Decay","Disarm"],"max_hp_per_floor":[80,80,80,80,80,80,80,80,80,80,80,80,80,80,80,80,80,80,80,80,80,80,80,80,80,80,80,80,80,80,80,80],"relics":["Burning Blood","Oddly Smooth Stone","Vajra","Peace Pipe","Orichalcum","Lantern","Black Star","Ornamental Fan","Art of War"],"card_choices":[{"not_picked":["Blood for Blood","Cleave"],"picked":"Offering"},{"not_picked":["Thunderclap","Headbutt"],"picked":"Iron Wave"},{"not_picked":["Infernal Blade","Seeing Red"],"picked":"Clash"},{"not_picked":["Body Slam","Power Through"],"picked":"Dropkick"},{"not_picked":["Clothesline","Armaments"],"picked":"Rampage"},{"not_picked":["Impervious","Twin Strike"],"picked":"Pommel Strike"},{"not_picked":["Barricade","Limit Break"],"picked":"Demon Form"},{"not_picked":["Searing Blow","Body Slam"],"picked":"Wild Strike"},{"not_picked":["Clothesline","Combust"],"picked":"Rage"},{"not_picked":["Cleave","Corruption"],"picked":"Shrug It Off"},{"not_picked":["Clothesline","Thunderclap"],"picked":"Rampage"},{"not_picked":["Feel No Pain","Havoc"],"picked":"Disarm"}],"player_experience":146656,"potions_floor_usage":[12,16,24,24,33],"damage_taken":[{"damage":5,"enemies":"Jaw Worm","floor":1,"turns":4},{"damage":8,"enemies":"Small Slimes","floor":3,"turns":2},{"damage":4,"enemies":"Cultist","floor":5,"turns":2},{"damage":18,"enemies":"3 Sentries","floor":7,"turns":8},{"damage":5,"enemies":"2 Fungi Beasts","floor":10,"turns":3},{"damage":10,"enemies":"Lagavulin","floor":12,"turns":4},{"damage":4,"enemies":"Exordium Wildlife","floor":14,"turns":1},{"damage":7,"enemies":"Slime Boss","floor":16,"turns":5},{"damage":10,"enemies":"Shell Parasite","floor":18,"turns":3},{"damage":8,"enemies":"Spheric Guardian","floor":21,"turns":3},{"damage":16,"enemies":"Centurion and Healer","floor":24,"turns":4},{"damage":4,"enemies":"Slaver and Parasite","floor":27,"turns":4},{"damage":35,"enemies":"Cultist and Chosen","floor":29,"turns":6},{"damage":32,"enemies":"Centurion and Healer","floor":31,"turns":7},{"damage":40,"enemies":"Collector","floor":33,"turns":6}],"event_choices":[{"event_name":"Scrap Ooze","player_choice":"success","floor":2,"damage_taken":3},{"event_name":"Living Wall","player_choice":"Grow","floor":8,"damage_taken":0},{"event_name":"Drug Dealer","player_choice":"Ignored","floor":19,"damage_taken":0},{"event_name":"Vampires","player_choice":"Ignored","floor":20,"damage_taken":0},{"event_name":"Forgotten Altar","player_choice":"Smashed Altar","floor":30,"damage_taken":0}],"boss_relics":[{"not_picked":["Eternal Feather","Cursed Key"],"picked":"Black Star"}],"potions_floor_spawned":[1,5,14,18,31],"seed_played":"-8428278783349263416","killed_by":"Collector","ascension_level":0,"is_trial":false}