{"path_per_floor":["M","M","M","M","M","R","E","R","T","$","E","R","M","E","R","B",null,"M","M","?","?","?","?","M","?","T","R","M","M","M","T","R"],"character_chosen":"IRONCLAD","items_purchased":[],"gold_per_floor":[12,29,44,63,79,79,106,106,106,31,57,57,75,105,105,201,201,216,233,233,233,267,267,281,181,205,205,219,230,246,246,246,246],"floor_reached":33,"campfire_rested":4,"playtime":1601,"current_hp_per_floor":[80,80,80,80,80,80,61,61,61,61,33,57,54,40,64,25,82,64,50,34,63,34,34,39,39,39,47,34,23,23,23,51,0],"items_purged":["Defend_R"],"gold":246,"score":335,"play_id":"45205154-15b4-4cc3-89ee-80961ab82d3a","local_time":"20180408180604","is_prod":false,"is_daily":false,"is_ascension_mode":true,"campfire_upgraded":2,"timestamp":1523225164,"path_taken":["M","M","M","M","M","R","E","R","T","$","E","R","M","E","R","BOSS","M","M","?","?","?","?","M","?","T","R","M","M","M","?","R","BOSS"],"build_version":"2018-04-05","purchased_purges":1,"victory":false,"master_deck":["Strike_R","Strike_R","Strike_R","Strike_R","Strike_R","Defend_R","Defend_R","Defend_R","Bash","Shockwave+1","Shrug It Off","Headbutt","Shrug It Off","Limit Break+1","Rage","Offering","Rampage","Ghostly","Ghostly","Ghostly","Ghostly","Ghostly","J.A.X.","Second Wind"],"max_hp_per_floor":[80,80,80,80,80,80,80,80,80,80,80,80,80,82,82,82,82,82,84,89,89,91,45,47,47,47,47,49,51,51,51,51,51],"relics":["Burning Blood","Ginger","Ice Cream","Du-Vu Doll","Juzu Bracelet","Singing Bowl","Mark of Pain","Red Mask","Regal Pillow","Calipers"],"card_choices":[{"not_picked":["Disarm","Heavy Blade"],"picked":"Shockwave","floor":1},{"not_picked":["Fire Breathing","Havoc"],"picked":"Shrug It Off","floor":2},{"not_picked":["Cleave","Heavy Blade"],"picked":"Headbutt","floor":3},{"not_picked":["Clash","Metallicize"],"picked":"Shrug It Off","floor":5},{"not_picked":["Flex","Clash"],"picked":"Limit Break","floor":7},{"not_picked":["Shrug It Off","Reckless Charge"],"picked":"Rage","floor":11},{"not_picked":["Juggernaut","Brutality"],"picked":"Offering","floor":16},{"not_picked":["Twin Strike","Fire Breathing"],"picked":"Rampage","floor":18},{"not_picked":["Twin Strike","Power Through"],"picked":"Second Wind","floor":30}],"player_experience":142994,"potions_floor_usage":[7,16,22,28,28,30,33],"damage_taken":[{"damage":3,"enemies":"Jaw Worm","floor":1,"turns":5},{"damage":4,"enemies":"Small Slimes","floor":2,"turns":4},{"damage":4,"enemies":"Cultist","floor":3,"turns":5},{"damage":4,"enemies":"Looter","floor":4,"turns":4},{"damage":0,"enemies":"Large Slime","floor":5,"turns":5},{"damage":25,"enemies":"Lagavulin","floor":7,"turns":6},{"damage":34,"enemies":"Gremlin Nob","floor":11,"turns":5},{"damage":9,"enemies":"Red Slaver","floor":13,"turns":5},{"damage":22,"enemies":"Lagavulin","floor":14,"turns":6},{"damage":60,"enemies":"Slime Boss","floor":16,"turns":19},{"damage":24,"enemies":"3 Byrds","floor":18,"turns":7},{"damage":22,"enemies":"Spheric Guardian","floor":19,"turns":5},{"damage":37,"enemies":"Masked Bandits","floor":22,"turns":5},{"damage":3,"enemies":"Slaver and Parasite","floor":24,"turns":8},{"damage":21,"enemies":"Chosen and Byrds","floor":28,"turns":9},{"damage":19,"enemies":"Centurion and Healer","floor":29,"turns":8},{"damage":6,"enemies":"Sentry and Sphere","floor":30,"turns":8},{"damage":53,"enemies":"Collector","floor":33,"turns":9}],"event_choices":[{"event_name":"Forgotten Altar","player_choice":"Shed Blood","floor":20,"damage_taken":0},{"event_name":"The Library","player_choice":"Heal","floor":21,"damage_taken":0},{"event_name":"Masked Bandits","player_choice":"Fought over 233 gold","floor":22,"damage_taken":0},{"event_name":"Ghosts","player_choice":"Became a Ghost","floor":23,"damage_taken":0},{"event_name":"Drug Dealer","player_choice":"Got JAXXED","floor":25,"damage_taken":0}],"boss_relics":[{"not_picked":["Velvet Choker","Runic Cube"],"picked":"Mark of Pain"}],"potions_floor_spawned":[1,2,5,7,16,19,24,29],"seed_played":"3433624083823803386","killed_by":"Collector","ascension_level":3,"is_trial":false}