{"path_per_floor":["M","$","M","M","?","R","E","M","T","?","M","R","?","M","R","B",null,"M","$","M","?","$","R","M"],"character_chosen":"IRONCLAD","items_purchased":["Evolve","True Grit","Oddly Smooth Stone","Evolve","Armaments","Shrug It Off"],"gold_per_floor":[361,193,213,228,228,228,264,258,335,335,350,350,350,374,374,494,494,507,148,161,86,59,59,83],"floor_reached":25,"campfire_rested":2,"playtime":1189,"current_hp_per_floor":[79,79,79,80,80,80,55,32,32,32,36,60,44,48,72,29,67,67,67,52,52,52,52,40],"items_purged":["Decay","Strike_R"],"gold":83,"score":253,"play_id":"34fb2b25-8c11-4082-99a3-2a8f60613b32","local_time":"20180321155937","is_prod":false,"is_daily":false,"is_ascension_mode":true,"campfire_upgraded":2,"timestamp":1521662377,"path_taken":["M","$","M","M","?","R","E","M","T","?","?","R","?","?","R","BOSS","M","$","M","?","?","R","M","M"],"build_version":"2018-03-15v3","purchased_purges":2,"victory":false,"master_deck":["Strike_R","Strike_R","Strike_R","Defend_R","Defend_R","Defend_R","Defend_R","Bash+1","Shrug It Off","Evolve","True Grit","Wild Strike","Armaments+1","Double Tap+1","Sever Soul","Shrug It Off","Infernal Blade","Fiend Fire+1","Evolve","Armaments","Shrug It Off","Armaments+1"],"max_hp_per_floor":[80,80,80,80,80,80,80,80,80,80,80,80,80,80,80,80,80,80,80,80,80,80,80,80],"relics":["Burning Blood","Golden Idol","Ice Cream","Kunai","Spirit Poop","Mark of Pain","Oddly Smooth Stone"],"card_choices":[{"not_picked":["Pommel Strike","Dual Wield"],"picked":"Shrug It Off"},{"not_picked":["Berserk","Clash"],"picked":"Wild Strike"},{"not_picked":["Shrug It Off","Warcry"],"picked":"Armaments"},{"not_picked":["Twin Strike","Iron Wave"],"picked":"Double Tap"},{"not_picked":["Dual Wield","Bloodletting"],"picked":"Sever Soul"},{"not_picked":["Twin Strike","Flame Barrier"],"picked":"Shrug It Off"},{"not_picked":["Heavy Blade","Cleave"],"picked":"Infernal Blade"},{"not_picked":["Barricade","Juggernaut"],"picked":"Fiend Fire"},{"not_picked":["Shrug It Off","Entrench"],"picked":"Armaments"}],"player_experience":642959,"potions_floor_usage":[16,16,16],"damage_taken":[{"damage":7,"enemies":"Jaw Worm","floor":1,"turns":5},{"damage":6,"enemies":"Small Slimes","floor":3,"turns":6},{"damage":3,"enemies":"Cultist","floor":4,"turns":5},{"damage":31,"enemies":"3 Sentries","floor":7,"turns":13},{"damage":29,"enemies":"Exordium Thugs","floor":8,"turns":4},{"damage":2,"enemies":"2 Fungi Beasts","floor":11,"turns":3},{"damage":2,"enemies":"Red Slaver","floor":14,"turns":4},{"damage":79,"enemies":"Slime Boss","floor":16,"turns":11},{"damage":6,"enemies":"Spheric Guardian","floor":18,"turns":4},{"damage":21,"enemies":"2 Thieves","floor":20,"turns":5},{"damage":18,"enemies":"Centurion and Healer","floor":24,"turns":6},{"damage":46,"enemies":"Sentry and Sphere","floor":25,"turns":7}],"event_choices":[{"event_name":"Golden Idol","player_choice":"Take Wound","floor":5,"damage_taken":0},{"event_name":"Bonfire Elementals","player_choice":"CURSE","floor":10,"damage_taken":0},{"event_name":"Shining Light","player_choice":"Entered Light","floor":13,"damage_taken":0},{"event_name":"Beggar","player_choice":"Gave Gold","floor":21,"damage_taken":0}],"boss_relics":[{"not_picked":["Velvet Choker","Ectoplasm"],"picked":"Mark of Pain"}],"potions_floor_spawned":[3,4,11,20],"seed_played":"-3839348770284948717","killed_by":"Sentry and Sphere","ascension_level":5,"is_trial":false}