{"gold_per_floor":[117,127,127,147,166,166,182,215,215,228,72,72,83,83,83,185,185,204,3,19,19,19,19],"floor_reached":23,"playtime":960,"items_purged":["Strike_B"],"score":280,"play_id":"bb8cf162-0faf-429c-be83-0a84efaace5e","local_time":"20180901221206","is_ascension_mode":true,"campfire_choices":[{"floor":6,"key":"REST"},{"floor":12,"key":"REST"},{"floor":15,"key":"REST"}],"neow_cost":"NONE","seed_source_timestamp":1247531229869317,"circlet_count":0,"master_deck":["Strike_B+1","Defend_B","Defend_B","Defend_B","Zap","Dualcast+1","Hologram","Ball Lightning","Consume","Go for the Eyes","Sunder","Leap","Doom and Gloom","Defragment","Barrage","Go for the Eyes","Biased Cognition","White Noise+1","Barrage+1","Rebound+1","Turbo+1","Defragment","Leap"],"relics":["Cracked Core","Bronze Scales","Strawberry","Vajra","Anchor","Astrolabe","DollysMirror","Molten Egg 2"],"potions_floor_usage":[8,16,20,23],"damage_taken":[{"damage":8,"enemies":"Jaw Worm","floor":1,"turns":5},{"damage":0,"enemies":"Cultist","floor":2,"turns":4},{"damage":0,"enemies":"Small Slimes","floor":4,"turns":3},{"damage":13,"enemies":"2 Fungi Beasts","floor":5,"turns":3},{"damage":6,"enemies":"Looter","floor":7,"turns":3},{"damage":12,"enemies":"Gremlin Nob","floor":8,"turns":3},{"damage":16,"enemies":"3 Louse","floor":10,"turns":2},{"damage":18,"enemies":"Exordium Thugs","floor":13,"turns":2},{"damage":23,"enemies":"Slime Boss","floor":16,"turns":7},{"damage":14,"enemies":"Shell Parasite","floor":18,"turns":4},{"damage":20,"enemies":"2 Thieves","floor":20,"turns":3},{"damage":19,"enemies":"Slavers","floor":23,"turns":2}],"seed_played":"5658970896644202436","potions_obtained":[{"floor":1,"key":"Strength Potion"},{"floor":5,"key":"Weak Potion"},{"floor":10,"key":"Weak Potion"},{"floor":13,"key":"LiquidBronze"},{"floor":20,"key":"Dexterity Potion"}],"is_trial":false,"path_per_floor":["M","M","?","M","M","R","M","E","T","M","$","R","M","?","R","B",null,"M","$","M","?","?"],"character_chosen":"DEFECT","items_purchased":["Defragment","Barrage","DollysMirror"],"campfire_rested":3,"item_purchase_floors":[11,11,19],"current_hp_per_floor":[60,60,45,45,32,54,48,43,43,27,27,51,33,26,50,27,68,54,54,34,18,18,0],"gold":19,"neow_bonus":"RANDOM_COMMON_RELIC","is_prod":false,"is_daily":false,"chose_seed":false,"campfire_upgraded":0,"win_rate":0,"timestamp":1535854326,"path_taken":["M","M","?","M","M","R","M","E","T","?","?","R","M","?","R","BOSS","M","$","M","?","?","E"],"build_version":"2018-08-30","purchased_purges":1,"victory":false,"max_hp_per_floor":[75,75,75,75,75,75,75,82,82,82,82,82,82,82,82,82,82,82,82,82,87,87,87],"card_choices":[{"not_picked":["Lockon","Turbo"],"picked":"Hologram","floor":1},{"not_picked":["Rebound","Steam Power"],"picked":"Ball Lightning","floor":2},{"not_picked":["Ball Lightning","Gash"],"picked":"Consume","floor":4},{"not_picked":["Aggregate","Double Energy"],"picked":"Go for the Eyes","floor":5},{"not_picked":["Redo","Barrage"],"picked":"Sunder","floor":7},{"not_picked":["Streamline","Beam Cell"],"picked":"Leap","floor":8},{"not_picked":["Redo","Skim"],"picked":"Doom and Gloom","floor":10},{"not_picked":["Meteor Strike","Sweeping Beam"],"picked":"Go for the Eyes","floor":13},{"not_picked":["All For One","Reboot"],"picked":"Biased Cognition","floor":16},{"not_picked":["Sweeping Beam","Barrage+1"],"picked":"Turbo+1","floor":18},{"not_picked":["Lockon","Barrage+1"],"picked":"Leap","floor":20}],"player_experience":835571,"relics_obtained":[{"floor":8,"key":"Strawberry"},{"floor":9,"key":"Vajra"}],"event_choices":[{"event_name":"Shining Light","player_choice":"Entered Light","floor":3,"damage_taken":0},{"event_name":"Scrap Ooze","player_choice":"success","floor":14,"damage_taken":7},{"event_name":"Forgotten Altar","player_choice":"Shed Blood","floor":21,"damage_taken":0},{"event_name":"The Mausoleum","player_choice":"Yes","floor":22,"damage_taken":0}],"is_beta":true,"boss_relics":[{"not_picked":["Empty Cage","Tiny House"],"picked":"Astrolabe"}],"items_purged_floors":[11],"is_endless":false,"potions_floor_spawned":[1,5,10,13,20],"killed_by":"Slavers","ascension_level":9}