{"gold_per_floor":[12,12,12,12,27,27,62,62,89,123,137,137,163,163,163,241,241,254,279,297,347,347,347,375,375,398,237,237,250,262,287,287,365,365,378,378,390,390,390,390,419,419,444,460,473,17,28,55,55,55,55,55,55,28,56,56],"floor_reached":57,"playtime":5940,"items_purged":["FTL"],"score":2633,"play_id":"ea1eae89-b63b-4844-9ad3-6ba0e0c66f68","local_time":"20190116225148","is_ascension_mode":true,"campfire_choices":[{"data":"Rip and Tear","floor":6.0,"key":"SMITH"},{"floor":12.0,"key":"REST"},{"data":"Sunder","floor":15.0,"key":"SMITH"},{"data":"Hologram","floor":23.0,"key":"SMITH"},{"floor":25.0,"key":"REST"},{"data":"Capacitor","floor":28.0,"key":"SMITH"},{"floor":32.0,"key":"RECALL"},{"data":"Panacea","floor":40.0,"key":"SMITH"},{"data":"Chill","floor":49.0,"key":"SMITH"},{"data":"Coolheaded","floor":53.0,"key":"SMITH"}],"neow_cost":"NO_GOLD","seed_source_timestamp":0,"circlet_count":0,"master_deck":["AscendersBane","Defend_B","Defend_B","Defend_B","Defend_B","Zap+1","Dualcast","Rip and Tear+1","Leap","Chill+1","Creative AI","Sunder+1","Echo Form","Hologram+1","Coolheaded+1","Bite","Bite","Bite","Bite","Bite","Capacitor+1","Compile Driver","Glacier+1","Creative AI","Loop+1","Dark Shackles","Panacea+1","Meteor Strike","Core Surge","Machine Learning"],"special_seed":0,"relics":["Cracked Core","Pocketwatch","Art of War","Vajra","Kunai","Snecko Eye","Red Mask","Happy Flower","Strawberry","Nuclear Battery","Anchor","Dream Catcher","Membership Card","Ice Cream","PreservedInsect","Pen Nib"],"potions_floor_usage":[55,56],"damage_taken":[{"damage":7.0,"enemies":"Jaw Worm","floor":1.0,"turns":3.0},{"damage":5.0,"enemies":"2 Louse","floor":5.0,"turns":3.0},{"damage":20.0,"enemies":"Lagavulin","floor":7.0,"turns":6.0},{"damage":17.0,"enemies":"3 Sentries","floor":10.0,"turns":6.0},{"damage":0.0,"enemies":"Cultist","floor":11.0,"turns":2.0},{"damage":24.0,"enemies":"Slime Boss","floor":16.0,"turns":8.0},{"damage":5.0,"enemies":"Chosen","floor":18.0,"turns":4.0},{"damage":3.0,"enemies":"Masked Bandits","floor":19.0,"turns":4.0},{"damage":0.0,"enemies":"Spheric Guardian","floor":20.0,"turns":3.0},{"damage":24.0,"enemies":"Gremlin Leader","floor":24.0,"turns":5.0},{"damage":0.0,"enemies":"Chosen and Byrds","floor":29.0,"turns":5.0},{"damage":15.0,"enemies":"Shelled Parasite and Fungi","floor":30.0,"turns":3.0},{"damage":13.0,"enemies":"Book of Stabbing","floor":31.0,"turns":5.0},{"damage":40.0,"enemies":"Automaton","floor":33.0,"turns":8.0},{"damage":12.0,"enemies":"3 Shapes","floor":35.0,"turns":7.0},{"damage":18.0,"enemies":"Orb Walker","floor":37.0,"turns":3.0},{"damage":19.0,"enemies":"Nemesis","floor":41.0,"turns":17.0},{"damage":20.0,"enemies":"Maw","floor":44.0,"turns":8.0},{"damage":11.0,"enemies":"Spire Growth","floor":45.0,"turns":6.0},{"damage":2.0,"enemies":"Writhing Mass","floor":47.0,"turns":9.0},{"damage":2.0,"enemies":"Giant Head","floor":48.0,"turns":6.0},{"damage":42.0,"enemies":"Awakened One","floor":50.0,"turns":21.0},{"damage":23.0,"enemies":"Time Eater","floor":51.0,"turns":13.0},{"damage":45,"enemies":"Shield and Spear","floor":55,"turns":14},{"damage":68,"enemies":"The Heart","floor":56,"turns":15}],"seed_played":"6521249207391334907","potions_obtained":[{"floor":11.0,"key":"Strength Potion"},{"floor":16.0,"key":"LiquidBronze"},{"floor":18.0,"key":"Regen Potion"},{"floor":19.0,"key":"LiquidBronze"},{"floor":31.0,"key":"EssenceOfSteel"},{"floor":44.0,"key":"Block Potion"},{"floor":47.0,"key":"EntropicBrew"},{"floor":48.0,"key":"SpeedPotion"}],"is_trial":false,"path_per_floor":["M","$","?","?","M","R","E","?","T","E","M","R","T","?","R","B",null,"M","?","M","?","?","R","E","R","T","$","R","M","M","E","R","B",null,"M","?","M","?","?","R","E","?","T","M","M","$","M","E","R","B","B",null,"R","$","E","B",null],"character_chosen":"DEFECT","items_purchased":["Capacitor","Membership Card","Ice Cream","Meteor Strike","SpeedPotion"],"campfire_rested":2,"item_purchase_floors":[27,46,46,46,54],"current_hp_per_floor":[57,57,57,50,45,45,25,25,25,8,8,29,29,29,29,7,55,52,63,65,65,65,65,47,68,68,68,68,71,56,58,58,28,66,70,70,60,60,55,55,74,74,74,74,74,74,74,74,74,74,74,74,74,74,74,46],"gold":56,"neow_bonus":"ONE_RARE_RELIC","is_prod":false,"is_daily":false,"chose_seed":false,"campfire_upgraded":7,"win_rate":0,"timestamp":1547707908,"path_taken":["M","$","?","?","M","R","E","?","T","E","?","R","?","?","R","BOSS","M","?","M","?","?","R","E","R","T","$","R","M","M","E","R","BOSS","M","?","M","?","?","R","E","?","T","M","M","$","M","E","R","BOSS","BOSS","R","$","E","BOSS"],"build_version":"2019-01-16","purchased_purges":1,"victory":true,"max_hp_per_floor":[71,71,71,71,71,71,71,71,71,71,71,71,71,71,71,71,71,71,71,71,71,71,71,71,71,71,71,71,71,71,78,78,78,78,78,74,74,74,74,74,74,74,74,74,74,74,74,74,74,74,74,74,74,74,74,74],"card_choices":[{"not_picked":["Sweeping Beam","Rebound"],"picked":"FTL","floor":1.0},{"not_picked":["Lockon","Auto Shields"],"picked":"Rip and Tear","floor":5.0},{"not_picked":["Redo","Double Energy"],"picked":"Leap","floor":7.0},{"not_picked":["Leap","Steam"],"picked":"Chill","floor":10.0},{"not_picked":["Gash","Redo"],"picked":"Creative AI","floor":11.0},{"not_picked":["Seek","Thunder Strike"],"picked":"Echo Form","floor":16.0},{"not_picked":["Genetic Algorithm","Ball Lightning"],"picked":"Hologram","floor":18.0},{"not_picked":["Doom and Gloom","Rip and Tear"],"picked":"Coolheaded","floor":19.0},{"not_picked":["Gash","Sweeping Beam","Ball Lightning"],"picked":"SKIP","floor":20.0},{"not_picked":["Redo","Steam","Heatsinks"],"picked":"SKIP","floor":24.0},{"not_picked":["Rebound","Multi-Cast"],"picked":"Compile Driver","floor":29.0},{"not_picked":["Scrape","Stack"],"picked":"Glacier+1","floor":30.0},{"not_picked":["Go for the Eyes","Tempest","Aggregate"],"picked":"SKIP","floor":31.0},{"not_picked":["Thunder Strike","Hyperbeam"],"picked":"Creative AI","floor":33.0},{"not_picked":["Turbo","Rebound","Conserve Battery"],"picked":"SKIP","floor":35.0},{"not_picked":["Aggregate","Hologram+1"],"picked":"Loop+1","floor":37.0},{"not_picked":["Mind Blast","Jack Of All Trades"],"picked":"Dark Shackles","floor":39.0},{"not_picked":["Bandage Up","Jack Of All Trades"],"picked":"Panacea","floor":39.0},{"not_picked":["Go for the Eyes","Beam Cell","Chaos"],"picked":"SKIP","floor":41.0},{"not_picked":["Genetic Algorithm","Redo","Beam Cell+1"],"picked":"SKIP","floor":44.0},{"not_picked":["Sweeping Beam","Rebound","Streamline"],"picked":"SKIP","floor":45.0},{"not_picked":["Steam","Hello World","Leap"],"picked":"SKIP","floor":47.0},{"not_picked":["Hologram+1","Ball Lightning"],"picked":"Core Surge","floor":48.0},{"not_picked":["Gash","Cold Snap"],"picked":"Machine Learning","floor":55}],"player_experience":1227641,"relics_obtained":[{"floor":7.0,"key":"Art of War"},{"floor":9.0,"key":"Vajra"},{"floor":10.0,"key":"Kunai"},{"floor":13.0,"key":"Blood Vial"},{"floor":19.0,"key":"Red Mask"},{"floor":24.0,"key":"Happy Flower"},{"floor":31.0,"key":"Strawberry"},{"floor":41.0,"key":"Anchor"},{"floor":43.0,"key":"Dream Catcher"},{"floor":48.0,"key":"PreservedInsect"},{"floor":55,"key":"Pen Nib"}],"event_choices":[{"damage_healed":0.0,"max_hp_gain":0.0,"max_hp_loss":0.0,"gold_gain":0.0,"event_name":"Liars Game","player_choice":"Ignored","floor":3.0,"gold_loss":0.0,"damage_taken":0.0},{"cards_removed":["Strike_B"],"damage_healed":0.0,"max_hp_gain":0.0,"max_hp_loss":0.0,"gold_gain":0.0,"event_name":"Golden Wing","player_choice":"Card Removal","floor":4.0,"gold_loss":0.0,"damage_taken":7.0},{"damage_healed":0.0,"max_hp_gain":0.0,"max_hp_loss":0.0,"gold_gain":0.0,"event_name":"Upgrade Shrine","player_choice":"Upgraded","floor":8.0,"gold_loss":0.0,"damage_taken":0.0,"cards_upgraded":["Zap"]},{"damage_healed":0.0,"max_hp_gain":0.0,"max_hp_loss":0.0,"gold_gain":0.0,"cards_transformed":["Strike_B"],"event_name":"Living Wall","player_choice":"Change","floor":14.0,"gold_loss":0.0,"damage_taken":0.0,"cards_obtained":["Sunder"]},{"damage_healed":0.0,"max_hp_gain":0.0,"max_hp_loss":0.0,"gold_gain":0.0,"event_name":"Masked Bandits","player_choice":"Fought Bandits","floor":19.0,"gold_loss":0.0,"damage_taken":0.0},{"damage_healed":0.0,"max_hp_gain":0.0,"max_hp_loss":0.0,"gold_gain":50.0,"event_name":"Nest","player_choice":"Stole From Cult","floor":21.0,"gold_loss":0.0,"damage_taken":0.0},{"damage_healed":0.0,"max_hp_gain":0.0,"max_hp_loss":0.0,"gold_gain":0.0,"event_name":"Vampires","player_choice":"Became a vampire (Vial)","floor":22.0,"relics_lost":["Blood Vial"],"gold_loss":0.0,"damage_taken":0.0,"cards_obtained":["Bite","Bite","Bite","Bite","Bite"]},{"damage_healed":0.0,"max_hp_gain":0.0,"max_hp_loss":4.0,"gold_gain":0.0,"event_name":"Winding Halls","player_choice":"Max HP","floor":36.0,"gold_loss":0.0,"damage_taken":0.0},{"damage_healed":0.0,"max_hp_gain":0.0,"max_hp_loss":0.0,"gold_gain":0.0,"event_name":"Tomb of Lord Red Mask","player_choice":"Ignored","floor":38.0,"gold_loss":0.0,"damage_taken":0.0},{"damage_healed":0.0,"max_hp_gain":0.0,"max_hp_loss":0.0,"gold_gain":0.0,"event_name":"SensoryStone","player_choice":"Memory 2","floor":39.0,"gold_loss":0.0,"damage_taken":5.0},{"damage_healed":0.0,"max_hp_gain":0.0,"max_hp_loss":0.0,"gold_gain":0.0,"event_name":"Mysterious Sphere","player_choice":"Ignored","floor":42.0,"gold_loss":0.0,"damage_taken":0.0}],"is_beta":true,"boss_relics":[{"not_picked":["White Beast Statue","Tiny House"],"picked":"Snecko Eye"},{"not_picked":["Orrery","Eternal Feather"],"picked":"Nuclear Battery"}],"items_purged_floors":[27],"is_endless":false,"potions_floor_spawned":[11,16,18,19,31,44,45,47,48],"ascension_level":20}