{"path_per_floor":["M","?","?","?","$","E","M","E","T","R","M","E","T","M","R","B",null,"M","M","?","$","M","R","?","M","T","E","M","R","E","M","R","B",null,"M","$","?","M","?","R","M","E","T","M","M","$","?","M","R","B"],"character_chosen":"DEFECT","items_purchased":["Go for the Eyes","Bag of Preparation","Sunder","Mummified Hand","FTL","Bandage Up"],"gold_per_floor":[112,112,112,62,10,40,50,79,79,79,95,126,126,137,137,235,235,246,258,258,46,62,62,162,178,178,211,227,227,260,276,276,378,378,389,20,20,40,40,70,84,114,114,128,142,51,51,68,68,68],"floor_reached":51,"campfire_rested":4,"playtime":2396,"item_purchase_floors":[5,21,21,36,36,46],"current_hp_per_floor":[75,68,68,68,68,68,68,50,50,50,50,39,39,30,52,66,75,69,41,41,41,35,57,57,53,53,10,13,35,26,21,43,57,75,67,67,67,64,64,64,60,18,18,18,18,18,66,66,66,26],"items_purged":["Strike_B"],"gold":68,"score":787,"play_id":"35211107-37e4-4df4-b798-21f30e3e2a72","local_time":"20180624185000","is_prod":false,"is_daily":false,"chose_seed":false,"is_ascension_mode":false,"campfire_upgraded":0,"win_rate":0,"timestamp":1529880600,"campfire_choices":[{"floor":10,"key":"DIG"},{"floor":15,"key":"REST"},{"floor":23,"key":"REST"},{"floor":29,"key":"REST"},{"floor":32,"key":"REST"},{"floor":40,"key":"DIG"},{"floor":49,"key":"DIG"}],"path_taken":["M","?","?","?","?","E","?","E","T","R","M","E","?","M","R","BOSS","M","M","?","$","M","R","?","M","T","E","M","R","E","M","R","BOSS","M","$","?","M","?","R","?","E","T","M","M","$","?","M","R","BOSS"],"build_version":"2018-06-21","seed_source_timestamp":854628346944881,"purchased_purges":1,"circlet_count":0,"victory":true,"master_deck":["Strike_B","Strike_B","Defend_B","Defend_B","Zap","Dualcast","Go for the Eyes+1","Go for the Eyes","Gash","Gash","Buffer","Genetic Algorithm","Echo Form","Streamline+1","Go for the Eyes","Sunder","Machine Learning","Streamline","Reboot","Streamline+1","Reinforced Body","Rebound","Amplify","Go for the Eyes+1","FTL","Redo+1","Buffer","Gash+1","Clumsy","Force Field+1","Bandage Up","Scrape"],"max_hp_per_floor":[75,75,75,75,75,75,75,75,75,75,75,75,75,75,75,75,75,75,75,75,75,75,75,75,75,75,75,75,75,75,75,75,75,75,75,75,75,75,75,75,75,75,75,75,75,75,66,66,66,66],"relics":["Cracked Core","NeowsBlessing","Shovel","Pen Nib","Gambling Chip","Oddly Smooth Stone","Pantograph","Ice Cream","Fusion Hammer","Emotion Chip","Bag of Preparation","Smiling Mask","Kunai","DataDisk","Cursed Key","Mummified Hand","Tiny Chest","Happy Flower","Symbiotic Virus","Dream Catcher"],"card_choices":[{"not_picked":["Redo","Rebound"],"picked":"Go for the Eyes","floor":1},{"not_picked":["Compile Driver","Streamline"],"picked":"Gash","floor":6},{"not_picked":["Coolheaded","Sweeping Beam"],"picked":"Gash","floor":7},{"not_picked":["Static Discharge","Skim"],"picked":"Buffer","floor":8},{"not_picked":["Darkness","Sweeping Beam"],"picked":"Genetic Algorithm","floor":11},{"not_picked":["Fusion","Turbo","Chaos"],"picked":"SKIP","floor":12},{"not_picked":["Turbo","Ball Lightning","Barrage"],"picked":"SKIP","floor":14},{"not_picked":["Seek","Buffer"],"picked":"Echo Form","floor":16},{"not_picked":["Compile Driver","Go for the Eyes"],"picked":"Streamline+1","floor":18},{"not_picked":["Reprogram","Barrage+1"],"picked":"Go for the Eyes","floor":19},{"not_picked":["Darkness+1","Cold Snap"],"picked":"Machine Learning","floor":22},{"not_picked":["Capacitor+1","Coolheaded"],"picked":"Streamline","floor":25},{"not_picked":["Beam Cell","White Noise"],"picked":"Reboot","floor":27},{"not_picked":["Barrage","Genetic Algorithm+1"],"picked":"Streamline+1","floor":28},{"not_picked":["Stack","Rebound+1"],"picked":"Reinforced Body","floor":30},{"not_picked":["Ball Lightning","Defragment"],"picked":"Rebound","floor":31},{"not_picked":["Reboot","Electrodynamics"],"picked":"Amplify","floor":33},{"not_picked":["Darkness+1","Rebound"],"picked":"Go for the Eyes+1","floor":35},{"not_picked":["Sweeping Beam+1","Static Discharge"],"picked":"Redo+1","floor":38},{"not_picked":["Recycle+1","Barrage"],"picked":"Gash+1","floor":41},{"not_picked":["Cold Snap","Aggregate+1","Ball Lightning"],"picked":"SKIP","floor":42},{"not_picked":["Amplify","Rip and Tear+1"],"picked":"Force Field+1","floor":44},{"not_picked":["Compile Driver","Redo","Rip and Tear+1"],"picked":"SKIP","floor":45},{"not_picked":["Hologram","Stack"],"picked":"Scrape","floor":48}],"player_experience":467050,"potions_floor_usage":[16,16,25,28,30,33,38,50,50,50],"damage_taken":[{"damage":0,"enemies":"2 Louse","floor":1,"turns":1},{"damage":0,"enemies":"Lagavulin","floor":6,"turns":1},{"damage":0,"enemies":"Small Slimes","floor":7,"turns":1},{"damage":18,"enemies":"3 Sentries","floor":8,"turns":6},{"damage":0,"enemies":"Jaw Worm","floor":11,"turns":3},{"damage":11,"enemies":"Gremlin Nob","floor":12,"turns":5},{"damage":9,"enemies":"2 Fungi Beasts","floor":14,"turns":3},{"damage":9,"enemies":"Slime Boss","floor":16,"turns":10},{"damage":6,"enemies":"3 Byrds","floor":18,"turns":5},{"damage":28,"enemies":"2 Thieves","floor":19,"turns":4},{"damage":6,"enemies":"Snecko","floor":22,"turns":5},{"damage":4,"enemies":"Cultist and Chosen","floor":25,"turns":6},{"damage":43,"enemies":"Slavers","floor":27,"turns":6},{"damage":12,"enemies":"Chosen and Byrds","floor":28,"turns":7},{"damage":9,"enemies":"Gremlin Leader","floor":30,"turns":6},{"damage":5,"enemies":"Snake Plant","floor":31,"turns":4},{"damage":11,"enemies":"Automaton","floor":33,"turns":8},{"damage":8,"enemies":"Flame Bruiser 1 Orb","floor":35,"turns":4},{"damage":3,"enemies":"3 Shapes","floor":38,"turns":4},{"damage":4,"enemies":"Spire Growth","floor":41,"turns":4},{"damage":42,"enemies":"2 Orb Walkers","floor":42,"turns":5},{"damage":0,"enemies":"3 Darklings","floor":44,"turns":5},{"damage":0,"enemies":"Transient","floor":45,"turns":5},{"damage":0,"enemies":"Flame Bruiser 2 Orb","floor":48,"turns":3},{"damage":44,"enemies":"Time Eater","floor":50,"turns":11}],"relics_obtained":[{"floor":6,"key":"Shovel"},{"floor":8,"key":"Pen Nib"},{"floor":9,"key":"Gambling Chip"},{"floor":10,"key":"Oddly Smooth Stone"},{"floor":12,"key":"Pantograph"},{"floor":13,"key":"Ice Cream"},{"floor":26,"key":"Smiling Mask"},{"floor":27,"key":"Kunai"},{"floor":30,"key":"DataDisk"},{"floor":40,"key":"Tiny Chest"},{"floor":42,"key":"Happy Flower"},{"floor":43,"key":"Symbiotic Virus"},{"floor":49,"key":"Dream Catcher"}],"event_choices":[{"event_name":"Golden Wing","player_choice":"Card Removal","floor":2,"damage_taken":0},{"event_name":"Living Wall","player_choice":"Grow","floor":3,"damage_taken":0},{"event_name":"The Cleric","player_choice":"Card Removal","floor":4,"damage_taken":0},{"event_name":"Wheel of Change","player_choice":"Relic","floor":20,"damage_taken":0},{"event_name":"Golden Shrine","player_choice":"Pray","floor":24,"damage_taken":0},{"event_name":"Falling","player_choice":"Removed Skill","floor":37,"damage_taken":0},{"event_name":"Duplicator","player_choice":"One dupe","floor":39,"damage_taken":0},{"event_name":"The Moai Head","player_choice":"Heal","floor":47,"damage_taken":0}],"boss_relics":[{"not_picked":["Philosopher\u0027s Stone","Orrery"],"picked":"Fusion Hammer"},{"not_picked":["Sozu","Lizard Tail"],"picked":"Cursed Key"}],"items_purged_floors":[36],"is_endless":false,"potions_floor_spawned":[7,8,14,16,19,27,30,31,33,41,44],"seed_played":"-3583765317909242489","ascension_level":0,"potions_obtained":[{"floor":7,"key":"SkillPotion"},{"floor":8,"key":"FearPotion"},{"floor":14,"key":"EssenceOfSteel"},{"floor":16,"key":"FocusPotion"},{"floor":19,"key":"GamblersBrew"},{"floor":27,"key":"Regen Potion"},{"floor":30,"key":"Ancient Potion"},{"floor":31,"key":"PowerPotion"},{"floor":33,"key":"EssenceOfSteel"},{"floor":41,"key":"Strength Potion"},{"floor":44,"key":"Swift Potion"}],"is_trial":false}