{"path_per_floor":["M","M","$","M","?","R","E","R","T","M","$","M","M","?","R"],"character_chosen":"THE_SILENT","items_purchased":["Reflex","Whetstone","Footwork","Backflip"],"gold_per_floor":[209,220,33,52,127,127,161,161,188,205,76,89,109,109,109,109],"floor_reached":16,"campfire_rested":2,"playtime":1061,"current_hp_per_floor":[63,63,63,63,52,52,4,25,32,32,32,30,27,27,50,0],"items_purged":[],"gold":109,"score":138,"play_id":"b4bc0930-0d33-4a32-884d-9c590c65f457","local_time":"20180408193547","is_prod":false,"is_daily":false,"is_ascension_mode":true,"campfire_upgraded":1,"timestamp":1523230547,"path_taken":["M","M","$","M","?","R","E","R","T","M","$","M","M","?","R","BOSS"],"build_version":"2018-04-05","purchased_purges":0,"victory":false,"master_deck":["Defend_G","Defend_G","Defend_G","Defend_G","Defend_G","Strike_G","Strike_G","Strike_G+1","Strike_G","Strike_G","Survivor","Neutralize+1","Leg Sweep","Underhanded Strike+1","Reflex","Malaise","Expertise","Acrobatics","Dagger Spray+1","Footwork","Backflip","Calculated Gamble","Escape Plan","Flying Knee"],"max_hp_per_floor":[70,70,70,70,70,70,70,70,77,77,77,77,77,77,77,77],"relics":["Ring of the Snake","Whetstone","Dream Catcher","Strawberry"],"card_choices":[{"not_picked":["Dagger Throw","Slice"],"picked":"Leg Sweep","floor":1},{"not_picked":["Acrobatics","Prepared"],"picked":"Underhanded Strike","floor":2},{"not_picked":["Sucker Punch","Bane"],"picked":"Malaise","floor":4},{"not_picked":["Grand Finale","Setup"],"picked":"Expertise","floor":7},{"not_picked":["Flechettes","Prepared"],"picked":"Acrobatics","floor":8},{"not_picked":["Skewer","Setup"],"picked":"Dagger Spray","floor":10},{"not_picked":["Poisoned Stab","Backflip"],"picked":"Calculated Gamble","floor":12},{"not_picked":["Poisoned Stab","Predator"],"picked":"Escape Plan","floor":13},{"not_picked":["Heel Hook","Cloak And Dagger"],"picked":"Flying Knee","floor":15}],"player_experience":144595,"potions_floor_usage":[],"damage_taken":[{"damage":0,"enemies":"2 Louse","floor":1,"turns":5},{"damage":0,"enemies":"Jaw Worm","floor":2,"turns":7},{"damage":0,"enemies":"Small Slimes","floor":4,"turns":5},{"damage":48,"enemies":"3 Sentries","floor":7,"turns":17},{"damage":0,"enemies":"2 Fungi Beasts","floor":10,"turns":6},{"damage":2,"enemies":"Exordium Thugs","floor":12,"turns":5},{"damage":3,"enemies":"Exordium Wildlife","floor":13,"turns":7},{"damage":52,"enemies":"Hexaghost","floor":16,"turns":17}],"event_choices":[{"event_name":"World of Goop","player_choice":"Gather Gold","floor":5,"damage_taken":0},{"event_name":"Living Wall","player_choice":"Grow","floor":14,"damage_taken":0}],"boss_relics":[],"potions_floor_spawned":[2],"seed_played":"6057771199144662447","killed_by":"Hexaghost","ascension_level":7,"is_trial":false}