{"path_per_floor":["M","M","M","M","M","R","M","M","T","R","E","?","?","M","R","B",null,"M","M","M"],"character_chosen":"IRONCLAD","items_purchased":[],"gold_per_floor":[116,130,144,155,169,169,185,195,219,219,247,212,212,222,222,327,327,341,358,368],"floor_reached":21,"campfire_rested":0,"playtime":1720,"current_hp_per_floor":[80,80,80,75,80,80,65,70,70,70,62,80,62,54,54,18,80,54,40,27],"items_purged":[],"gold":368,"score":187,"play_id":"bba0126c-cefb-48dc-87ce-1de3e06a48cd","is_prod":false,"is_daily":false,"is_ascension_mode":false,"campfire_upgraded":3,"path_taken":["M","M","?","M","M","R","M","M","T","R","E","?","?","M","R","BOSS","M","M","M","M"],"build_version":"2018-02-15-PROD1","purchased_purges":0,"victory":false,"master_deck":["Strike_R","Strike_R","Strike_R","Strike_R","Strike_R","Defend_R","Defend_R","Defend_R","Defend_R","Bash","Inflame","Inflame+1","Cleave","Cleave+1","Pommel Strike","Reaper+1","Offering","Twin Strike","Limit Break"],"max_hp_per_floor":[80,80,80,80,80,80,80,80,80,80,80,80,80,80,80,80,80,80,80,80],"relics":["Burning Blood","Juzu Bracelet","Pantograph","Omamori","White Beast Statue"],"card_choices":[{"not_picked":["Battle Trance","Flex"],"picked":"Inflame"},{"not_picked":["Warcry","Flame Barrier"],"picked":"Inflame"},{"not_picked":["Inflame","True Grit"],"picked":"Cleave"},{"not_picked":["Seeing Red","Clothesline"],"picked":"Cleave"},{"not_picked":["Sever Soul","Iron Wave"],"picked":"Pommel Strike"},{"not_picked":["Twin Strike","Feel No Pain"],"picked":"Reaper"},{"not_picked":["Brutality","Dark Embrace"],"picked":"Offering"},{"not_picked":["Flame Barrier","Sword Boomerang"],"picked":"Twin Strike"},{"not_picked":["Sword Boomerang","Searing Blow"],"picked":"Limit Break"}],"player_experience":25206,"potions_floor_usage":[8,16,16,16,20,20,21],"damage_taken":[{"damage":1,"enemies":"Cultist","floor":1,"turns":4},{"damage":1,"enemies":"Jaw Worm","floor":2,"turns":4},{"damage":0,"enemies":"Small Slimes","floor":3,"turns":3},{"damage":11,"enemies":"Blue Slaver","floor":4,"turns":4},{"damage":0,"enemies":"Large Slime","floor":5,"turns":4},{"damage":21,"enemies":"Exordium Thugs","floor":7,"turns":5},{"damage":7,"enemies":"2 Fungi Beasts","floor":8,"turns":3},{"damage":14,"enemies":"3 Sentries","floor":11,"turns":4},{"damage":14,"enemies":"Blue Slaver","floor":14,"turns":3},{"damage":79,"enemies":"The Guardian","floor":16,"turns":10},{"damage":44,"enemies":"3 Byrds","floor":18,"turns":5},{"damage":35,"enemies":"Shell Parasite","floor":19,"turns":6},{"damage":34,"enemies":"Snake Plant","floor":20,"turns":5},{"damage":32,"enemies":"Sentry and Sphere","floor":21,"turns":3}],"event_choices":[{"event_name":"The Cleric","player_choice":"Healed","floor":12,"damage_taken":0},{"event_name":"Scrap Ooze","player_choice":"success","floor":13,"damage_taken":18}],"boss_relics":[{"not_picked":["Sozu","Question Card"],"picked":"White Beast Statue"}],"potions_floor_spawned":[1,4,5,7,14,18,19,20],"seed_played":"8403796196334402598","killed_by":"Sentry and Sphere","ascension_level":0,"is_trial":false}