{"path_per_floor":["M","?","M","M","M","R","M","$","T","?","M","R","?","?","R","B",null,"M","$","M","M","M","E","R","M","T","R","?","E","R","M","R"],"character_chosen":"IRONCLAD","items_purchased":["Vajra","Feel No Pain","Happy Flower"],"gold_per_floor":[113,113,129,143,157,157,169,17,17,17,33,33,96,96,96,192,192,211,24,38,52,64,92,92,112,135,135,135,163,163,179,179,179],"floor_reached":33,"campfire_rested":2,"playtime":1740,"item_purchase_floors":[8,19,19],"current_hp_per_floor":[80,80,80,75,74,74,78,78,78,78,80,80,80,80,80,29,80,72,72,75,69,74,46,46,32,32,71,71,40,82,75,75,0],"items_purged":[],"gold":179,"score":404,"play_id":"eab14d9c-59ce-43cd-b03f-b2eb42603a8a","local_time":"20180620190943","daily_mods":["Draft"],"is_prod":false,"is_daily":false,"chose_seed":true,"is_ascension_mode":false,"campfire_upgraded":5,"win_rate":0,"timestamp":1529536183,"campfire_choices":[{"data":"Rampage","floor":6,"key":"SMITH"},{"data":"Evolve","floor":12,"key":"SMITH"},{"data":"Clothesline","floor":15,"key":"SMITH"},{"data":"Barricade","floor":24,"key":"SMITH"},{"floor":27,"key":"REST"},{"floor":30,"key":"REST"},{"data":"Feel No Pain","floor":32,"key":"SMITH"}],"path_taken":["M","?","M","?","M","R","M","$","T","?","M","R","?","?","R","BOSS","M","$","M","M","M","E","R","M","T","R","?","E","R","M","R","BOSS"],"build_version":"2018-06-19v2","seed_source_timestamp":510842049425911,"purchased_purges":0,"circlet_count":0,"victory":false,"master_deck":["Wild Strike","Armaments","Twin Strike","Evolve+1","Sentinel","Cleave","Rampage+1","Power Through","Pummel","Entrench","Shrug It Off","Hemokinesis","Clothesline+1","Pommel Strike","Wild Strike","Power Through","Headbutt","Shrug It Off","Reaper","Thunderclap+1","Havoc+1","Swift Strike+1","True Grit+1","Feel No Pain+1","Wild Strike","True Grit","Battle Trance","Barricade+1","Ghostly Armor+1","Exhume","Ghostly Armor","Wild Strike+1"],"max_hp_per_floor":[80,80,80,80,80,80,80,80,80,80,80,80,80,80,80,80,80,80,80,80,80,80,80,80,80,80,80,80,90,90,90,90,90],"special_seed":20635678,"relics":["Burning Blood","Vajra","Peace Pipe","Astrolabe","Happy Flower","Turnip","Regal Pillow","Pear"],"card_choices":[{"not_picked":["True Grit","Carnage"],"picked":"Wild Strike","floor":0},{"not_picked":["Sword Boomerang","Anger"],"picked":"Armaments","floor":0},{"not_picked":["Sword Boomerang","Iron Wave"],"picked":"Twin Strike","floor":0},{"not_picked":["Heavy Blade","Armaments"],"picked":"Evolve","floor":0},{"not_picked":["Iron Wave","Heavy Blade"],"picked":"Sentinel","floor":0},{"not_picked":["Anger","Seeing Red"],"picked":"Cleave","floor":0},{"not_picked":["Blood for Blood","Perfected Strike"],"picked":"Anger","floor":0},{"not_picked":["Sword Boomerang","Bloodletting"],"picked":"Rampage","floor":0},{"not_picked":["Anger","Heavy Blade"],"picked":"Power Through","floor":0},{"not_picked":["Perfected Strike","Flex"],"picked":"Pummel","floor":0},{"not_picked":["Heavy Blade","Twin Strike"],"picked":"Entrench","floor":0},{"not_picked":["Thunderclap","Perfected Strike"],"picked":"Shrug It Off","floor":0},{"not_picked":["Twin Strike","Burning Pact"],"picked":"Hemokinesis","floor":0},{"not_picked":["True Grit","Infernal Blade"],"picked":"Clothesline","floor":0},{"not_picked":["Warcry","Searing Blow"],"picked":"Corruption","floor":0},{"not_picked":["Cleave","Iron Wave"],"picked":"Pommel Strike","floor":1},{"not_picked":["Burning Pact","Anger"],"picked":"Wild Strike","floor":3},{"not_picked":["Dropkick","Flex"],"picked":"Power Through","floor":4},{"not_picked":["Headbutt","Battle Trance"],"picked":"Shrug It Off","floor":5},{"not_picked":["Sword Boomerang","Thunderclap"],"picked":"Headbutt","floor":7},{"not_picked":["Fire Breathing","Sword Boomerang"],"picked":"Thunderclap","floor":11},{"not_picked":["Bludgeon","Double Tap"],"picked":"Reaper","floor":16},{"not_picked":["Searing Blow","Twin Strike"],"picked":"True Grit+1","floor":18},{"not_picked":["Warcry","Body Slam"],"picked":"Wild Strike","floor":20},{"not_picked":["Flex","Clothesline"],"picked":"True Grit","floor":21},{"not_picked":["Cleave+1","Sever Soul"],"picked":"Battle Trance","floor":22},{"not_picked":["Sever Soul+1","Hemokinesis"],"picked":"Barricade","floor":23},{"not_picked":["Flex+1","Clothesline"],"picked":"Ghostly Armor+1","floor":25},{"not_picked":["Blood for Blood","Evolve+1"],"picked":"Ghostly Armor","floor":29},{"not_picked":["True Grit","Thunderclap"],"picked":"Wild Strike+1","floor":31}],"player_experience":451222,"potions_floor_usage":[16,23,29],"damage_taken":[{"damage":0,"enemies":"Small Slimes","floor":1,"turns":2},{"damage":1,"enemies":"Cultist","floor":3,"turns":3},{"damage":11,"enemies":"Jaw Worm","floor":4,"turns":2},{"damage":7,"enemies":"Blue Slaver","floor":5,"turns":3},{"damage":2,"enemies":"Lots of Slimes","floor":7,"turns":4},{"damage":3,"enemies":"Large Slime","floor":11,"turns":4},{"damage":57,"enemies":"Hexaghost","floor":16,"turns":13},{"damage":19,"enemies":"Spheric Guardian","floor":18,"turns":4},{"damage":3,"enemies":"Shell Parasite","floor":20,"turns":4},{"damage":17,"enemies":"Cultist and Chosen","floor":21,"turns":9},{"damage":6,"enemies":"Centurion and Healer","floor":22,"turns":7},{"damage":34,"enemies":"Gremlin Leader","floor":23,"turns":10},{"damage":20,"enemies":"3 Cultists","floor":25,"turns":6},{"damage":52,"enemies":"Slavers","floor":29,"turns":9},{"damage":13,"enemies":"Chosen and Byrds","floor":31,"turns":7},{"damage":81,"enemies":"Automaton","floor":33,"turns":10}],"relics_obtained":[{"floor":9,"key":"Peace Pipe"},{"floor":23,"key":"Turnip"},{"floor":26,"key":"Regal Pillow"},{"floor":29,"key":"Pear"}],"event_choices":[{"event_name":"Purifier","player_choice":"One Purge","floor":2,"damage_taken":0},{"event_name":"Match and Keep!","player_choice":"2 cards matched","floor":10,"damage_taken":0},{"event_name":"Golden Wing","player_choice":"Gained Gold","floor":13,"damage_taken":0},{"event_name":"Liars Game","player_choice":"disagreed","floor":14,"damage_taken":0},{"event_name":"Transmorgrifier","player_choice":"Transform","floor":28,"damage_taken":0}],"boss_relics":[{"not_picked":["Runic Cube","Tiny House"],"picked":"Astrolabe"}],"items_purged_floors":[],"is_endless":true,"potions_floor_spawned":[3,11,16,18,20,22,23],"seed_played":"-4717856285342853219","killed_by":"Automaton","ascension_level":0,"potions_obtained":[{"floor":3,"key":"Dexterity Potion"},{"floor":11,"key":"SkillPotion"},{"floor":16,"key":"Poison Potion"},{"floor":18,"key":"GamblersBrew"},{"floor":20,"key":"LiquidBronze"},{"floor":23,"key":"GamblersBrew"}],"is_trial":true}