{"path_per_floor":["M","M","M","M","M","R","M","R","T","?","R","?","M","?","R","B",null,"M","$","?","?","M","E","R","M","T","M","M","R","E","M","R","B",null,"M","M","$","M","M","E","R","$","T","E","R","M","?","M","R","B"],"character_chosen":"IRONCLAD","items_purchased":["Metallicize","Orichalcum","Calipers","Warcry"],"gold_per_floor":[18,30,41,56,76,76,95,95,147,147,147,167,182,182,182,277,277,292,63,63,63,82,113,113,133,133,150,160,160,189,205,205,300,300,312,324,3,23,40,68,68,68,68,93,93,104,104,119,119,119],"floor_reached":51,"campfire_rested":7,"playtime":3194,"current_hp_per_floor":[71,65,65,45,41,65,51,51,51,44,68,52,45,45,69,22,80,78,78,78,78,78,58,58,58,58,56,57,57,52,53,77,80,83,83,82,82,76,60,55,79,79,79,44,68,83,73,63,83,68],"items_purged":[],"gold":119,"score":942,"play_id":"321db331-e672-4917-b9a3-1a9dade10eb8","local_time":"20180412112831","is_prod":false,"is_daily":false,"chose_seed":false,"is_ascension_mode":true,"campfire_upgraded":3,"timestamp":1523546911,"path_taken":["M","M","M","M","M","R","M","R","T","?","R","?","M","?","R","BOSS","M","$","?","?","M","E","R","M","T","M","?","R","E","M","R","BOSS","M","M","$","M","M","E","R","$","T","E","R","M","?","M","R","BOSS"],"build_version":"2018-04-11","seed_source_timestamp":7527767427235,"purchased_purges":0,"victory":true,"master_deck":["Strike_R+1","Strike_R+1","Strike_R+1","Strike_R+1","Strike_R+1","Defend_R+1","Defend_R+1","Defend_R+1","Defend_R+1","Bash","Offering","Twin Strike+1","Feel No Pain+1","True Grit+1","Corruption+1","Sentinel","Twin Strike","Shrug It Off+1","Feel No Pain+1","Offering","Cleave+1","Metallicize+1","Spot Weakness","Entrench","Thunderclap+1","Entrench+1","Rage+1","Body Slam","Dark Embrace+1","Rupture+1","Flame Barrier+1","Warcry","Rage+1","Rage+1","Intimidate+1","Panacea","Blind","Dark Shackles","Entrench+1"],"max_hp_per_floor":[80,80,80,80,80,80,80,80,80,80,80,80,80,80,80,80,80,80,80,80,80,80,80,80,80,80,80,83,83,83,83,83,83,83,83,83,83,83,83,83,83,83,83,83,83,83,83,83,83,83],"relics":["Burning Blood","Omamori","Frozen Egg 2","Odd Mushroom","Snecko Eye","Orichalcum","Dead Branch","Art of War","Champion Belt","Pen Nib","Lizard Tail","Calipers","War Paint","Matryoshka","Vajra"],"card_choices":[{"not_picked":["Reaper","Impervious"],"picked":"Offering","floor":0},{"not_picked":["Flex","Iron Wave"],"picked":"Twin Strike","floor":1},{"not_picked":["Headbutt","Immolate"],"picked":"Feel No Pain","floor":2},{"not_picked":["Ghostly Armor","Flame Barrier"],"picked":"True Grit","floor":3},{"not_picked":["Clash","Twin Strike"],"picked":"Corruption","floor":4},{"not_picked":["Metallicize","Headbutt"],"picked":"Sentinel","floor":5},{"not_picked":["Bloodletting","Shrug It Off"],"picked":"Twin Strike","floor":7},{"not_picked":["Clothesline","Body Slam"],"picked":"Shrug It Off","floor":12},{"not_picked":["Ghostly Armor","Shrug It Off"],"picked":"Feel No Pain","floor":13},{"not_picked":["Immolate","Double Tap"],"picked":"Offering","floor":16},{"not_picked":["Second Wind","Thunderclap"],"picked":"Cleave","floor":18},{"not_picked":["Clothesline","Pommel Strike"],"picked":"Spot Weakness","floor":23},{"not_picked":["Thunderclap","Combust"],"picked":"Entrench","floor":25},{"not_picked":["Seeing Red","True Grit"],"picked":"Thunderclap","floor":27},{"not_picked":["Bludgeon","Thunderclap"],"picked":"Entrench","floor":28},{"not_picked":["Warcry","Headbutt"],"picked":"Rage","floor":30},{"not_picked":["Infernal Blade","Sever Soul"],"picked":"Body Slam","floor":31},{"not_picked":["Exhume","Feed"],"picked":"Dark Embrace","floor":33},{"not_picked":["Armaments","Headbutt"],"picked":"Rupture","floor":35},{"not_picked":["True Grit","Cleave"],"picked":"Flame Barrier","floor":36},{"not_picked":["Havoc","Thunderclap"],"picked":"Rage","floor":38},{"not_picked":["Rupture","Thunderclap"],"picked":"Rage","floor":44},{"not_picked":["Anger","Thunderclap"],"picked":"Intimidate","floor":46},{"not_picked":["Flash of Steel","Deep Breath"],"picked":"Panacea","floor":47},{"not_picked":["Mind Blast","Secret Technique"],"picked":"Blind","floor":47},{"not_picked":["Good Instincts","Swift Strike"],"picked":"Dark Shackles","floor":47},{"not_picked":["Clothesline","Perfected Strike"],"picked":"Entrench","floor":48}],"player_experience":171168,"potions_floor_usage":[12,16,16,16,22,30,39,44,50,50],"damage_taken":[{"damage":15,"enemies":"2 Louse","floor":1,"turns":3},{"damage":12,"enemies":"Jaw Worm","floor":2,"turns":2},{"damage":6,"enemies":"Small Slimes","floor":3,"turns":4},{"damage":26,"enemies":"3 Louse","floor":4,"turns":4},{"damage":10,"enemies":"Blue Slaver","floor":5,"turns":4},{"damage":20,"enemies":"Exordium Wildlife","floor":7,"turns":5},{"damage":22,"enemies":"The Mushroom Lair","floor":12,"turns":4},{"damage":13,"enemies":"Looter","floor":13,"turns":3},{"damage":53,"enemies":"Slime Boss","floor":16,"turns":21},{"damage":8,"enemies":"Chosen","floor":18,"turns":5},{"damage":6,"enemies":"3 Byrds","floor":22,"turns":4},{"damage":34,"enemies":"Slavers","floor":23,"turns":7},{"damage":6,"enemies":"Slaver and Parasite","floor":25,"turns":4},{"damage":8,"enemies":"Centurion and Healer","floor":27,"turns":4},{"damage":8,"enemies":"Snake Plant","floor":28,"turns":3},{"damage":11,"enemies":"Gremlin Leader","floor":30,"turns":5},{"damage":11,"enemies":"Slaver and Parasite","floor":31,"turns":3},{"damage":16,"enemies":"Champ","floor":33,"turns":10},{"damage":8,"enemies":"Orb Walker","floor":35,"turns":1},{"damage":7,"enemies":"Flame Bruiser 1 Orb","floor":36,"turns":1},{"damage":12,"enemies":"Sphere and 2 Shapes","floor":38,"turns":3},{"damage":22,"enemies":"4 Shapes","floor":39,"turns":7},{"damage":11,"enemies":"Giant Head","floor":40,"turns":4},{"damage":41,"enemies":"2 Orb Walkers","floor":44,"turns":5},{"damage":4,"enemies":"Flame Bruiser 2 Orb","floor":46,"turns":4},{"damage":16,"enemies":"3 Darklings","floor":48,"turns":5},{"damage":50,"enemies":"Awakened One","floor":50,"turns":9}],"event_choices":[{"event_name":"Scrap Ooze","player_choice":"success","floor":10,"damage_taken":7},{"event_name":"Mushrooms","player_choice":"Fought Mushrooms","floor":12,"damage_taken":0},{"event_name":"Upgrade Shrine","player_choice":"Upgraded","floor":14,"damage_taken":0},{"event_name":"Back to Basics","player_choice":"Simplicity","floor":20,"damage_taken":0},{"event_name":"The Mausoleum","player_choice":"Yes","floor":21,"damage_taken":0},{"event_name":"SensoryStone","player_choice":"Memory 3","floor":47,"damage_taken":0}],"boss_relics":[{"not_picked":["Pandora\u0027s Box","White Beast Statue"],"picked":"Snecko Eye"},{"not_picked":["Calling Bell","Runic Pyramid"],"picked":"Lizard Tail"}],"potions_floor_spawned":[2,5,7,12,13,16,22,23,25,28,35,38,39,48],"seed_played":"-4004103668311524852","ascension_level":4,"is_trial":false}