{"path_per_floor":["M","M","M","M","?","E","R","E","T","$","M","R","M","M","R","B",null,"M","?","$","M","?","E","$","R","T","?","T","M","?","M","R"],"character_chosen":"IRONCLAD","items_purchased":["Limit Break","Inflame","Regen Potion","Bag of Marbles"],"gold_per_floor":[111,128,146,164,164,199,199,238,238,16,32,32,46,62,62,193,193,207,257,106,122,122,162,19,19,43,43,43,66,66,83,83],"floor_reached":33,"campfire_rested":3,"playtime":1184,"current_hp_per_floor":[80,72,60,48,48,13,37,33,33,33,31,31,21,21,45,45,71,50,50,50,49,49,44,44,44,44,28,28,21,21,26,42],"items_purged":["Injury","Strike_R"],"gold":83,"score":435,"play_id":"9aa5cb78-5f70-4c7f-88fd-e282377b26f6","local_time":"20180321215142","is_prod":false,"is_daily":false,"is_ascension_mode":true,"campfire_upgraded":0,"timestamp":1521683502,"path_taken":["M","M","M","?","?","E","R","E","T","?","?","R","M","M","R","BOSS","M","?","$","M","?","E","?","R","T","?","?","M","?","M","R","BOSS"],"build_version":"2018-03-15v3","purchased_purges":2,"victory":false,"master_deck":["Defend_R","Defend_R","Defend_R","Defend_R","Bash","Whirlwind","Flex","Corruption","Anger","Clash","Metallicize","Limit Break","Inflame","Dual Wield","Ghostly Armor","Exhume","Headbutt","Bite","Bite","Bite","Bite","Bite","Battle Trance"],"max_hp_per_floor":[80,80,80,80,80,80,80,80,80,80,80,80,80,80,80,80,80,80,80,80,80,56,56,56,56,56,56,56,56,56,56,56],"relics":["Runic Dome","Bloody Idol","Torii","Ice Cream","Girya","Snecko Eye","Happy Flower","Bag of Marbles","Vajra","Nilry\u0027s Codex","Unceasing Top"],"card_choices":[{"not_picked":["Sword Boomerang","Rupture"],"picked":"Whirlwind"},{"not_picked":["Heavy Blade","Intimidate"],"picked":"Flex"},{"not_picked":["Iron Wave","Sentinel"],"picked":"Corruption"},{"not_picked":["Flame Barrier","Cleave"],"picked":"Anger"},{"not_picked":["Spot Weakness","Dual Wield"],"picked":"Clash"},{"not_picked":["Rage","Pommel Strike"],"picked":"Metallicize"},{"not_picked":["Armaments","Perfected Strike"],"picked":"Dual Wield"},{"not_picked":["Carnage","Inflame"],"picked":"Ghostly Armor"},{"not_picked":["Impervious","Berserk"],"picked":"Exhume"},{"not_picked":["Twin Strike","Rupture"],"picked":"Headbutt"},{"not_picked":["Wild Strike","Iron Wave"],"picked":"Battle Trance"}],"player_experience":648079,"potions_floor_usage":[6,16,16,23,23,31,33],"damage_taken":[{"damage":0,"enemies":"Cultist","floor":1,"turns":3},{"damage":8,"enemies":"2 Louse","floor":2,"turns":2},{"damage":12,"enemies":"Jaw Worm","floor":3,"turns":3},{"damage":12,"enemies":"Looter","floor":4,"turns":3},{"damage":35,"enemies":"Lagavulin","floor":6,"turns":4},{"damage":4,"enemies":"3 Sentries","floor":8,"turns":6},{"damage":2,"enemies":"Exordium Wildlife","floor":11,"turns":3},{"damage":10,"enemies":"Red Slaver","floor":13,"turns":3},{"damage":0,"enemies":"2 Fungi Beasts","floor":14,"turns":2},{"damage":0,"enemies":"Slime Boss","floor":16,"turns":4},{"damage":21,"enemies":"Spheric Guardian","floor":18,"turns":6},{"damage":1,"enemies":"Chosen","floor":21,"turns":4},{"damage":31,"enemies":"Gremlin Leader","floor":23,"turns":7},{"damage":15,"enemies":"Centurion and Healer","floor":29,"turns":3},{"damage":12,"enemies":"Cultist and Chosen","floor":31,"turns":4},{"damage":58,"enemies":"Automaton","floor":33,"turns":6}],"event_choices":[{"event_name":"Golden Idol","player_choice":"Take Wound","floor":5,"damage_taken":0},{"event_name":"The Joust","player_choice":"Bet on Murderer","floor":19,"damage_taken":0},{"event_name":"Vampires","player_choice":"Became a vampire","floor":22,"damage_taken":0},{"event_name":"Cursed Tome","player_choice":"Obtained Book","floor":27,"damage_taken":0},{"event_name":"Forgotten Altar","player_choice":"Gave Idol","floor":30,"damage_taken":0}],"boss_relics":[{"not_picked":["Pandora\u0027s Box","Philosopher\u0027s Stone"],"picked":"Snecko Eye"}],"potions_floor_spawned":[3,4,8,13,14,16,21,23,29],"seed_played":"1069240358091037062","killed_by":"Automaton","ascension_level":5,"is_trial":false}