{"gold_per_floor":[219,233,244,257,27,54,71,71,150,150,183,201,213,178,178,178],"floor_reached":16,"playtime":838,"items_purged":[],"score":200,"play_id":"08746607-846a-46d1-869c-28f6679f9900","local_time":"20190106182430","is_ascension_mode":true,"campfire_choices":[{"data":"Skewer","floor":8.0,"key":"SMITH"},{"data":"Well Laid Plans","floor":10.0,"key":"SMITH"},{"floor":15,"key":"REST"}],"neow_cost":"NONE","seed_source_timestamp":512202088293342,"circlet_count":0,"master_deck":["AscendersBane","Defend_G","Defend_G","Defend_G","Defend_G","Defend_G","Strike_G","Strike_G","Strike_G","Strike_G","Strike_G","Survivor","Neutralize","Quick Slash","Flying Knee","Dagger Spray","Leg Sweep","Skewer+1","Adrenaline","Caltrops","Calculated Gamble","Well Laid Plans+1","Glass Knife","Footwork","Cloak And Dagger+1","Deadly Poison+1"],"special_seed":0,"relics":["Ring of the Snake","Dream Catcher","Toxic Egg 2","Torii"],"potions_floor_usage":[],"damage_taken":[{"damage":0.0,"enemies":"Small Slimes","floor":1.0,"turns":4.0},{"damage":8.0,"enemies":"Jaw Worm","floor":2.0,"turns":6.0},{"damage":3.0,"enemies":"Cultist","floor":3.0,"turns":4.0},{"damage":1.0,"enemies":"3 Louse","floor":4.0,"turns":3.0},{"damage":7.0,"enemies":"3 Sentries","floor":6.0,"turns":7.0},{"damage":1.0,"enemies":"2 Fungi Beasts","floor":7.0,"turns":3.0},{"damage":17.0,"enemies":"Gremlin Nob","floor":11.0,"turns":4.0},{"damage":1.0,"enemies":"Looter","floor":12.0,"turns":4.0},{"damage":12,"enemies":"Exordium Wildlife","floor":13,"turns":5},{"damage":60,"enemies":"Slime Boss","floor":16,"turns":7}],"seed_played":"9052520376172373853","potions_obtained":[{"floor":1.0,"key":"AttackPotion"},{"floor":3.0,"key":"GhostInAJar"},{"floor":13,"key":"FearPotion"}],"is_trial":false,"path_per_floor":["M","M","M","M","$","E","M","R","T","R","E","M","M","?","R","B"],"character_chosen":"THE_SILENT","items_purchased":["Skewer","Adrenaline","Caltrops"],"campfire_rested":1,"item_purchase_floors":[5,5,5],"current_hp_per_floor":[59,51,48,47,47,40,39,39,39,39,22,21,9,25,44,0],"gold":178,"neow_bonus":"HUNDRED_GOLD","is_prod":false,"is_daily":false,"chose_seed":false,"campfire_upgraded":2,"win_rate":0,"timestamp":1546817070,"path_taken":["M","M","M","M","$","E","M","R","T","R","E","M","M","?","R","BOSS"],"build_version":"2019-01-03v4","purchased_purges":0,"victory":false,"max_hp_per_floor":[66,66,66,66,66,66,66,66,66,66,66,66,66,66,66,66],"card_choices":[{"not_picked":["Finisher","Slice"],"picked":"Quick Slash","floor":1.0},{"not_picked":["Outmaneuver","Slice"],"picked":"Flying Knee","floor":2.0},{"not_picked":["Infinite Blades","Underhanded Strike"],"picked":"Dagger Spray","floor":3.0},{"not_picked":["Acrobatics","Cloak And Dagger"],"picked":"Leg Sweep","floor":4.0},{"not_picked":["Blade Dance","Dagger Throw"],"picked":"Calculated Gamble","floor":6.0},{"not_picked":["Dagger Throw","Infinite Blades"],"picked":"Well Laid Plans","floor":7.0},{"not_picked":["Bane","Riddle With Holes"],"picked":"Glass Knife","floor":11.0},{"not_picked":["Outmaneuver+1","Crippling Poison+1"],"picked":"Footwork","floor":12.0},{"not_picked":["Acrobatics+1","Slice"],"picked":"Cloak And Dagger+1","floor":13},{"not_picked":["Prepared+1","PiercingWail+1"],"picked":"Deadly Poison+1","floor":15}],"player_experience":1199820,"relics_obtained":[{"floor":6.0,"key":"Dream Catcher"},{"floor":9.0,"key":"Toxic Egg 2"},{"floor":11.0,"key":"Torii"}],"event_choices":[{"damage_healed":16,"gold_gain":0,"player_choice":"Healed","damage_taken":0,"max_hp_gain":0,"max_hp_loss":0,"event_name":"The Cleric","floor":14,"gold_loss":35}],"is_beta":true,"boss_relics":[],"items_purged_floors":[],"is_endless":false,"potions_floor_spawned":[1,3,13],"killed_by":"Slime Boss","ascension_level":15}