{"gold_per_floor":[119,269,283,17,17,17,52,69,69,81,147,47,47,107,107,185,185,202,216,227,290,355,355,387,487,563,596,616,616,666,691,691,766,766,786,214,227,325,14,14,43,43,68,68,85,85,101,111,111,111,111,111,111,28,54,54],"floor_reached":56,"playtime":4083,"items_purged":["Doubt","Strike_G"],"score":2003,"play_id":"3101d7d2-7cf1-414e-aca9-08a80d743d65","local_time":"20190122223349","is_ascension_mode":true,"campfire_choices":[{"data":"Quick Slash","floor":6.0,"key":"SMITH"},{"data":"Noxious Fumes","floor":13.0,"key":"SMITH"},{"data":"After Image","floor":15.0,"key":"SMITH"},{"floor":23.0,"key":"REST"},{"data":"Malaise","floor":29.0,"key":"SMITH"},{"data":"Ghostly","floor":32.0,"key":"SMITH"},{"floor":40.0,"key":"REST"},{"data":"Footwork","floor":42.0,"key":"SMITH"},{"data":"After Image","floor":44.0,"key":"SMITH"},{"data":"Ghostly","floor":46.0,"key":"SMITH"},{"floor":49.0,"key":"RECALL"},{"floor":53.0,"key":"DIG"}],"neow_cost":"NONE","seed_source_timestamp":519236166313604,"circlet_count":0,"master_deck":["AscendersBane","Defend_G","Defend_G","Defend_G","Defend_G","Defend_G","Strike_G","Strike_G","Strike_G","Strike_G","Survivor","Neutralize","Quick Slash+1","Cloak And Dagger","Deadly Poison","After Image+1","Poisoned Stab","Dodge and Roll","Noxious Fumes+1","Leg Sweep","Malaise+1","PiercingWail+1","Backstab","PiercingWail","Backstab","PiercingWail+1","Blur","Cloak And Dagger","Ghostly","Ghostly+1","Ghostly+1","Infinite Blades","Corpse Explosion","Blur","After Image+1","Dodge and Roll+1","Dodge and Roll+1","Bouncing Flask+1","Footwork+1","PiercingWail+1","Parasite","Leg Sweep+1","Blur+1","Crippling Poison+1","Cloak And Dagger+1"],"special_seed":0,"relics":["Ring of the Snake","Art of War","OrangePellets","SsserpentHead","Meat on the Bone","Regal Pillow","Sozu","Bottled Tornado","Kunai","Mummified Hand","Bag of Preparation","Cursed Key","Toxic Egg 2","Shovel","TwistedFunnel","Gremlin Horn","Dodecahedron","Orichalcum"],"potions_floor_usage":[],"damage_taken":[{"damage":1.0,"enemies":"2 Louse","floor":1.0,"turns":4.0},{"damage":1.0,"enemies":"Cultist","floor":3.0,"turns":4.0},{"damage":48.0,"enemies":"Gremlin Nob","floor":7.0,"turns":6.0},{"damage":2.0,"enemies":"Jaw Worm","floor":8.0,"turns":4.0},{"damage":7.0,"enemies":"Exordium Wildlife","floor":10.0,"turns":9.0},{"damage":5.0,"enemies":"Exordium Thugs","floor":11.0,"turns":5.0},{"damage":0.0,"enemies":"Blue Slaver","floor":14.0,"turns":6.0},{"damage":32.0,"enemies":"Hexaghost","floor":16.0,"turns":11.0},{"damage":2.0,"enemies":"Spheric Guardian","floor":18.0,"turns":4.0},{"damage":8.0,"enemies":"2 Thieves","floor":19.0,"turns":5.0},{"damage":4.0,"enemies":"Centurion and Healer","floor":20.0,"turns":8.0},{"damage":28.0,"enemies":"Cultist and Chosen","floor":21.0,"turns":8.0},{"damage":14.0,"enemies":"Shelled Parasite and Fungi","floor":22.0,"turns":11.0},{"damage":11.0,"enemies":"Gremlin Leader","floor":24.0,"turns":7.0},{"damage":15.0,"enemies":"Book of Stabbing","floor":27.0,"turns":7.0},{"damage":0.0,"enemies":"Centurion and Healer","floor":28.0,"turns":7.0},{"damage":10.0,"enemies":"Gremlin Leader","floor":31.0,"turns":8.0},{"damage":9.0,"enemies":"Champ","floor":33.0,"turns":20.0},{"damage":0.0,"enemies":"3 Shapes","floor":35.0,"turns":4.0},{"damage":0.0,"enemies":"Orb Walker","floor":37.0,"turns":4.0},{"damage":12.0,"enemies":"2 Orb Walkers","floor":38.0,"turns":6.0},{"damage":0.0,"enemies":"Nemesis","floor":41.0,"turns":11.0},{"damage":0.0,"enemies":"Spire Growth","floor":45.0,"turns":5.0},{"damage":0.0,"enemies":"4 Shapes","floor":47.0,"turns":2.0},{"damage":0.0,"enemies":"Jaw Worm Horde","floor":48.0,"turns":5.0},{"damage":8.0,"enemies":"Donu and Deca","floor":50.0,"turns":10.0},{"damage":19.0,"enemies":"Time Eater","floor":51.0,"turns":20.0},{"damage":21.0,"enemies":"Shield and Spear","floor":55.0,"turns":7.0},{"damage":25,"enemies":"The Heart","floor":56,"turns":2}],"seed_played":"-2542321858322601262","potions_obtained":[{"floor":8.0,"key":"Explosive Potion"},{"floor":11.0,"key":"Explosive Potion"},{"floor":14.0,"key":"SteroidPotion"}],"is_trial":false,"path_per_floor":["?","?","M","$","M","M","M","?","?","?"],"character_chosen":"THE_SILENT","items_purchased":["OrangePellets","SpeedPotion","Noxious Fumes","Toxic Egg 2","After Image","Dodge and Roll+1","Footwork","TwistedFunnel","Crippling Poison+1"],"campfire_rested":2,"item_purchase_floors":[4,4,12,36,36,36,39,39,54],"current_hp_per_floor":[58,58,57,57,57,57,9,19,19,24,31,31,31,43,43,23,55,53,45,41,25,23,57,46,46,46,43,43,43,33,23,23,26,31,31,31,31,19,19,33,33,33,33,33,33,33,33,33,33,25,18,29,29,29,20,0],"gold":54,"neow_bonus":"RANDOM_COMMON_RELIC","is_prod":false,"is_daily":false,"chose_seed":false,"campfire_upgraded":8,"win_rate":0,"timestamp":1548225229,"path_taken":["M","?","M","$","?","R","E","M","T","M","?","?","R","?","R","BOSS","M","M","M","?","?","R","E","?","T","E","M","R","?","E","R","BOSS","M","$","M","?","$","R","E","R","T","R","M","R","M","M","R","BOSS","BOSS","R","$","E","BOSS"],"build_version":"2019-01-22","purchased_purges":2,"victory":false,"max_hp_per_floor":[66,66,66,66,66,66,66,66,66,66,66,66,66,66,66,66,66,66,66,66,66,66,66,66,66,66,66,66,66,33,33,33,33,33,33,33,33,33,33,33,33,33,33,33,33,33,33,33,33,33,33,33,33,33,33,33],"card_choices":[{"not_picked":["Deflect","Calculated Gamble"],"picked":"Quick Slash","floor":1.0},{"not_picked":["Dodge and Roll","Concentrate"],"picked":"Cloak And Dagger","floor":3.0},{"not_picked":["Blade Dance","Escape Plan"],"picked":"Deadly Poison","floor":7.0},{"not_picked":["Skewer","Quick Slash"],"picked":"After Image","floor":8.0},{"not_picked":["Backflip","Acrobatics"],"picked":"Poisoned Stab","floor":10.0},{"not_picked":["Tactician","Predator"],"picked":"Dodge and Roll","floor":11.0},{"not_picked":["Dagger Throw","Quick Slash"],"picked":"Leg Sweep","floor":14.0},{"not_picked":["A Thousand Cuts","Grand Finale"],"picked":"Malaise","floor":16.0},{"not_picked":["Backstab","Bane"],"picked":"PiercingWail+1","floor":18.0},{"not_picked":["Escape Plan","Reflex","Dagger Spray"],"picked":"SKIP","floor":19.0},{"not_picked":["Concentrate","Acrobatics"],"picked":"Backstab","floor":20.0},{"not_picked":["Leg Sweep","Deflect"],"picked":"PiercingWail","floor":21.0},{"not_picked":["Deadly Poison","Blade Dance"],"picked":"Backstab","floor":22.0},{"not_picked":["Caltrops","Dagger Throw"],"picked":"PiercingWail+1","floor":24.0},{"not_picked":["Terror","Deflect"],"picked":"Blur","floor":27.0},{"not_picked":["Skewer","Setup+1"],"picked":"Cloak And Dagger","floor":28.0},{"not_picked":["Accuracy","Prepared"],"picked":"Infinite Blades","floor":31.0},{"not_picked":["Storm of Steel","Tools of the Trade"],"picked":"Corpse Explosion","floor":33.0},{"not_picked":["Blade Dance","Tactician+1"],"picked":"Blur","floor":35.0},{"not_picked":["Blur+1","Choke"],"picked":"Dodge and Roll+1","floor":37.0},{"not_picked":["Sucker Punch","Deflect+1"],"picked":"Bouncing Flask+1","floor":38.0},{"not_picked":["Quick Slash","Escape Plan+1"],"picked":"PiercingWail+1","floor":41.0},{"not_picked":["Eviscerate","Slice+1","Choke+1"],"picked":"SKIP","floor":45.0},{"not_picked":["Eviscerate","Slice+1","Choke+1"],"picked":"SKIP","floor":45.0},{"not_picked":["Eviscerate","Slice+1","Choke+1"],"picked":"SKIP","floor":45.0},{"not_picked":["Bane","Deadly Poison+1"],"picked":"Leg Sweep+1","floor":47.0},{"not_picked":["Sucker Punch","Quick Slash"],"picked":"Blur+1","floor":48.0},{"not_picked":["Quick Slash+1","Acrobatics+1"],"picked":"Cloak And Dagger+1","floor":55.0}],"player_experience":1287117,"relics_obtained":[{"floor":7.0,"key":"Meat on the Bone"},{"floor":9.0,"key":"Regal Pillow"},{"floor":24.0,"key":"Bottled Tornado"},{"floor":26.0,"key":"Kunai"},{"floor":27.0,"key":"Mummified Hand"},{"floor":31.0,"key":"Bag of Preparation"},{"floor":38.0,"key":"Shovel"},{"floor":41.0,"key":"Gremlin Horn"},{"floor":53.0,"key":"Dodecahedron"},{"floor":55.0,"key":"Orichalcum"}],"event_choices":[{"damage_healed":0.0,"max_hp_gain":0.0,"max_hp_loss":0.0,"gold_gain":150.0,"event_name":"Liars Game","player_choice":"AGREE","floor":2.0,"gold_loss":0.0,"damage_taken":0.0,"cards_obtained":["Doubt"]},{"damage_healed":0.0,"max_hp_gain":0.0,"max_hp_loss":0.0,"gold_gain":0.0,"event_name":"FaceTrader","player_choice":"Trade","floor":5.0,"gold_loss":0.0,"damage_taken":0.0,"relics_obtained":["SsserpentHead"]},{"damage_healed":0.0,"max_hp_gain":0.0,"max_hp_loss":0.0,"gold_gain":50.0,"event_name":"Nest","player_choice":"Stole From Cult","floor":25.0,"gold_loss":0.0,"damage_taken":0.0},{"damage_healed":0.0,"max_hp_gain":0.0,"max_hp_loss":33.0,"gold_gain":0.0,"event_name":"Ghosts","player_choice":"Became a Ghost","floor":30.0,"gold_loss":0.0,"damage_taken":0.0,"cards_obtained":["Ghostly","Ghostly","Ghostly"]},{"damage_healed":0.0,"max_hp_gain":0.0,"max_hp_loss":0.0,"gold_gain":0.0,"event_name":"Mysterious Sphere","player_choice":"Fight","floor":38.0,"gold_loss":0.0,"damage_taken":0.0}],"is_beta":true,"boss_relics":[{"not_picked":["Black Star","HoveringKite"],"picked":"Sozu"},{"not_picked":["Orrery","Lizard Tail"],"picked":"Cursed Key"}],"items_purged_floors":[12,36],"is_endless":false,"potions_floor_spawned":[8,11,14,18,22,28,35,38,48],"killed_by":"The Heart","ascension_level":20}