{"path_per_floor":["M","M","?","M","M","R","M","?","T","R","M","R","E","M","R","B",null,"M","M","$","M","?","R","$","R","T","E","$","R","E","M","R","B",null,"M","?","M","M","M","R","M","?","T","M","M","M","?","M","R"],"character_chosen":"IRONCLAD","items_purchased":["Apotheosis","Vajra","Inflame"],"gold_per_floor":[12,32,207,224,240,240,252,202,202,202,212,212,246,257,257,353,353,323,343,2,12,12,12,12,12,12,46,7,7,41,53,53,157,157,171,171,191,202,217,217,236,0,0,18,37,52,103,120,120,120],"floor_reached":50,"campfire_rested":3,"playtime":2547,"current_hp_per_floor":[72,59,59,53,50,50,54,54,54,54,80,80,62,67,67,28,67,62,55,55,35,61,61,61,61,61,71,71,71,80,70,80,32,68,72,62,60,56,60,80,80,80,80,80,80,80,59,44,80,0],"items_purged":[],"gold":120,"score":695,"play_id":"3203fab4-6362-4d17-b786-22788e6cd1f1","local_time":"20180325140815","is_prod":false,"is_daily":false,"is_ascension_mode":true,"campfire_upgraded":7,"timestamp":1522001295,"path_taken":["M","M","?","M","M","R","M","?","T","R","M","R","E","M","R","BOSS","M","M","$","M","?","R","$","R","T","E","$","R","E","?","R","BOSS","M","?","M","M","M","R","M","?","T","M","?","?","?","M","R","BOSS"],"build_version":"2018-03-22v2","purchased_purges":0,"victory":false,"master_deck":["Strike_R","Strike_R","Defend_R","Defend_R","Defend_R","Defend_R","Bash","Reaper+1","Body Slam+1","Iron Wave","Flame Barrier+1","Thunderclap","Twin Strike","Shrug It Off+1","Shrug It Off+1","Cleave+1","Impervious+1","Shrug It Off","Pommel Strike+1","Apotheosis+1","Berserk","Whirlwind+1","Inflame","Shrug It Off+1","Impervious","Combust+1","Cleave+1","Cleave+1","Metallicize","Madness","Madness","Warcry","Body Slam+1","Headbutt+1","Power Through+1","Spot Weakness+1","Flame Barrier","Dual Wield+1"],"max_hp_per_floor":[80,80,80,80,80,80,80,80,80,80,80,80,80,80,80,80,80,80,80,80,80,80,80,80,80,80,80,80,80,80,80,80,80,80,80,80,80,80,80,80,80,80,80,80,80,80,80,80,80,80],"relics":["Burning Blood","Magic Flower","Molten Egg 2","Mark of Pain","Vajra","Thread and Needle","Pen Nib","Regal Pillow","Astrolabe","Red Mask","Red Skull","Unceasing Top"],"card_choices":[{"not_picked":["Double Tap","Berserk"],"picked":"Reaper","floor":0},{"not_picked":["Wild Strike","Blood for Blood"],"picked":"Body Slam","floor":1},{"not_picked":["Sword Boomerang","Armaments"],"picked":"Iron Wave","floor":2},{"not_picked":["Metallicize","Pommel Strike"],"picked":"Flame Barrier","floor":4},{"not_picked":["Warcry","Perfected Strike"],"picked":"Thunderclap","floor":5},{"not_picked":["Fire Breathing","Havoc"],"picked":"Twin Strike","floor":7},{"not_picked":["Burning Pact","Rage"],"picked":"Shrug It Off","floor":11},{"not_picked":["Double Tap","Flex"],"picked":"Shrug It Off","floor":13},{"not_picked":["Perfected Strike","Clash"],"picked":"Cleave","floor":14},{"not_picked":["Berserk","Fiend Fire"],"picked":"Impervious","floor":16},{"not_picked":["Anger","Perfected Strike"],"picked":"Shrug It Off","floor":18},{"not_picked":["Rupture","Heavy Blade"],"picked":"Pommel Strike","floor":19},{"not_picked":["Wild Strike","Pommel Strike"],"picked":"Berserk","floor":21},{"not_picked":["Shrug It Off","Dual Wield"],"picked":"Whirlwind","floor":27},{"not_picked":["Combust","Searing Blow"],"picked":"Shrug It Off","floor":31},{"not_picked":["Berserk","Fiend Fire"],"picked":"Impervious","floor":33},{"not_picked":["True Grit","Sever Soul"],"picked":"Metallicize","floor":35},{"not_picked":["Perfected Strike","Thunderclap"],"picked":"Warcry","floor":37},{"not_picked":["Headbutt","Havoc"],"picked":"Body Slam","floor":38},{"not_picked":["Perfected Strike","True Grit"],"picked":"Headbutt","floor":41},{"not_picked":["Perfected Strike","Dark Embrace"],"picked":"Power Through","floor":44},{"not_picked":["Flex","Havoc"],"picked":"Spot Weakness","floor":45},{"not_picked":["Dual Wield","Armaments"],"picked":"Flame Barrier","floor":46},{"not_picked":["Combust","Pommel Strike"],"picked":"Dual Wield","floor":47}],"player_experience":687063,"potions_floor_usage":[13,16,21,21,27,30,44,44,44,47,48],"damage_taken":[{"damage":18,"enemies":"2 Louse","floor":1,"turns":3},{"damage":23,"enemies":"Small Slimes","floor":2,"turns":4},{"damage":18,"enemies":"Jaw Worm","floor":4,"turns":4},{"damage":9,"enemies":"Blue Slaver","floor":5,"turns":5},{"damage":2,"enemies":"Looter","floor":7,"turns":5},{"damage":0,"enemies":"Large Slime","floor":11,"turns":6},{"damage":27,"enemies":"Gremlin Nob","floor":13,"turns":4},{"damage":4,"enemies":"Red Slaver","floor":14,"turns":5},{"damage":71,"enemies":"Slime Boss","floor":16,"turns":17},{"damage":29,"enemies":"2 Thieves","floor":18,"turns":5},{"damage":16,"enemies":"Shell Parasite","floor":19,"turns":6},{"damage":29,"enemies":"Chosen and Byrds","floor":21,"turns":7},{"damage":18,"enemies":"Gremlin Leader","floor":27,"turns":8},{"damage":0,"enemies":"Slavers","floor":30,"turns":2},{"damage":37,"enemies":"Snecko","floor":31,"turns":5},{"damage":57,"enemies":"Automaton","floor":33,"turns":12},{"damage":17,"enemies":"3 Darklings","floor":35,"turns":3},{"damage":14,"enemies":"3 Shapes","floor":37,"turns":5},{"damage":13,"enemies":"Maw","floor":38,"turns":10},{"damage":5,"enemies":"4 Shapes","floor":39,"turns":4},{"damage":5,"enemies":"3 Darklings","floor":41,"turns":5},{"damage":8,"enemies":"Maw","floor":44,"turns":8},{"damage":7,"enemies":"Sphere and 2 Shapes","floor":45,"turns":5},{"damage":12,"enemies":"4 Shapes","floor":46,"turns":4},{"damage":30,"enemies":"Mysterious Sphere","floor":47,"turns":6},{"damage":47,"enemies":"Maw","floor":48,"turns":10},{"damage":87,"enemies":"Time Eater","floor":50,"turns":7}],"event_choices":[{"event_name":"Liars Game","player_choice":"agreed","floor":3,"damage_taken":0},{"event_name":"The Cleric","player_choice":"Card Removal","floor":8,"damage_taken":0},{"event_name":"The Library","player_choice":"Heal","floor":22,"damage_taken":0},{"event_name":"Winding Halls","player_choice":"Embrace Madness","floor":36,"damage_taken":0},{"event_name":"Tomb of Lord Red Mask","player_choice":"Paid","floor":42,"damage_taken":0},{"event_name":"Mysterious Sphere","player_choice":"Fight","floor":47,"damage_taken":0}],"boss_relics":[{"not_picked":["Calling Bell","Runic Pyramid"],"picked":"Mark of Pain"},{"not_picked":["Runic Cube","Black Blood"],"picked":"Astrolabe"}],"potions_floor_spawned":[4,5,7,18,19,27,37,38,39,46,47],"seed_played":"-864644127480606764","killed_by":"Time Eater","ascension_level":5,"is_trial":false}