{"gold_per_floor":[114,124,137,199,210,240,96,96,147,147,163,163,183,56,56,176,176,192,42,20,38,38,72,72,123,123,154,173,204,220,236,236,332,332,343,57,76,25,25,25,39,50,50,50,50,50,63,88,88,191,191,209,226,15,35,35,35,67,67,92,109,109,142,142,161,161,260,260,275,293,293,293,145,145,165,195,226,238,238,36,36,36,36,138,138,169,189,189],"floor_reached":88,"playtime":3762,"items_purged":[],"score":1901,"play_id":"c176f9af-eecd-494c-9392-2a46b87d63e5","local_time":"20180714174908","daily_mods":["Draft","Diverse","Heirloom","Time Dilation"],"is_ascension_mode":false,"campfire_choices":[{"data":"Wraith Form v2","floor":8,"key":"SMITH"},{"data":"Demon Form","floor":10,"key":"SMITH"},{"data":"Creative AI","floor":15,"key":"SMITH"},{"data":"Echo Form","floor":24,"key":"SMITH"},{"floor":32,"key":"REST"},{"floor":40,"key":"REST"},{"floor":44,"key":"REST"},{"floor":46,"key":"REST"},{"floor":49,"key":"REST"},{"floor":57,"key":"REST"},{"floor":59,"key":"REST"},{"floor":62,"key":"REST"},{"floor":66,"key":"REST"},{"floor":74,"key":"REST"},{"floor":81,"key":"REST"},{"floor":83,"key":"REST"}],"neow_cost":"","seed_source_timestamp":0,"circlet_count":0,"master_deck":["Clothesline+1","Entrench","Dodge and Roll","Malaise","Turbo","Spot Weakness","Well Laid Plans","Flying Knee","Headbutt","Cold Snap","Body Slam","Glacier","Loop","Fire Breathing","Footwork","Doom and Gloom","Gash","Sunder","Dagger Spray","HandOfGreed","A Thousand Cuts","Outmaneuver+1","Armaments","Intimidate+1","Leap","Setup+1","Seeing Red+1","Setup+1","Go for the Eyes","Turbo+1","Machine Learning","Fire Breathing","Footwork+1","Backflip+1","Madness+1","Madness+1","Streamline+1","Cold Snap","Shrug It Off+1","Terror+1","Electrodynamics","Riddle With Holes","Leap+1","Cloak And Dagger+1","Redo+1","Terror+1","Immolate+1","Dodge and Roll+1","Shockwave+1","Glass Knife","Dropkick+1","Fiend Fire+1","Masterful Stab+1","Havoc+1","Thunderclap","Deflect+1","Choke+1","Offering+1","Entrench+1","Necronomicurse","Creative AI","Outmaneuver+1","Setup+1"],"special_seed":17726,"relics":["Cracked Core","Unceasing Top","Pen Nib","Lantern","Snecko Eye","Bag of Marbles","Nloth\u0027s Gift","DataDisk","Bronze Scales","Toxic Egg 2","Bottled Tornado","Gremlin Horn","Fusion Hammer","Gambling Chip","Symbiotic Virus","Lizard Tail","Orichalcum","Blood Vial","Astrolabe","Whetstone","Necronomicon","ClockworkSouvenir","Nuclear Battery"],"potions_floor_usage":[6,13,27,27,27,29,35,37,50,58,63,67,67,75,75,75,75,75,75,76,88,88],"damage_taken":[{"damage":0,"enemies":"Jaw Worm","floor":1,"turns":2},{"damage":1,"enemies":"2 Louse","floor":2,"turns":3},{"damage":8,"enemies":"Small Slimes","floor":3,"turns":4},{"damage":4,"enemies":"Looter","floor":5,"turns":2},{"damage":7,"enemies":"3 Sentries","floor":6,"turns":6},{"damage":0,"enemies":"Exordium Wildlife","floor":11,"turns":3},{"damage":9,"enemies":"Red Slaver","floor":13,"turns":2},{"damage":42,"enemies":"Hexaghost","floor":16,"turns":8},{"damage":0,"enemies":"Shell Parasite","floor":18,"turns":4},{"damage":8,"enemies":"Chosen","floor":21,"turns":4},{"damage":0,"enemies":"Book of Stabbing","floor":23,"turns":6},{"damage":12,"enemies":"Gremlin Leader","floor":27,"turns":5},{"damage":5,"enemies":"Centurion and Healer","floor":28,"turns":3},{"damage":0,"enemies":"Slavers","floor":29,"turns":3},{"damage":9,"enemies":"Sentry and Sphere","floor":30,"turns":4},{"damage":21,"enemies":"Snake Plant","floor":31,"turns":4},{"damage":10,"enemies":"Champ","floor":33,"turns":9},{"damage":16,"enemies":"Orb Walker","floor":35,"turns":4},{"damage":1,"enemies":"3 Darklings","floor":37,"turns":3},{"damage":13,"enemies":"Maw","floor":41,"turns":6},{"damage":0,"enemies":"Sphere and 2 Shapes","floor":42,"turns":3},{"damage":0,"enemies":"3 Darklings","floor":47,"turns":2},{"damage":2,"enemies":"4 Shapes","floor":48,"turns":4},{"damage":33,"enemies":"Time Eater","floor":50,"turns":7},{"damage":19,"enemies":"Jaw Worm","floor":52,"turns":1},{"damage":0,"enemies":"2 Louse","floor":53,"turns":1},{"damage":0,"enemies":"Small Slimes","floor":55,"turns":2},{"damage":0,"enemies":"Gremlin Nob","floor":58,"turns":3},{"damage":0,"enemies":"Looter","floor":61,"turns":1},{"damage":5,"enemies":"3 Sentries","floor":63,"turns":3},{"damage":0,"enemies":"Exordium Wildlife","floor":65,"turns":3},{"damage":46,"enemies":"Slime Boss","floor":67,"turns":4},{"damage":12,"enemies":"Chosen","floor":69,"turns":4},{"damage":14,"enemies":"3 Byrds","floor":70,"turns":2},{"damage":21,"enemies":"Snake Plant","floor":75,"turns":2},{"damage":23,"enemies":"Slavers","floor":76,"turns":4},{"damage":0,"enemies":"Gremlin Leader","floor":77,"turns":4},{"damage":3,"enemies":"Snecko","floor":78,"turns":4},{"damage":121,"enemies":"Champ","floor":84,"turns":9},{"damage":41,"enemies":"3 Darklings","floor":86,"turns":3},{"damage":0,"enemies":"Orb Walker","floor":87,"turns":1},{"damage":74,"enemies":"Transient","floor":88,"turns":5}],"seed_played":"5032086069714144328","potions_obtained":[{"floor":2,"key":"Swift Potion"},{"floor":5,"key":"Poison Potion"},{"floor":11,"key":"Fruit Juice"},{"floor":18,"key":"Strength Potion"},{"floor":21,"key":"Explosive Potion"},{"floor":27,"key":"PowerPotion"},{"floor":29,"key":"GamblersBrew"},{"floor":33,"key":"Explosive Potion"},{"floor":41,"key":"Block Potion"},{"floor":47,"key":"Strength Potion"},{"floor":50,"key":"Regen Potion"},{"floor":53,"key":"SteroidPotion"},{"floor":63,"key":"Strength Potion"},{"floor":65,"key":"Block Potion"},{"floor":67,"key":"Ancient Potion"},{"floor":70,"key":"EntropicBrew"},{"floor":75,"key":"Block Potion"},{"floor":76,"key":"FearPotion"},{"floor":86,"key":"Energy Potion"}],"is_trial":true,"path_per_floor":["M","M","M","?","M","E","$","R","T","R","M","?","M","$","R","B",null,"M","$","$","M","?","E","R","T","T","E","M","E","M","M","R","B",null,"M","$","M","$","?","R","M","M","T","R","?","R","M","M","R","B",null,"M","M","$","M","$","R","E","R","T","M","R","E","?","M","R","B",null,"M","M","?","?","$","R","M","E","E","M","?","$","R","$","R","B",null,"M","M"],"character_chosen":"DEFECT","items_purchased":["Pen Nib","Dagger Spray","HandOfGreed","Bag of Marbles","Armaments","Gambling Chip","Backflip+1","Cloak And Dagger+1","Orichalcum","Whetstone","ClockworkSouvenir"],"campfire_rested":12,"item_purchase_floors":[7,14,14,19,20,36,38,54,54,73,80],"current_hp_per_floor":[75,74,66,66,62,55,55,55,55,55,55,55,51,51,51,34,80,80,80,80,72,72,72,72,72,72,60,55,55,46,25,49,39,80,64,64,63,63,53,77,64,64,64,80,80,80,80,78,80,47,80,61,61,61,61,61,80,80,80,80,80,80,77,70,72,80,34,80,68,56,56,56,56,80,59,38,40,39,23,23,47,47,71,7,80,39,41,0],"gold":189,"neow_bonus":"","is_prod":false,"is_daily":false,"chose_seed":false,"campfire_upgraded":4,"win_rate":0,"timestamp":1531604948,"path_taken":["M","M","M","?","M","E","$","R","T","R","?","?","M","?","R","BOSS","M","?","$","M","?","E","R","?","T","E","M","E","M","M","R","BOSS","M","$","M","$","?","R","M","M","T","R","?","R","M","M","R","BOSS","M","M","$","M","$","R","E","R","T","M","R","E","?","M","R","BOSS","M","M","?","?","$","R","?","E","E","?","?","$","R","?","R","BOSS","M","M","M"],"build_version":"2018-07-13","purchased_purges":0,"victory":false,"max_hp_per_floor":[75,75,75,75,75,75,75,75,75,75,75,75,80,80,80,80,80,80,80,80,80,80,80,80,80,80,80,80,80,80,80,80,80,80,80,80,80,80,80,80,80,80,80,80,80,80,80,80,80,80,80,80,80,80,80,80,80,80,80,80,80,80,80,80,80,80,80,80,80,80,80,80,80,80,80,80,80,80,80,80,80,80,80,80,80,80,80,80],"card_choices":[{"not_picked":["Rebound","Doom and Gloom"],"picked":"Noxious Fumes","floor":0},{"not_picked":["Deflect","Carnage"],"picked":"Clothesline","floor":0},{"not_picked":["Turbo","Barrage"],"picked":"Entrench","floor":0},{"not_picked":["Skim","Cleave"],"picked":"Dodge and Roll","floor":0},{"not_picked":["Anger","Flame Barrier"],"picked":"Malaise","floor":0},{"not_picked":["Dagger Throw","Flex"],"picked":"Turbo","floor":0},{"not_picked":["Havoc","BootSequence"],"picked":"Spot Weakness","floor":0},{"not_picked":["Perfected Strike","Twin Strike"],"picked":"Well Laid Plans","floor":0},{"not_picked":["Heavy Blade","Wild Strike"],"picked":"Flying Knee","floor":0},{"not_picked":["Clothesline","Combust"],"picked":"Headbutt","floor":0},{"not_picked":["Bloodletting","Compile Driver"],"picked":"Cold Snap","floor":0},{"not_picked":["Chill","Malaise"],"picked":"Go for the Eyes","floor":0},{"not_picked":["Dagger Throw","Quick Slash"],"picked":"Body Slam","floor":0},{"not_picked":["Blizzard","Fusion"],"picked":"Glacier","floor":0},{"not_picked":["Thunderclap","Reckless Charge"],"picked":"Loop","floor":0},{"not_picked":["Quick Slash","Reflex"],"picked":"Fire Breathing","floor":1},{"not_picked":["Turbo","Blur"],"picked":"Footwork","floor":2},{"not_picked":["Prepared","Pommel Strike"],"picked":"Doom and Gloom","floor":3},{"not_picked":["Compile Driver","Redo"],"picked":"Gash","floor":5},{"not_picked":["Backstab","Slice"],"picked":"Creative AI","floor":6},{"not_picked":["Acrobatics","Infernal Blade","Lockon"],"picked":"SKIP","floor":11},{"not_picked":["Searing Blow","Heavy Blade"],"picked":"Sunder","floor":13},{"not_picked":["Grand Finale","Rainbow"],"picked":"A Thousand Cuts","floor":16},{"not_picked":["Compile Driver+1","Perfected Strike"],"picked":"Outmaneuver+1","floor":18},{"not_picked":["Seeing Red","Flying Knee"],"picked":"Intimidate+1","floor":21},{"not_picked":["Seek","Sweeping Beam"],"picked":"Leap","floor":23},{"not_picked":["Underhanded Strike","Thunderclap"],"picked":"Setup+1","floor":27},{"not_picked":["Disarm+1","Consume+1"],"picked":"Seeing Red+1","floor":28},{"not_picked":["Pommel Strike","Compile Driver"],"picked":"Setup+1","floor":29},{"not_picked":["Outmaneuver+1","Warcry+1"],"picked":"Go for the Eyes","floor":30},{"not_picked":["Go for the Eyes","Redo+1"],"picked":"Turbo+1","floor":31},{"not_picked":["Seek+1","A Thousand Cuts"],"picked":"Machine Learning","floor":33},{"not_picked":["Headbutt","Reflex+1"],"picked":"Fire Breathing","floor":35},{"not_picked":["Warcry+1","Go for the Eyes"],"picked":"Footwork+1","floor":37},{"not_picked":["Coolheaded+1","Acrobatics+1"],"picked":"Streamline+1","floor":41},{"not_picked":["Defragment","Headbutt"],"picked":"Cold Snap","floor":42},{"not_picked":["Slice+1","Demon Form"],"picked":"Shrug It Off+1","floor":47},{"not_picked":["Deflect+1","Auto Shields+1"],"picked":"Terror+1","floor":48},{"not_picked":["Meteor Strike","Demon Form"],"picked":"Electrodynamics","floor":50},{"not_picked":["Gash","Flying Knee"],"picked":"Riddle With Holes","floor":52},{"not_picked":["Barrage","Quick Slash"],"picked":"Leap+1","floor":53},{"not_picked":["Perfected Strike","Pommel Strike"],"picked":"Redo+1","floor":55},{"not_picked":["Sweeping Beam","Go for the Eyes"],"picked":"Terror+1","floor":58},{"not_picked":["Fusion+1","Coolheaded+1"],"picked":"Immolate","floor":61},{"not_picked":["Body Slam","Entrench+1"],"picked":"Dodge and Roll+1","floor":63},{"not_picked":["Underhanded Strike","Fission+1"],"picked":"Shockwave+1","floor":65},{"not_picked":["Tactician+1","Machine Learning"],"picked":"Glass Knife","floor":67},{"not_picked":["Cold Snap","Heavy Blade+1"],"picked":"Havoc+1","floor":69},{"not_picked":["Heavy Blade","FTL"],"picked":"Thunderclap","floor":70},{"not_picked":["Warcry+1","Bane+1"],"picked":"Deflect+1","floor":75},{"not_picked":["Unload","Disarm+1"],"picked":"Choke+1","floor":76},{"not_picked":["Berserk","Rainbow+1"],"picked":"Offering+1","floor":77},{"not_picked":["Backflip+1","Blade Dance+1"],"picked":"Entrench+1","floor":78},{"not_picked":["Rainbow+1","Amplify+1"],"picked":"Creative AI","floor":84},{"not_picked":["Warcry+1","Heavy Blade"],"picked":"Outmaneuver+1","floor":86},{"not_picked":["Clothesline","Rupture+1"],"picked":"Setup+1","floor":87}],"player_experience":565124,"relics_obtained":[{"floor":6,"key":"Pantograph"},{"floor":9,"key":"Lantern"},{"floor":23,"key":"DataDisk"},{"floor":25,"key":"Bronze Scales"},{"floor":26,"key":"Toxic Egg 2"},{"floor":27,"key":"Bottled Tornado"},{"floor":29,"key":"Gremlin Horn"},{"floor":43,"key":"Symbiotic Virus"},{"floor":60,"key":"Blood Vial"},{"floor":79,"key":"Necronomicon"}],"event_choices":[{"event_name":"Golden Wing","player_choice":"Gained Gold","floor":4,"damage_taken":0},{"event_name":"The Woman in Blue","player_choice":"Bought 0 Potions","floor":12,"damage_taken":0},{"event_name":"N\u0027loth","player_choice":"Traded a Pantograph","floor":22,"damage_taken":0},{"event_name":"Winding Halls","player_choice":"Embrace Madness","floor":39,"damage_taken":0},{"event_name":"Falling","player_choice":"Removed Attack","floor":45,"damage_taken":0},{"event_name":"Golden Wing","player_choice":"Card Removal","floor":64,"damage_taken":0},{"event_name":"The Woman in Blue","player_choice":"Bought 0 Potions","floor":71,"damage_taken":0},{"event_name":"Back to Basics","player_choice":"Elegance","floor":72,"damage_taken":0},{"event_name":"Cursed Tome","player_choice":"Obtained Book","floor":79,"damage_taken":0}],"boss_relics":[{"not_picked":["Tiny House","Empty Cage"],"picked":"Snecko Eye"},{"not_picked":["Black Star","Calling Bell"],"picked":"Fusion Hammer"},{"not_picked":["White Beast Statue","Runic Dome"],"picked":"Lizard Tail"},{"not_picked":["Coffee Dripper","Empty Cage"],"picked":"Astrolabe"},{"not_picked":["Black Star","Eternal Feather"],"picked":"Nuclear Battery"}],"items_purged_floors":[],"is_endless":true,"potions_floor_spawned":[2,5,11,18,21,27,29,33,41,47,50,53,63,65,67,70,75,76,86],"killed_by":"Transient","ascension_level":0}