{"path_per_floor":["M","M","M","?","M","R","E","R","T","E","R","M","R","M","R","B",null,"M","?","M","?","?","R","M","E","T","R","M","E","$","E","R","B",null,"M","?","$","M","M","E","M","E","T","M","M","E","M","E","R"],"character_chosen":"THE_SILENT","items_purchased":["Question Card","Calculated Gamble+1","Whetstone","Snake Skull"],"gold_per_floor":[114,127,140,140,155,155,185,185,185,213,213,226,226,237,237,335,335,353,353,365,365,365,365,379,409,435,435,446,480,12,39,39,134,134,151,151,3,16,31,62,75,107,185,196,209,243,254,280,280,280],"floor_reached":50,"campfire_rested":2,"playtime":4251,"item_purchase_floors":[30,30,30,37],"current_hp_per_floor":[63,56,56,56,56,56,6,27,27,36,36,47,47,37,37,36,62,41,28,37,37,37,51,56,39,39,39,33,45,45,30,30,42,95,93,93,93,92,93,95,80,81,81,62,65,47,36,26,58,0],"items_purged":[],"gold":280,"score":1178,"play_id":"68aa28f6-0136-4dbe-b700-f00e4a82a383","local_time":"20180607221910","is_prod":false,"is_daily":false,"chose_seed":true,"is_ascension_mode":true,"campfire_upgraded":2,"win_rate":0,"timestamp":1528424350,"campfire_choices":[{"data":"Wraith Form v2","floor":6,"key":"SMITH"},{"floor":8,"key":"REST"},{"floor":11,"key":"DIG"},{"floor":13,"key":"DIG"},{"data":"Skewer","floor":15,"key":"SMITH"},{"floor":23,"key":"DIG"},{"floor":27,"key":"DIG"},{"floor":32,"key":"DIG"},{"floor":49,"key":"REST"}],"path_taken":["M","M","M","?","M","R","E","R","T","E","R","?","R","?","R","BOSS","M","?","M","?","?","R","M","E","T","R","M","E","$","E","R","BOSS","M","?","$","?","M","E","M","E","T","M","M","E","M","E","R","BOSS"],"build_version":"2018-06-07","seed_source_timestamp":382458105147954,"purchased_purges":0,"victory":false,"master_deck":["Defend_G","Defend_G","Defend_G","Defend_G","Defend_G+1","Strike_G","Strike_G+1","Strike_G","Strike_G+1","Strike_G","Survivor","Neutralize+1","Deflect","Wraith Form v2+1","Deflect","Deadly Poison","Skewer+1","Noxious Fumes","Night Terror+1","Dash","Night Terror","Setup+1","Prepared+1","Noxious Fumes","Acrobatics+1","Noxious Fumes","Well Laid Plans+1","Dagger Throw+1","Calculated Gamble+1","Setup+1","Tools of the Trade","Parasite","Pain","Regret","Backstab+1","Bandage Up+1","Outmaneuver+1","Flying Knee+1","Distraction+1","Noxious Fumes+1","Adrenaline+1","Bane+1","Crippling Poison+1","Dagger Throw","Well Laid Plans+1","Catalyst+1","PiercingWail+1"],"max_hp_per_floor":[70,70,70,70,70,70,70,70,70,70,70,70,70,70,70,70,70,70,75,75,75,75,89,89,89,89,89,89,89,89,89,89,89,107,107,107,107,107,107,107,107,107,107,107,107,107,107,107,107,107],"relics":["Ring of the Snake","Boot","Ninja Scroll","Meat on the Bone","Shovel","Bottled Flame","Orichalcum","Sozu","Mango","War Paint","Dream Catcher","Darkstone Periapt","Toxic Egg 2","Question Card","Whetstone","Kunai","Potion Belt","Calling Bell","Pen Nib","Blue Candle","Torii","Snake Skull","Art of War","Singing Bowl","Pantograph","Mummified Hand","Shuriken"],"card_choices":[{"not_picked":["Accuracy","Backflip"],"picked":"Deflect","floor":1},{"not_picked":["Dodge and Roll","Prepared"],"picked":"Wraith Form v2","floor":2},{"not_picked":["Quick Slash","Acrobatics"],"picked":"Deflect","floor":3},{"not_picked":["Accuracy","Dodge and Roll"],"picked":"Deadly Poison","floor":5},{"not_picked":["Dagger Throw","Prepared"],"picked":"Skewer","floor":7},{"not_picked":["Underhanded Strike","Cloak And Dagger"],"picked":"Noxious Fumes","floor":10},{"not_picked":["Prepared","Backflip"],"picked":"Night Terror","floor":12},{"not_picked":["Prepared","Crippling Poison"],"picked":"Dash","floor":14},{"not_picked":["Envenom","Phantasmal Killer"],"picked":"Night Terror","floor":16},{"not_picked":["Deadly Poison","Distraction+1"],"picked":"Setup+1","floor":18},{"not_picked":["Eviscerate","PiercingWail"],"picked":"Prepared+1","floor":20},{"not_picked":["Quick Slash","Predator"],"picked":"Acrobatics+1","floor":24},{"not_picked":["PiercingWail","Underhanded Strike"],"picked":"Noxious Fumes","floor":25},{"not_picked":["Predator","Outmaneuver"],"picked":"Well Laid Plans+1","floor":28},{"not_picked":["Endless Agony","Eviscerate"],"picked":"Dagger Throw+1","floor":29},{"not_picked":["Slice","Eviscerate","PiercingWail+1"],"picked":"Setup+1","floor":31},{"not_picked":["After Image","Grand Finale","Corpse Explosion"],"picked":"Tools of the Trade","floor":33},{"not_picked":["PiercingWail+1","Sucker Punch","Blade Dance+1"],"picked":"Backstab+1","floor":35},{"not_picked":["Secret Weapon+1","Apotheosis+1","Flash of Steel"],"picked":"Bandage Up+1","floor":36},{"not_picked":["Calculated Gamble+1","Quick Slash","Reflex+1"],"picked":"Outmaneuver+1","floor":38},{"not_picked":["Dagger Throw","Reflex+1","Skewer+1"],"picked":"Flying Knee+1","floor":39},{"not_picked":["Slice","Acrobatics+1","Backflip+1"],"picked":"Distraction+1","floor":40},{"not_picked":["Poisoned Stab","Accuracy","Backstab+1"],"picked":"Noxious Fumes+1","floor":41},{"not_picked":["Dash","Flechettes+1","Expertise+1"],"picked":"Adrenaline+1","floor":42},{"not_picked":["Bouncing Flask+1","Cloak And Dagger+1","Flying Knee+1"],"picked":"Bane+1","floor":44},{"not_picked":["Skewer+1","Deadly Poison+1","Dagger Spray"],"picked":"Crippling Poison+1","floor":45},{"not_picked":["Poisoned Stab+1","Footwork","Cloak And Dagger+1"],"picked":"Dagger Throw","floor":46},{"not_picked":["Deflect+1","Leg Sweep+1","Poisoned Stab+1"],"picked":"Well Laid Plans+1","floor":47},{"not_picked":["After Image","All Out Attack+1","Predator+1"],"picked":"Catalyst+1","floor":48},{"not_picked":["Dagger Throw","Dodge and Roll+1","Poisoned Stab+1"],"picked":"PiercingWail+1","floor":49}],"player_experience":410216,"potions_floor_usage":[10,25,29],"damage_taken":[{"damage":0,"enemies":"2 Louse","floor":1,"turns":4},{"damage":7,"enemies":"Cultist","floor":2,"turns":6},{"damage":0,"enemies":"Jaw Worm","floor":3,"turns":6},{"damage":0,"enemies":"Red Slaver","floor":5,"turns":6},{"damage":50,"enemies":"Lagavulin","floor":7,"turns":10},{"damage":3,"enemies":"Gremlin Nob","floor":10,"turns":5},{"damage":1,"enemies":"Gremlin Gang","floor":12,"turns":4},{"damage":10,"enemies":"Exordium Thugs","floor":14,"turns":5},{"damage":1,"enemies":"Hexaghost","floor":16,"turns":16},{"damage":21,"enemies":"Spheric Guardian","floor":18,"turns":7},{"damage":3,"enemies":"Shell Parasite","floor":20,"turns":6},{"damage":7,"enemies":"Snecko","floor":24,"turns":5},{"damage":29,"enemies":"Slavers","floor":25,"turns":7},{"damage":18,"enemies":"Snake Plant","floor":28,"turns":5},{"damage":0,"enemies":"Gremlin Leader","floor":29,"turns":6},{"damage":27,"enemies":"Book of Stabbing","floor":31,"turns":9},{"damage":0,"enemies":"Automaton","floor":33,"turns":11},{"damage":2,"enemies":"Flame Bruiser 1 Orb","floor":35,"turns":6},{"damage":7,"enemies":"3 Shapes","floor":38,"turns":4},{"damage":5,"enemies":"Spire Growth","floor":39,"turns":7},{"damage":4,"enemies":"Giant Head","floor":40,"turns":12},{"damage":21,"enemies":"Flame Bruiser 2 Orb","floor":41,"turns":7},{"damage":5,"enemies":"Nemesis","floor":42,"turns":7},{"damage":25,"enemies":"Maw","floor":44,"turns":8},{"damage":3,"enemies":"4 Shapes","floor":45,"turns":5},{"damage":36,"enemies":"Giant Head","floor":46,"turns":10},{"damage":23,"enemies":"3 Darklings","floor":47,"turns":10},{"damage":28,"enemies":"2 Orb Walkers","floor":48,"turns":6},{"damage":90,"enemies":"Awakened One","floor":50,"turns":9}],"relics_obtained":[{"floor":7,"key":"Ninja Scroll"},{"floor":9,"key":"Meat on the Bone"},{"floor":10,"key":"Shovel"},{"floor":11,"key":"Bottled Flame"},{"floor":13,"key":"Orichalcum"},{"floor":23,"key":"Mango"},{"floor":25,"key":"War Paint"},{"floor":26,"key":"Dream Catcher"},{"floor":27,"key":"Darkstone Periapt"},{"floor":29,"key":"Toxic Egg 2"},{"floor":31,"key":"Kunai"},{"floor":32,"key":"Potion Belt"},{"floor":34,"key":"Pen Nib"},{"floor":34,"key":"Blue Candle"},{"floor":34,"key":"Torii"},{"floor":40,"key":"Art of War"},{"floor":42,"key":"Singing Bowl"},{"floor":43,"key":"Pantograph"},{"floor":46,"key":"Mummified Hand"},{"floor":48,"key":"Shuriken"}],"event_choices":[{"event_name":"Upgrade Shrine","player_choice":"Upgraded","floor":4,"damage_taken":0},{"event_name":"Forgotten Altar","player_choice":"Shed Blood","floor":19,"damage_taken":0},{"event_name":"The Library","player_choice":"Read","floor":21,"damage_taken":0},{"event_name":"The Lab","player_choice":"Got Potions","floor":22,"damage_taken":0},{"event_name":"SensoryStone","player_choice":"Memory 1","floor":36,"damage_taken":0}],"boss_relics":[{"not_picked":["Astrolabe","White Beast Statue"],"picked":"Sozu"},{"not_picked":["Runic Pyramid","Black Star"],"picked":"Calling Bell"}],"items_purged_floors":[],"potions_floor_spawned":[2,12,14,18,24,29,33,35,41,44,45,48],"seed_played":"-8623042705149605899","killed_by":"Awakened One","ascension_level":9,"potions_obtained":[{"floor":2,"key":"PowerPotion"},{"floor":12,"key":"LiquidBronze"},{"floor":14,"key":"GhostInAJar"}],"is_trial":false}