{"path_per_floor":["M","M","M","?","M","R","E","R","T","E","R","M","R","M","R","B",null,"M","?","M","?","?","E","R","E","T","R","M","M","$","E","R","B",null,"M","?","$","?","M","E","M","E","T","M","M","E","M","E","R","B"],"character_chosen":"THE_SILENT","items_purchased":["Adrenaline","Question Card","Snake Skull","Deadly Poison+1"],"gold_per_floor":[114,127,140,140,155,155,185,185,185,213,213,226,226,237,237,335,335,353,353,365,365,365,394,394,424,450,450,461,480,94,121,121,216,216,233,233,61,161,174,204,220,248,248,263,282,308,321,355,355,355],"floor_reached":51,"campfire_rested":1,"playtime":4826,"item_purchase_floors":[30,30,37,37],"current_hp_per_floor":[63,56,56,56,55,55,25,25,25,29,29,41,41,41,41,32,61,59,46,45,45,45,63,63,41,41,41,53,53,53,51,51,26,91,90,90,90,90,77,74,61,44,44,55,65,60,60,58,90,31],"items_purged":[],"gold":355,"score":1252,"play_id":"b44c9a57-a22b-49d4-9737-738cfb0cc072","local_time":"20180610204845","is_prod":false,"is_daily":false,"chose_seed":true,"is_ascension_mode":true,"campfire_upgraded":6,"win_rate":0,"timestamp":1528678125,"campfire_choices":[{"data":"Deadly Poison","floor":6,"key":"SMITH"},{"data":"Skewer","floor":8,"key":"SMITH"},{"floor":11,"key":"DIG"},{"floor":13,"key":"DIG"},{"data":"Night Terror","floor":15,"key":"SMITH"},{"data":"Wraith Form v2","floor":24,"key":"SMITH"},{"data":"Night Terror","floor":27,"key":"SMITH"},{"data":"Adrenaline","floor":32,"key":"SMITH"},{"floor":49,"key":"REST"}],"path_taken":["M","M","M","?","M","R","E","R","T","E","R","?","R","?","R","BOSS","M","?","M","?","?","E","R","E","T","R","M","?","$","E","R","BOSS","M","?","$","?","M","E","M","E","T","M","M","E","M","E","R","BOSS"],"build_version":"2018-06-08","seed_source_timestamp":635708089391062,"purchased_purges":0,"victory":true,"master_deck":["Defend_G+1","Defend_G","Defend_G","Defend_G","Strike_G","Strike_G","Strike_G","Strike_G","Survivor","Neutralize+1","Deflect+1","Wraith Form v2+1","Quick Slash","Deadly Poison+1","Skewer+1","Noxious Fumes","Night Terror+1","Dash","Night Terror+1","Setup+1","PiercingWail","Noxious Fumes","Quick Slash","Acrobatics+1","Noxious Fumes","Well Laid Plans+1","Dagger Throw+1","Adrenaline+1","Setup+1","Tools of the Trade","Parasite","Pain","Regret","Backstab+1","Deadly Poison+1","Calculated Gamble+1","Outmaneuver+1","Poisoned Stab","Dagger Throw","Prepared+1","Expertise+1","Bullet Time+1","Expertise+1","Outmaneuver+1","Poisoned Stab+1"],"max_hp_per_floor":[70,70,70,70,70,70,70,70,70,70,70,70,70,70,70,70,70,70,75,75,75,75,89,89,89,89,89,89,89,89,89,89,89,107,107,107,107,107,107,107,107,107,107,107,107,107,107,107,107,107],"relics":["Ring of the Snake","Boot","Ninja Scroll","Meat on the Bone","Shovel","Bottled Flame","Orichalcum","Sozu","Mango","War Paint","Dream Catcher","Question Card","Darkstone Periapt","Calling Bell","Potion Belt","Toxic Egg 2","Torii","Snake Skull","Kunai","Blue Candle","Dead Branch","Pen Nib","Art of War"],"card_choices":[{"not_picked":["Accuracy","Backflip"],"picked":"Deflect","floor":1},{"not_picked":["Dodge and Roll","Prepared"],"picked":"Wraith Form v2","floor":2},{"not_picked":["Acrobatics","Deflect"],"picked":"Quick Slash","floor":3},{"not_picked":["Accuracy","Dodge and Roll"],"picked":"Deadly Poison","floor":5},{"not_picked":["Dagger Throw","Prepared"],"picked":"Skewer","floor":7},{"not_picked":["Underhanded Strike","Cloak And Dagger"],"picked":"Noxious Fumes","floor":10},{"not_picked":["Prepared","Backflip"],"picked":"Night Terror","floor":12},{"not_picked":["Prepared","Crippling Poison"],"picked":"Dash","floor":14},{"not_picked":["Envenom","Phantasmal Killer"],"picked":"Night Terror","floor":16},{"not_picked":["Deadly Poison","Distraction+1"],"picked":"Setup+1","floor":18},{"not_picked":["Eviscerate","Prepared+1"],"picked":"PiercingWail","floor":20},{"not_picked":["Quick Slash","Predator"],"picked":"Acrobatics+1","floor":23},{"not_picked":["PiercingWail","Underhanded Strike"],"picked":"Noxious Fumes","floor":25},{"not_picked":["Predator","Outmaneuver"],"picked":"Well Laid Plans+1","floor":28},{"not_picked":["Endless Agony","Dodge and Roll"],"picked":"Dagger Throw+1","floor":29},{"not_picked":["Slice","Eviscerate","PiercingWail"],"picked":"Setup+1","floor":31},{"not_picked":["After Image","Grand Finale","Corpse Explosion"],"picked":"Tools of the Trade","floor":33},{"not_picked":["PiercingWail+1","Sucker Punch","Blade Dance+1"],"picked":"Backstab+1","floor":35},{"not_picked":["Dagger Throw","Quick Slash","Masterful Stab"],"picked":"Calculated Gamble+1","floor":39},{"not_picked":["All Out Attack","Footwork","Dagger Throw+1"],"picked":"Outmaneuver+1","floor":40},{"not_picked":["Skewer","Infinite Blades","Slice"],"picked":"Poisoned Stab","floor":41},{"not_picked":["Die Die Die","Finisher","Poisoned Stab"],"picked":"Dagger Throw","floor":42},{"not_picked":["Outmaneuver+1","Deflect+1","Dash"],"picked":"Prepared+1","floor":44},{"not_picked":["Terror+1","Cloak And Dagger+1","Deadly Poison+1"],"picked":"Expertise+1","floor":45},{"not_picked":["Cloak And Dagger+1","Skewer","Envenom"],"picked":"Bullet Time+1","floor":46},{"not_picked":["Backflip+1","Finisher","Dodge and Roll+1"],"picked":"Expertise+1","floor":47},{"not_picked":["Leg Sweep+1","Tactician+1","Underhanded Strike+1"],"picked":"Outmaneuver+1","floor":48},{"not_picked":["Leg Sweep+1","Dodge and Roll+1","Backstab+1"],"picked":"Poisoned Stab+1","floor":49}],"player_experience":419994,"potions_floor_usage":[18,23,25],"damage_taken":[{"damage":0,"enemies":"2 Louse","floor":1,"turns":4},{"damage":7,"enemies":"Cultist","floor":2,"turns":6},{"damage":0,"enemies":"Jaw Worm","floor":3,"turns":6},{"damage":1,"enemies":"Red Slaver","floor":5,"turns":7},{"damage":30,"enemies":"Lagavulin","floor":7,"turns":7},{"damage":8,"enemies":"Gremlin Nob","floor":10,"turns":5},{"damage":0,"enemies":"Gremlin Gang","floor":12,"turns":5},{"damage":0,"enemies":"Exordium Thugs","floor":14,"turns":5},{"damage":21,"enemies":"Hexaghost","floor":16,"turns":13},{"damage":2,"enemies":"Spheric Guardian","floor":18,"turns":6},{"damage":1,"enemies":"Shell Parasite","floor":20,"turns":4},{"damage":8,"enemies":"Slavers","floor":23,"turns":8},{"damage":34,"enemies":"Gremlin Leader","floor":25,"turns":9},{"damage":0,"enemies":"Snecko","floor":28,"turns":5},{"damage":0,"enemies":"Snake Plant","floor":29,"turns":5},{"damage":2,"enemies":"Book of Stabbing","floor":31,"turns":6},{"damage":37,"enemies":"Automaton","floor":33,"turns":13},{"damage":1,"enemies":"Flame Bruiser 1 Orb","floor":35,"turns":7},{"damage":13,"enemies":"Orb Walker","floor":39,"turns":4},{"damage":3,"enemies":"Giant Head","floor":40,"turns":10},{"damage":25,"enemies":"4 Shapes","floor":41,"turns":5},{"damage":29,"enemies":"2 Orb Walkers","floor":42,"turns":7},{"damage":1,"enemies":"3 Darklings","floor":44,"turns":5},{"damage":2,"enemies":"Spire Growth","floor":45,"turns":7},{"damage":5,"enemies":"Nemesis","floor":46,"turns":7},{"damage":12,"enemies":"Maw","floor":47,"turns":8},{"damage":2,"enemies":"Giant Head","floor":48,"turns":9},{"damage":71,"enemies":"Time Eater","floor":50,"turns":11}],"relics_obtained":[{"floor":7,"key":"Ninja Scroll"},{"floor":9,"key":"Meat on the Bone"},{"floor":10,"key":"Shovel"},{"floor":11,"key":"Bottled Flame"},{"floor":13,"key":"Orichalcum"},{"floor":23,"key":"Mango"},{"floor":25,"key":"War Paint"},{"floor":26,"key":"Dream Catcher"},{"floor":31,"key":"Darkstone Periapt"},{"floor":34,"key":"Potion Belt"},{"floor":34,"key":"Toxic Egg 2"},{"floor":34,"key":"Torii"},{"floor":40,"key":"Kunai"},{"floor":42,"key":"Blue Candle"},{"floor":43,"key":"Dead Branch"},{"floor":46,"key":"Pen Nib"},{"floor":48,"key":"Art of War"}],"event_choices":[{"event_name":"Upgrade Shrine","player_choice":"Upgraded","floor":4,"damage_taken":0},{"event_name":"Forgotten Altar","player_choice":"Shed Blood","floor":19,"damage_taken":0},{"event_name":"The Library","player_choice":"Read","floor":21,"damage_taken":0},{"event_name":"Transmorgrifier","player_choice":"Transform","floor":22,"damage_taken":0},{"event_name":"Falling","player_choice":"Removed Skill","floor":36,"damage_taken":0},{"event_name":"Golden Shrine","player_choice":"Pray","floor":38,"damage_taken":0}],"boss_relics":[{"not_picked":["Astrolabe","White Beast Statue"],"picked":"Sozu"},{"not_picked":["Runic Pyramid","Black Star"],"picked":"Calling Bell"}],"items_purged_floors":[],"potions_floor_spawned":[2,12,14,18,23,25,29,35,41,42,44,46],"seed_played":"-8623042705149605899","ascension_level":9,"potions_obtained":[{"floor":2,"key":"PowerPotion"},{"floor":12,"key":"LiquidBronze"},{"floor":14,"key":"GhostInAJar"}],"is_trial":false}