{"gold_per_floor":[118,137,137,23,37,71,71,91,116,174,174,186,217,270,270,373,373,388,388,403,23,23,23,23],"floor_reached":24,"playtime":1532,"items_purged":[],"score":257,"play_id":"07a137e3-f9a0-4956-a396-86669e6ea572","local_time":"20190104184752","is_ascension_mode":true,"campfire_choices":[{"data":"Skewer","floor":7,"key":"SMITH"},{"floor":11,"key":"REST"},{"floor":15,"key":"REST"},{"floor":23,"key":"REST"}],"neow_cost":"NONE","seed_source_timestamp":340055703099818,"circlet_count":0,"master_deck":["Defend_G+1","Defend_G+1","Defend_G+1","Defend_G+1","Defend_G+1","Strike_G+1","Strike_G+1","Strike_G+1","Strike_G+1","Strike_G+1","Survivor","Neutralize+1","Dagger Throw","Infinite Blades","Dash","Noxious Fumes","Skewer+1","Leg Sweep","Well Laid Plans","Envenom","Cloak And Dagger","Corpse Explosion","Caltrops","PiercingWail","Dagger Spray","Cloak And Dagger"],"relics":["Ring of the Snake","NeowsBlessing","Omamori","Orichalcum","Tiny Chest","Kunai","Black Star","Ice Cream"],"potions_floor_usage":[6,10,24,24],"damage_taken":[{"damage":0,"enemies":"Small Slimes","floor":1,"turns":1},{"damage":0,"enemies":"2 Louse","floor":2,"turns":1},{"damage":0,"enemies":"Jaw Worm","floor":5,"turns":1},{"damage":21,"enemies":"Lagavulin","floor":6,"turns":6},{"damage":1,"enemies":"Large Slime","floor":8,"turns":6},{"damage":5,"enemies":"Gremlin Nob","floor":10,"turns":4},{"damage":7,"enemies":"Gremlin Gang","floor":12,"turns":6},{"damage":9,"enemies":"3 Sentries","floor":13,"turns":11},{"damage":17,"enemies":"The Guardian","floor":16,"turns":10},{"damage":26,"enemies":"3 Byrds","floor":18,"turns":5},{"damage":11,"enemies":"Chosen","floor":20,"turns":6},{"damage":73,"enemies":"Gremlin Leader","floor":24,"turns":10}],"seed_played":"4478782462781140823","potions_obtained":[{"floor":2,"key":"FearPotion"},{"floor":5,"key":"Poison Potion"},{"floor":6,"key":"Weak Potion"},{"floor":20,"key":"Regen Potion"}],"is_trial":false,"path_per_floor":["M","M","?","$","M","E","R","M","T","E","R","M","E","?","R","B",null,"M","?","M","$","?","R","E"],"character_chosen":"THE_SILENT","items_purchased":["Dash","Noxious Fumes","Ice Cream","Dagger Spray","Cloak And Dagger"],"campfire_rested":3,"item_purchase_floors":[4,4,21,21,21],"current_hp_per_floor":[70,70,56,56,56,35,35,34,34,29,50,43,34,34,55,38,70,44,44,33,33,33,54,0],"gold":23,"neow_bonus":"THREE_ENEMY_KILL","is_prod":false,"is_daily":false,"chose_seed":false,"campfire_upgraded":1,"win_rate":0,"timestamp":1546645672,"path_taken":["M","M","?","$","M","E","R","M","T","E","R","M","E","?","R","BOSS","M","?","M","$","?","R","E"],"build_version":"2019-01-03v4","purchased_purges":0,"victory":false,"max_hp_per_floor":[70,70,70,70,70,70,70,70,70,70,70,70,70,70,70,70,70,70,70,70,70,70,70,70],"card_choices":[{"not_picked":["Blade Dance","All Out Attack"],"picked":"Dagger Throw","floor":1},{"not_picked":["Quick Slash","Distraction"],"picked":"Infinite Blades","floor":2},{"not_picked":["Backflip","Poisoned Stab"],"picked":"Skewer","floor":5},{"not_picked":["Heel Hook","After Image"],"picked":"Leg Sweep","floor":6},{"not_picked":["Dagger Throw","Poisoned Stab"],"picked":"Well Laid Plans","floor":8},{"not_picked":["Backflip","Prepared"],"picked":"Envenom","floor":10},{"not_picked":["Prepared","Bouncing Flask"],"picked":"Cloak And Dagger","floor":12},{"not_picked":["Deadly Poison","Envenom","Flying Knee"],"picked":"SKIP","floor":13},{"not_picked":["Burst","Night Terror"],"picked":"Corpse Explosion","floor":16},{"not_picked":["Well Laid Plans","Sucker Punch+1"],"picked":"Caltrops","floor":18},{"not_picked":["Flying Knee","Acrobatics"],"picked":"PiercingWail","floor":20}],"player_experience":1157068,"relics_obtained":[{"floor":6,"key":"Omamori"},{"floor":9,"key":"Orichalcum"},{"floor":10,"key":"Tiny Chest"},{"floor":13,"key":"Kunai"}],"event_choices":[{"damage_healed":0,"gold_gain":0,"player_choice":"Entered Light","damage_taken":14,"max_hp_gain":0,"max_hp_loss":0,"event_name":"Shining Light","floor":3,"gold_loss":0,"cards_upgraded":["Neutralize","Defend_G"]},{"damage_healed":0,"gold_gain":53,"player_choice":"Gained Gold","damage_taken":0,"max_hp_gain":0,"max_hp_loss":0,"event_name":"Golden Wing","floor":14,"gold_loss":0},{"damage_healed":0,"gold_gain":0,"player_choice":"Simplicity","damage_taken":0,"max_hp_gain":0,"max_hp_loss":0,"event_name":"Back to Basics","floor":19,"gold_loss":0,"cards_upgraded":["Defend_G","Defend_G","Defend_G","Defend_G","Strike_G","Strike_G","Strike_G","Strike_G","Strike_G"]},{"damage_healed":0,"gold_gain":0,"player_choice":"Smashed Altar","damage_taken":0,"max_hp_gain":0,"max_hp_loss":0,"event_name":"Forgotten Altar","floor":22,"gold_loss":0,"cards_obtained":["Decay"]}],"is_beta":true,"boss_relics":[{"not_picked":["Lizard Tail","Orrery"],"picked":"Black Star"}],"items_purged_floors":[],"is_endless":false,"potions_floor_spawned":[2,5,6,20],"killed_by":"Gremlin Leader","ascension_level":4}