{"path_per_floor":["M","?","?","M","M","R","E","R","T","$","R","E","R","?","R","B",null,"M","M","M","?","$","M","R","E","T","?","M","R","$","M","R","B",null,"M","$","M","?","?","R","E","M","T","R","M","M","R","M","R","B"],"character_chosen":"THE_SILENT","items_purchased":["Sadistic Nature","Noxious Fumes","Lantern","Acrobatics","Backflip","Bag of Preparation"],"gold_per_floor":[115,190,190,203,221,221,254,254,254,52,52,86,86,86,86,184,184,197,212,231,231,43,61,61,88,115,115,132,132,86,97,97,198,198,211,31,41,41,41,41,75,92,141,141,154,170,170,185,185,185],"floor_reached":51,"campfire_rested":8,"playtime":2525,"current_hp_per_floor":[70,59,59,59,59,59,30,51,51,51,51,40,61,61,61,37,70,61,46,38,38,38,20,41,43,43,43,46,67,67,53,70,30,70,54,54,58,48,39,70,15,15,15,67,45,45,70,70,70,24],"items_purged":[],"gold":185,"score":849,"play_id":"69807cd2-d12f-4254-bfa9-b84b260cf6d5","local_time":"20180401180827","is_prod":false,"is_daily":false,"is_ascension_mode":true,"campfire_upgraded":4,"timestamp":1522620507,"path_taken":["M","?","?","M","M","R","E","R","T","$","R","E","R","?","R","BOSS","M","M","M","?","$","M","R","E","T","?","M","R","?","M","R","BOSS","M","$","M","?","?","R","E","M","T","R","M","M","R","M","R","BOSS"],"build_version":"2018-03-29","purchased_purges":0,"victory":true,"master_deck":["Defend_G","Defend_G","Defend_G","Defend_G","Defend_G","Survivor","Neutralize+1","Poisoned Stab","Burst","Crippling Poison+1","Skewer+1","Sadistic Nature+1","Poisoned Stab","Glass Knife","Dagger Spray","Cloak And Dagger","PiercingWail","Calculated Gamble","Noxious Fumes","Bane","Terror","Bite+1","Bite+1","Bite+1","Bite+1","Bite+1","Sucker Punch+1","Acrobatics","Footwork+1","Adrenaline","Deflect+1","Backflip","Dodge and Roll+1","Dark Shackles","Mind Blast+1","Panacea","Madness","Madness","Escape Plan+1","Malaise","Cloak And Dagger","Escape Plan","Dodge and Roll"],"max_hp_per_floor":[70,70,70,70,70,70,70,70,70,70,70,70,70,70,70,70,70,70,70,70,70,70,70,70,70,70,70,70,70,70,70,70,70,70,70,70,70,70,70,70,70,70,70,70,70,70,70,70,70,70],"relics":["Ring of the Snake","NeowsBlessing","Bag of Marbles","Sundial","Sozu","Lantern","Molten Egg 2","Anchor","Eternal Feather","Bag of Preparation","Mercury Hourglass","Regal Pillow"],"card_choices":[{"not_picked":["Blur","Deadly Poison"],"picked":"Poisoned Stab","floor":1},{"not_picked":["Slice","Predator"],"picked":"Burst","floor":4},{"not_picked":["Underhanded Strike","Acrobatics"],"picked":"Crippling Poison","floor":5},{"not_picked":["Dagger Throw","Deadly Poison"],"picked":"Skewer","floor":7},{"not_picked":["Prepared","PiercingWail"],"picked":"Poisoned Stab","floor":12},{"not_picked":["Grand Finale","Night Terror"],"picked":"Glass Knife","floor":16},{"not_picked":["Bane","Backstab"],"picked":"Dagger Spray","floor":18},{"not_picked":["Dagger Spray","Backflip"],"picked":"Cloak And Dagger","floor":19},{"not_picked":["Underhanded Strike","Flying Knee"],"picked":"PiercingWail","floor":20},{"not_picked":["Deadly Poison","Deflect"],"picked":"Bane","floor":23},{"not_picked":["Dagger Throw","Venomology"],"picked":"Terror","floor":25},{"not_picked":["Prepared","Blade Dance"],"picked":"Sucker Punch","floor":28},{"not_picked":["Quick Slash","Acrobatics"],"picked":"Footwork","floor":31},{"not_picked":["Venomology","Burst"],"picked":"Adrenaline","floor":33},{"not_picked":["Prepared","Poisoned Stab"],"picked":"Deflect","floor":35},{"not_picked":["Underhanded Strike","Slice"],"picked":"Dodge and Roll","floor":37},{"not_picked":["Swift Strike","Secret Weapon"],"picked":"Dark Shackles","floor":38},{"not_picked":["Jack Of All Trades","Dramatic Entrance"],"picked":"Mind Blast","floor":38},{"not_picked":["Swift Strike","Secret Weapon"],"picked":"Panacea","floor":38},{"not_picked":["Outmaneuver","Endless Agony"],"picked":"Escape Plan","floor":41},{"not_picked":["Bane","Slice"],"picked":"Malaise","floor":42},{"not_picked":["Infinite Blades","Deadly Poison"],"picked":"Cloak And Dagger","floor":45},{"not_picked":["Accuracy","Dodge and Roll"],"picked":"Escape Plan","floor":46},{"not_picked":["Dagger Spray","Flying Knee"],"picked":"Dodge and Roll","floor":48}],"player_experience":70610,"potions_floor_usage":[12,25,25,33],"damage_taken":[{"damage":0,"enemies":"2 Louse","floor":1,"turns":1},{"damage":0,"enemies":"Jaw Worm","floor":4,"turns":1},{"damage":0,"enemies":"Small Slimes","floor":5,"turns":1},{"damage":29,"enemies":"Lagavulin","floor":7,"turns":7},{"damage":11,"enemies":"3 Sentries","floor":12,"turns":10},{"damage":26,"enemies":"Hexaghost","floor":16,"turns":10},{"damage":9,"enemies":"3 Byrds","floor":18,"turns":4},{"damage":17,"enemies":"Shell Parasite","floor":19,"turns":5},{"damage":10,"enemies":"Snecko","floor":20,"turns":5},{"damage":20,"enemies":"Centurion and Healer","floor":23,"turns":5},{"damage":0,"enemies":"Gremlin Leader","floor":25,"turns":4},{"damage":3,"enemies":"Snake Plant","floor":28,"turns":2},{"damage":23,"enemies":"Cultist and Chosen","floor":31,"turns":5},{"damage":52,"enemies":"Automaton","floor":33,"turns":9},{"damage":16,"enemies":"Orb Walker","floor":35,"turns":4},{"damage":8,"enemies":"Flame Bruiser 1 Orb","floor":37,"turns":4},{"damage":69,"enemies":"Giant Head","floor":41,"turns":9},{"damage":12,"enemies":"Maw","floor":42,"turns":6},{"damage":25,"enemies":"Flame Bruiser 2 Orb","floor":45,"turns":6},{"damage":21,"enemies":"3 Darklings","floor":46,"turns":8},{"damage":0,"enemies":"Spire Growth","floor":48,"turns":4},{"damage":82,"enemies":"Awakened One","floor":50,"turns":24}],"event_choices":[{"event_name":"World of Goop","player_choice":"Gather Gold","floor":2,"damage_taken":0},{"event_name":"The Lab","player_choice":"Got Potions","floor":3,"damage_taken":0},{"event_name":"Living Wall","player_choice":"Grow","floor":14,"damage_taken":0},{"event_name":"Match and Keep!","player_choice":"1 cards matched","floor":21,"damage_taken":0},{"event_name":"Vampires","player_choice":"Became a vampire (Vial)","floor":27,"damage_taken":0},{"event_name":"SensoryStone","player_choice":"Memory 3","floor":38,"damage_taken":0},{"event_name":"Winding Halls","player_choice":"Embrace Madness","floor":39,"damage_taken":0}],"boss_relics":[{"not_picked":["Calling Bell","Runic Dome"],"picked":"Sozu"},{"not_picked":["Astrolabe","Runic Pyramid"],"picked":"Eternal Feather"}],"potions_floor_spawned":[5,12,16,19,25,31,33,35,37,45,46,48],"seed_played":"-1873019797439067187","ascension_level":2,"is_trial":false}