{"path_per_floor":["M","?","T","M","?","E","R","E","T","E","$","E","M","M","R","B",null,"M","M","?","M","T","R","E","M","T","?","R","E","$","E","R","B",null,"M","M","$","?","M","R","E","M","T","E","M","R","E","M","R","B"],"character_chosen":"IRONCLAD","items_purchased":["Clothesline","Lantern","Inflame","Shrug It Off","Gremlin Horn","True Grit","Inflame"],"gold_per_floor":[115,115,142,162,237,263,263,296,296,329,126,160,170,181,181,284,284,302,320,355,371,448,448,479,491,518,518,518,546,140,170,170,272,272,284,294,214,214,233,233,263,277,277,312,326,326,381,396,396,396],"floor_reached":51,"campfire_rested":3,"playtime":2855,"current_hp_per_floor":[80,73,73,79,68,74,74,48,48,28,28,12,18,24,48,23,80,80,80,80,80,80,80,80,80,87,87,87,87,87,87,87,91,91,91,91,91,80,82,82,69,71,71,25,27,54,9,11,38,65],"items_purged":[],"gold":396,"score":1245,"play_id":"8fcf6185-5025-44eb-be8d-22c2afeaccba","local_time":"20180408232003","is_prod":false,"is_daily":false,"is_ascension_mode":true,"campfire_upgraded":3,"timestamp":1523244003,"path_taken":["M","?","?","M","?","E","R","E","T","E","$","E","?","M","R","BOSS","M","M","?","M","?","R","E","?","T","?","R","E","$","E","R","BOSS","M","M","$","?","M","R","E","M","T","E","M","R","E","M","R","BOSS"],"build_version":"2018-04-05","purchased_purges":2,"victory":true,"master_deck":["Strike_R","Strike_R","Strike_R","Strike_R","Strike_R","Defend_R","Defend_R","Defend_R","Bash","Offering+1","Shrug It Off","Entrench","Clothesline","Impervious","Shockwave+1","Barricade+1","Inflame+1","Armaments+1","Corruption+1","Entrench","Feed","Inflame","Shrug It Off","True Grit","Bludgeon","Clumsy","Rampage+1","Entrench","Inflame","Madness","Madness","Fire Breathing+1","Headbutt+1","Entrench","Spot Weakness+1","Metallicize+1","Impervious"],"max_hp_per_floor":[80,80,80,80,80,80,80,80,80,80,80,80,80,80,80,80,80,80,80,80,80,80,80,80,80,87,87,87,87,87,87,87,91,91,91,91,91,91,91,91,91,91,91,91,91,91,91,91,91,91],"relics":["Burning Blood","NeowsBlessing","Bag of Preparation","Anchor","Vajra","Sundial","Happy Flower","Lantern","Matryoshka","Snecko Eye","Red Mask","Prayer Wheel","Mummified Hand","Ornamental Fan","Strawberry","Oddly Smooth Stone","Omamori","Gremlin Horn","Shovel","Bottled Flame","Calling Bell","Pantograph","Letter Opener","Molten Egg 2","Paper Frog","Kunai","Peace Pipe","Self Forming Clay","Tiny Chest"],"card_choices":[{"not_picked":["Infernal Blade","Clothesline"],"picked":"Offering","floor":1},{"not_picked":["Havoc","Cleave"],"picked":"Shrug It Off","floor":4},{"not_picked":["Clash","Dropkick"],"picked":"Entrench","floor":6},{"not_picked":["Wild Strike","Metallicize"],"picked":"Impervious","floor":13},{"not_picked":["Warcry","Anger"],"picked":"Shockwave","floor":14},{"not_picked":["Exhume","Impervious"],"picked":"Barricade","floor":16},{"not_picked":["Anger","Impervious"],"picked":"Inflame","floor":20},{"not_picked":["Warcry","Flex"],"picked":"Armaments","floor":21},{"not_picked":["Spot Weakness","Infernal Blade"],"picked":"Corruption","floor":24},{"not_picked":["Pommel Strike","Warcry"],"picked":"Feed","floor":29},{"not_picked":["Barricade","Berserk"],"picked":"Bludgeon","floor":33},{"not_picked":["Carnage","Clothesline"],"picked":"Rampage","floor":35},{"not_picked":["Iron Wave","Headbutt"],"picked":"Entrench","floor":36},{"not_picked":["Thunderclap","Clothesline"],"picked":"Fire Breathing","floor":41},{"not_picked":["Warcry","Whirlwind"],"picked":"Headbutt","floor":43},{"not_picked":["Blood for Blood","Dual Wield"],"picked":"Entrench","floor":44},{"not_picked":["Clothesline","Anger"],"picked":"Spot Weakness","floor":45},{"not_picked":["Combust","Reckless Charge"],"picked":"Metallicize","floor":47},{"not_picked":["Shrug It Off","True Grit"],"picked":"Impervious","floor":48}],"player_experience":151670,"potions_floor_usage":[10,10,44,44,47,48],"damage_taken":[{"damage":0,"enemies":"2 Louse","floor":1,"turns":1},{"damage":0,"enemies":"Jaw Worm","floor":4,"turns":1},{"damage":0,"enemies":"Gremlin Nob","floor":6,"turns":1},{"damage":32,"enemies":"3 Sentries","floor":8,"turns":11},{"damage":26,"enemies":"Lagavulin","floor":10,"turns":5},{"damage":22,"enemies":"3 Sentries","floor":12,"turns":8},{"damage":0,"enemies":"Cultist","floor":13,"turns":2},{"damage":0,"enemies":"Blue Slaver","floor":14,"turns":3},{"damage":31,"enemies":"The Guardian","floor":16,"turns":13},{"damage":4,"enemies":"3 Byrds","floor":18,"turns":4},{"damage":4,"enemies":"Chosen","floor":19,"turns":5},{"damage":4,"enemies":"Masked Bandits","floor":20,"turns":5},{"damage":4,"enemies":"Centurion and Healer","floor":21,"turns":6},{"damage":4,"enemies":"Slavers","floor":24,"turns":9},{"damage":0,"enemies":"Cultist and Chosen","floor":25,"turns":7},{"damage":4,"enemies":"Book of Stabbing","floor":29,"turns":4},{"damage":4,"enemies":"Gremlin Leader","floor":31,"turns":8},{"damage":4,"enemies":"Champ","floor":33,"turns":17},{"damage":4,"enemies":"3 Shapes","floor":35,"turns":5},{"damage":0,"enemies":"Orb Walker","floor":36,"turns":2},{"damage":4,"enemies":"Sphere and 2 Shapes","floor":39,"turns":4},{"damage":19,"enemies":"Nemesis","floor":41,"turns":5},{"damage":4,"enemies":"Spire Growth","floor":42,"turns":3},{"damage":67,"enemies":"2 Orb Walkers","floor":44,"turns":6},{"damage":4,"enemies":"Flame Bruiser 2 Orb","floor":45,"turns":2},{"damage":51,"enemies":"Giant Head","floor":47,"turns":10},{"damage":4,"enemies":"Sphere and 2 Shapes","floor":48,"turns":4},{"damage":4,"enemies":"Time Eater","floor":50,"turns":12}],"event_choices":[{"event_name":"Golden Wing","player_choice":"Card Removal","floor":2,"damage_taken":0},{"event_name":"World of Goop","player_choice":"Gather Gold","floor":5,"damage_taken":0},{"event_name":"Masked Bandits","player_choice":"Fought over 320 gold","floor":20,"damage_taken":0},{"event_name":"Duplicator","player_choice":"One dupe","floor":27,"damage_taken":0},{"event_name":"Winding Halls","player_choice":"Embrace Madness","floor":38,"damage_taken":0}],"boss_relics":[{"not_picked":["Runic Dome","Astrolabe"],"picked":"Snecko Eye"},{"not_picked":["Velvet Choker","Black Star"],"picked":"Calling Bell"}],"potions_floor_spawned":[1,4,8,10,21,24,29,33,36,41,44],"seed_played":"-6701295382805936139","ascension_level":3,"is_trial":false}