{"gold_per_floor":[119,36,52,66,66,98,116,116,116,146,71,91,91,116,116,187,187,202,252,142,157,170,170,86,86,131,131],"floor_reached":27,"playtime":1606,"items_purged":["Strike_B"],"score":462,"play_id":"8f6c7e6b-4861-498b-8a0e-bf98f63d2d29","local_time":"20181226163033","is_ascension_mode":true,"campfire_choices":[{"data":"Hyperbeam","floor":8.0,"key":"SMITH"},{"data":"Tempest","floor":13.0,"key":"SMITH"},{"data":"Glacier","floor":15.0,"key":"SMITH"},{"data":"Zap","floor":23.0,"key":"SMITH"},{"floor":25.0,"key":"REST"}],"neow_cost":"NONE","seed_source_timestamp":0,"circlet_count":0,"master_deck":["AscendersBane","Strike_B","Strike_B+1","Defend_B","Defend_B","Defend_B","Defend_B","Zap+1","Dualcast","BootSequence","Tempest+1","Ball Lightning","Hyperbeam+1","Glacier+1","Compile Driver","Electrodynamics","Stack+1","Hologram+1","Capacitor"],"special_seed":0,"relics":["Cracked Core","Lantern","Singing Bowl","Meat on the Bone","Blood Vial","Pantograph","Sozu","Vajra"],"potions_floor_usage":[27],"damage_taken":[{"damage":2.0,"enemies":"2 Louse","floor":1.0,"turns":2.0},{"damage":1.0,"enemies":"Cultist","floor":3.0,"turns":4.0},{"damage":0.0,"enemies":"Jaw Worm","floor":4.0,"turns":3.0},{"damage":20.0,"enemies":"Lagavulin","floor":6.0,"turns":6.0},{"damage":0.0,"enemies":"Large Slime","floor":7.0,"turns":3.0},{"damage":27.0,"enemies":"Gremlin Nob","floor":10.0,"turns":4.0},{"damage":0.0,"enemies":"Gremlin Gang","floor":12.0,"turns":1.0},{"damage":13.0,"enemies":"3 Sentries","floor":14.0,"turns":6.0},{"damage":49.0,"enemies":"The Guardian","floor":16.0,"turns":16.0},{"damage":13.0,"enemies":"2 Thieves","floor":18.0,"turns":3.0},{"damage":15.0,"enemies":"3 Byrds","floor":21.0,"turns":3.0},{"damage":7.0,"enemies":"Sentry and Sphere","floor":22.0,"turns":5.0},{"damage":77,"enemies":"Book of Stabbing","floor":27,"turns":6}],"seed_played":"5379024670010715595","potions_obtained":[{"floor":3.0,"key":"SpeedPotion"},{"floor":5.0,"key":"Regen Potion"},{"floor":6.0,"key":"EssenceOfSteel"},{"floor":10.0,"key":"SpeedPotion"},{"floor":14.0,"key":"Dexterity Potion"},{"floor":16.0,"key":"SteroidPotion"}],"is_trial":false,"path_per_floor":["M","$","M","M","?","E","M","R","T","$","M","R","E","R","B","M","?","?","M","R","$","R","T"],"character_chosen":"DEFECT","items_purchased":["FocusPotion","Capacitor"],"campfire_rested":1,"item_purchase_floors":[2,24],"current_hp_per_floor":[62,62,61,61,61,54,54,54,54,41,41,43,43,46,46,36,65,56,56,56,43,50,50,50,73,73,0],"gold":131,"neow_bonus":"RANDOM_COMMON_RELIC","is_prod":false,"is_daily":false,"chose_seed":false,"campfire_upgraded":4,"win_rate":0,"timestamp":1545870633,"path_taken":["M","$","M","M","?","E","M","R","T","E","$","?","R","E","R","BOSS","M","?","?","?","M","R","$","R","T","E"],"build_version":"2018-12-25","purchased_purges":1,"victory":false,"max_hp_per_floor":[71,71,71,71,71,71,71,71,71,73,73,73,73,75,75,75,75,77,77,77,77,77,77,77,77,77,77],"card_choices":[{"not_picked":["Steam","Turbo"],"picked":"BootSequence","floor":1.0},{"not_picked":["Turbo","Beam Cell"],"picked":"Tempest","floor":3.0},{"not_picked":["Gash","Self Repair"],"picked":"Ball Lightning","floor":4.0},{"not_picked":["Rebound","Melter"],"picked":"Hyperbeam","floor":6.0},{"not_picked":["Rebound","Beam Cell"],"picked":"Glacier","floor":7.0},{"not_picked":["Leap","Melter","Beam Cell"],"picked":"Singing Bowl","floor":10.0},{"not_picked":["Steam","Storm"],"picked":"Compile Driver","floor":12.0},{"not_picked":["Redo","Rainbow","Beam Cell"],"picked":"Singing Bowl","floor":14.0},{"not_picked":["Core Surge","Reboot"],"picked":"Electrodynamics","floor":16.0},{"not_picked":["Streamline","Storm","Rebound"],"picked":"Singing Bowl","floor":18.0},{"not_picked":["BootSequence","Redo"],"picked":"Stack+1","floor":21.0},{"not_picked":["Beam Cell","Conserve Battery"],"picked":"Hologram+1","floor":22.0}],"player_experience":1159902,"relics_obtained":[{"floor":6.0,"key":"Singing Bowl"},{"floor":9.0,"key":"Meat on the Bone"},{"floor":10.0,"key":"Blood Vial"},{"floor":14.0,"key":"Pantograph"},{"floor":26.0,"key":"Vajra"}],"event_choices":[{"damage_healed":0.0,"max_hp_gain":0.0,"max_hp_loss":0.0,"gold_gain":0.0,"event_name":"Lab","player_choice":"Got Potions","floor":5.0,"gold_loss":0.0,"damage_taken":0.0},{"damage_healed":0.0,"max_hp_gain":0.0,"max_hp_loss":0.0,"gold_gain":50.0,"event_name":"Nest","player_choice":"Stole From Cult","floor":19.0,"gold_loss":0.0,"damage_taken":0.0},{"cards_removed":["Strike_B"],"damage_healed":0.0,"max_hp_gain":0.0,"max_hp_loss":0.0,"gold_gain":0.0,"event_name":"Designer","player_choice":"Upgrade and Remove","floor":20.0,"gold_loss":110.0,"damage_taken":0.0,"cards_upgraded":["Strike_B"]}],"is_beta":true,"boss_relics":[{"not_picked":["White Beast Statue","Pandora\u0027s Box"],"picked":"Sozu"}],"items_purged_floors":[11],"is_endless":false,"potions_floor_spawned":[3,6,7,10,14,16,22],"killed_by":"Book of Stabbing","ascension_level":20}