{"gold_per_floor":[19,19,38,52,69,103,117,117,117,146,146,164,164,174,174,270,270,282,382,362,44,60,60,85,85,85,85,117,44,63,162,162,260,260,272,272,620,7,22,22,52,52,52,64,94,113,194,194,194,194,194,194,13,42,42],"floor_reached":56,"playtime":2930,"items_purged":[],"score":1392,"play_id":"58e28ba0-a347-4ffe-94b5-979284b4d101","local_time":"20190121184021","is_ascension_mode":true,"campfire_choices":[{"data":"Demon Form","floor":8,"key":"SMITH"},{"floor":13,"key":"REST"},{"floor":15,"key":"REST"},{"floor":23,"key":"REST"},{"floor":25,"key":"REST"},{"data":"Armaments","floor":27,"key":"SMITH"},{"floor":32,"key":"REST"},{"floor":40,"key":"REST"},{"floor":42,"key":"RECALL"},{"floor":49,"key":"REST"},{"floor":52,"key":"REST"}],"neow_cost":"NO_GOLD","seed_source_timestamp":96687428005350,"circlet_count":0,"master_deck":["Strike_R","Strike_R","Strike_R","Strike_R","Defend_R","Defend_R","Defend_R","Defend_R","Bash","Demon Form+1","Anger","Shrug It Off","Flame Barrier","Juggernaut","True Grit","Twin Strike","Metallicize","Headbutt","Armaments+1","Fiend Fire","Power Through+1","Power Through+1","Corruption","Body Slam+1","Warcry","Feel No Pain","Feel No Pain","Havoc+1","Limit Break","Seeing Red","Impatience","Sword Boomerang","Flame Barrier","Shockwave","Uppercut","Armaments","Clothesline+1","Entrench+1","Rage+1","Reckless Charge","Headbutt","Sword Boomerang+1"],"relics":["Burning Blood","Mummified Hand","Charon\u0027s Ashes","Self Forming Clay","Runic Pyramid","Incense Burner","Matryoshka","Gremlin Horn","Unceasing Top","Happy Flower","Ice Cream","Blue Candle","Fusion Hammer","Old Coin","Thread and Needle","Bag of Preparation","Torii","Blood Vial","Omamori","Question Card","Red Skull"],"potions_floor_usage":[10,19,19,22,24,24,50],"damage_taken":[{"damage":10,"enemies":"Jaw Worm","floor":1,"turns":5},{"damage":1,"enemies":"Cultist","floor":3,"turns":4},{"damage":0,"enemies":"Small Slimes","floor":4,"turns":3},{"damage":1,"enemies":"Looter","floor":5,"turns":4},{"damage":38,"enemies":"3 Sentries","floor":6,"turns":7},{"damage":0,"enemies":"Exordium Wildlife","floor":7,"turns":4},{"damage":32,"enemies":"Gremlin Nob","floor":10,"turns":4},{"damage":7,"enemies":"Blue Slaver","floor":12,"turns":5},{"damage":8,"enemies":"Gremlin Gang","floor":14,"turns":6},{"damage":30,"enemies":"The Guardian","floor":16,"turns":7},{"damage":2,"enemies":"Shell Parasite","floor":18,"turns":7},{"damage":31,"enemies":"Colosseum Slavers","floor":19,"turns":4},{"damage":23,"enemies":"Colosseum Nobs","floor":19,"turns":4},{"damage":3,"enemies":"Chosen","floor":22,"turns":4},{"damage":29,"enemies":"Slavers","floor":24,"turns":3},{"damage":25,"enemies":"Gremlin Leader","floor":28,"turns":5},{"damage":9,"enemies":"Centurion and Healer","floor":30,"turns":5},{"damage":22,"enemies":"Collector","floor":33,"turns":6},{"damage":0,"enemies":"Orb Walker","floor":35,"turns":3},{"damage":35,"enemies":"2 Orb Walkers","floor":37,"turns":5},{"damage":0,"enemies":"3 Shapes","floor":39,"turns":3},{"damage":2,"enemies":"Reptomancer","floor":41,"turns":4},{"damage":0,"enemies":"Writhing Mass","floor":44,"turns":4},{"damage":18,"enemies":"Giant Head","floor":45,"turns":7},{"damage":9,"enemies":"Transient","floor":46,"turns":5},{"damage":29,"enemies":"Donu and Deca","floor":50,"turns":6},{"damage":11,"enemies":"Shield and Spear","floor":54,"turns":6},{"damage":60,"enemies":"The Heart","floor":55,"turns":12}],"seed_played":"3559149912707399055","potions_obtained":[{"floor":3,"key":"SneckoOil"},{"floor":7,"key":"LiquidBronze"},{"floor":10,"key":"Poison Potion"},{"floor":18,"key":"SkillPotion"},{"floor":19,"key":"EssenceOfSteel"},{"floor":20,"key":"LiquidBronze"},{"floor":24,"key":"Fire Potion"},{"floor":39,"key":"FairyPotion"},{"floor":44,"key":"EntropicBrew"},{"floor":46,"key":"PowerPotion"}],"is_trial":false,"path_per_floor":["?","M","?","M","?","?","M","?","?","?","$","M","T","?"],"character_chosen":"IRONCLAD","items_purchased":["Corruption","Gremlin Horn","Feel No Pain","Thread and Needle","Bag of Preparation","Flame Barrier","Shockwave","FairyPotion","Reckless Charge","Headbutt"],"campfire_rested":8,"item_purchase_floors":[21,21,29,38,38,38,38,53,53,53],"current_hp_per_floor":[76,76,80,80,80,48,54,54,54,28,28,27,51,49,73,49,80,80,38,38,38,41,65,42,66,66,66,47,47,44,44,68,52,80,80,80,51,51,57,80,80,80,80,80,68,67,67,67,80,57,80,80,80,75,23],"gold":42,"neow_bonus":"THREE_RARE_CARDS","is_prod":false,"is_daily":false,"chose_seed":false,"campfire_upgraded":2,"win_rate":0,"timestamp":1548114021,"path_taken":["M","?","M","?","M","E","M","R","T","E","?","?","R","M","R","BOSS","M","?","?","$","M","R","E","R","T","R","E","$","?","?","R","BOSS","M","?","?","?","M","R","E","R","T","?","E","M","?","?","R","BOSS","R","$","E","BOSS"],"build_version":"2019-01-20","purchased_purges":0,"victory":true,"max_hp_per_floor":[80,80,80,80,80,80,80,80,80,80,80,80,80,80,80,80,80,80,80,80,80,80,80,80,80,80,80,80,80,80,80,80,80,80,80,80,80,80,80,80,80,80,80,80,80,80,80,80,80,80,80,80,80,80,80],"card_choices":[{"not_picked":["Double Tap","Berserk"],"picked":"Demon Form","floor":0},{"not_picked":["True Grit","Bloodletting"],"picked":"Anger","floor":1},{"not_picked":["Body Slam","Infernal Blade"],"picked":"Shrug It Off","floor":3},{"not_picked":["Anger","Havoc"],"picked":"Flame Barrier","floor":4},{"not_picked":["Fire Breathing","Wild Strike"],"picked":"Juggernaut","floor":5},{"not_picked":["Thunderclap","Double Tap"],"picked":"True Grit","floor":6},{"not_picked":["Cleave","Dropkick"],"picked":"Twin Strike","floor":7},{"not_picked":["Pommel Strike","Burning Pact"],"picked":"Metallicize","floor":10},{"not_picked":["Warcry","Body Slam"],"picked":"Headbutt","floor":12},{"not_picked":["Anger","Heavy Blade"],"picked":"Armaments","floor":14},{"not_picked":["Juggernaut","Demon Form"],"picked":"Fiend Fire","floor":16},{"not_picked":["Havoc+1","Rage"],"picked":"Power Through+1","floor":18},{"not_picked":["Hemokinesis","Headbutt"],"picked":"Power Through+1","floor":19},{"not_picked":["Dropkick","Searing Blow"],"picked":"Body Slam+1","floor":22},{"not_picked":["Uppercut","Second Wind"],"picked":"Warcry","floor":24},{"not_picked":["Body Slam+1","Rage"],"picked":"Feel No Pain","floor":28},{"not_picked":["Searing Blow","Ghostly Armor"],"picked":"Havoc+1","floor":30},{"not_picked":["Juggernaut","Berserk"],"picked":"Limit Break","floor":33},{"not_picked":["Warcry","Sword Boomerang"],"picked":"Seeing Red","floor":35},{"not_picked":["Swift Strike","Finesse"],"picked":"Impatience","floor":36},{"not_picked":["Clothesline+1","Wild Strike"],"picked":"Sword Boomerang","floor":37},{"not_picked":["Clash","Anger"],"picked":"Uppercut","floor":39},{"not_picked":["Thunderclap","Hemokinesis+1"],"picked":"Armaments","floor":41},{"not_picked":["Pummel","Searing Blow"],"picked":"Clothesline+1","floor":44},{"not_picked":["Flame Barrier","Limit Break"],"picked":"Entrench+1","floor":45},{"not_picked":["Carnage+1","True Grit+1"],"picked":"Rage+1","floor":46},{"not_picked":["Clash","Sever Soul+1","Combust"],"picked":"Sword Boomerang+1","floor":54}],"player_experience":1295395,"relics_obtained":[{"floor":6,"key":"Mummified Hand"},{"floor":9,"key":"Charon\u0027s Ashes"},{"floor":10,"key":"Self Forming Clay"},{"floor":19,"key":"Incense Burner"},{"floor":19,"key":"Matryoshka"},{"floor":24,"key":"Unceasing Top"},{"floor":26,"key":"Happy Flower"},{"floor":26,"key":"Ice Cream"},{"floor":28,"key":"Blue Candle"},{"floor":37,"key":"Old Coin"},{"floor":41,"key":"Torii"},{"floor":43,"key":"Blood Vial"},{"floor":45,"key":"Omamori"},{"floor":47,"key":"Question Card"},{"floor":54,"key":"Red Skull"}],"event_choices":[{"cards_removed":["Strike_R"],"damage_healed":0,"gold_gain":0,"player_choice":"Card Removal","damage_taken":0,"max_hp_gain":0,"max_hp_loss":0,"event_name":"Wheel of Change","floor":2,"gold_loss":0},{"damage_healed":0,"gold_gain":0,"player_choice":"1 cards matched","damage_taken":0,"max_hp_gain":0,"max_hp_loss":0,"event_name":"Match and Keep!","floor":11,"gold_loss":0,"cards_obtained":["Sword Boomerang"]},{"damage_healed":0,"gold_gain":0,"player_choice":"Fight","damage_taken":0,"max_hp_gain":0,"max_hp_loss":0,"event_name":"Colosseum","floor":19,"gold_loss":0},{"damage_healed":0,"gold_gain":0,"player_choice":"Fought Nobs","damage_taken":0,"max_hp_gain":0,"max_hp_loss":0,"event_name":"Colosseum","floor":19,"gold_loss":0},{"damage_healed":0,"gold_gain":0,"player_choice":"Bought 1 Potion","damage_taken":0,"max_hp_gain":0,"max_hp_loss":0,"event_name":"The Woman in Blue","floor":20,"gold_loss":0},{"damage_healed":0,"gold_gain":99,"player_choice":"Stole From Cult","damage_taken":0,"max_hp_gain":0,"max_hp_loss":0,"event_name":"Nest","floor":31,"gold_loss":0},{"damage_healed":0,"gold_gain":0,"player_choice":"Memory 1","damage_taken":0,"max_hp_gain":0,"max_hp_loss":0,"event_name":"SensoryStone","floor":36,"gold_loss":0},{"damage_healed":0,"gold_gain":0,"player_choice":"Fight","damage_taken":0,"max_hp_gain":0,"max_hp_loss":0,"event_name":"Mysterious Sphere","floor":37,"gold_loss":0},{"cards_removed":["Sword Boomerang"],"damage_healed":0,"gold_gain":0,"player_choice":"Removed Attack","damage_taken":0,"max_hp_gain":0,"max_hp_loss":0,"event_name":"Falling","floor":48,"gold_loss":0}],"is_beta":true,"boss_relics":[{"not_picked":["Black Blood","Eternal Feather"],"picked":"Runic Pyramid"},{"not_picked":["Cursed Key","Tiny House"],"picked":"Fusion Hammer"}],"items_purged_floors":[],"is_endless":false,"potions_floor_spawned":[3,7,10,18,19,24,39,44,46],"ascension_level":3}