{"path_per_floor":["M","T","M","M","M","E","R","M","T","R","?","M","R","E","R","B",null,"M","?","M","$","?","E","M","R","T","E","M","R","E","M","R","B",null,"M","$","?","M","M","R","E","R","T","M","E","$","M","M","R","B"],"character_chosen":"IRONCLAD","items_purchased":["Calipers","Ancient Tea Set","Happy Flower","Feel No Pain","Armaments"],"gold_per_floor":[113,140,160,175,192,227,227,240,240,240,315,329,329,364,364,468,468,482,397,416,32,32,88,101,101,127,160,171,171,201,213,213,318,318,336,182,182,192,210,210,240,240,240,254,279,8,23,37,37,37],"floor_reached":51,"campfire_rested":4,"playtime":1972,"current_hp_per_floor":[80,80,80,80,79,51,51,53,53,53,42,32,56,40,64,27,67,58,58,64,64,64,50,51,75,75,66,68,68,63,62,80,77,79,73,73,63,71,75,75,70,70,70,80,69,69,80,80,80,70],"items_purged":["Strike_R"],"gold":37,"score":1018,"play_id":"a33d11b6-5c2c-4a87-ba0d-54abaa404dd5","local_time":"20180415113933","is_prod":false,"is_daily":false,"chose_seed":true,"is_ascension_mode":true,"campfire_upgraded":6,"timestamp":1523806773,"path_taken":["M","?","?","M","M","E","R","M","T","R","?","M","R","E","R","BOSS","M","?","M","$","?","E","M","R","T","E","M","R","E","M","R","BOSS","M","$","?","M","M","R","E","R","T","M","E","$","M","M","R","BOSS"],"build_version":"2018-04-13","seed_source_timestamp":268623265641274,"purchased_purges":1,"victory":true,"master_deck":["Strike_R+1","Strike_R","Strike_R","Strike_R","Defend_R","Defend_R","Defend_R","Defend_R","Bash","Dropkick","Headbutt","Inflame","Spot Weakness+1","Clothesline","Sentinel+1","Reckless Charge+1","Bludgeon+1","Demon Form+1","Uppercut","Heavy Blade","Body Slam+1","Ghostly Armor","Power Through","Corruption","Infernal Blade","Flame Barrier","Impervious+1","Body Slam","Mind Blast+1","Master of Strategy","Mind Blast","Heavy Blade+1","True Grit","Battle Trance","Flex+1","Rage","True Grit+1","Feel No Pain","Armaments","Headbutt+1","Shrug It Off+1"],"max_hp_per_floor":[80,80,80,80,80,80,80,80,80,80,80,80,80,80,80,80,80,80,80,80,80,80,80,80,80,80,80,80,80,80,80,80,80,80,80,80,80,80,80,80,80,80,80,80,80,80,80,80,80,80],"relics":["Burning Blood","Pen Nib","Bag of Preparation","Lantern","Prayer Wheel","Whetstone","Snecko Eye","Dodecahedron","Calipers","Tiny Chest","Bronze Scales","Bird Faced Urn","Sundial","Sozu","Ancient Tea Set","Blood Vial","Shuriken","Singing Bowl","Happy Flower"],"card_choices":[{"not_picked":["Rupture","Reckless Charge"],"picked":"Dropkick","floor":1},{"not_picked":["Combust","Warcry"],"picked":"Headbutt","floor":3},{"not_picked":["Flex","Reckless Charge"],"picked":"Inflame","floor":4},{"not_picked":["Anger","Dual Wield"],"picked":"Spot Weakness","floor":5},{"not_picked":["Armaments","Anger"],"picked":"Clothesline","floor":6},{"not_picked":["Cleave","Twin Strike"],"picked":"Sentinel","floor":8},{"not_picked":["Cleave","Flex"],"picked":"Reckless Charge","floor":12},{"not_picked":["Battle Trance","Iron Wave"],"picked":"Bludgeon","floor":14},{"not_picked":["Offering","Dark Embrace"],"picked":"Demon Form","floor":16},{"not_picked":["Flex","Sever Soul"],"picked":"Uppercut","floor":18},{"not_picked":["Armaments","Bloodletting"],"picked":"Heavy Blade","floor":20},{"not_picked":["Dual Wield","Armaments"],"picked":"Body Slam","floor":24},{"not_picked":["Headbutt","Anger"],"picked":"Ghostly Armor","floor":26},{"not_picked":["Havoc","Reckless Charge"],"picked":"Power Through","floor":27},{"not_picked":["Reckless Charge","Shrug It Off"],"picked":"Corruption","floor":28},{"not_picked":["Pommel Strike","Flex"],"picked":"Infernal Blade","floor":30},{"not_picked":["Iron Wave","Havoc"],"picked":"Flame Barrier","floor":31},{"not_picked":["Barricade","Bludgeon"],"picked":"Impervious","floor":33},{"not_picked":["Perfected Strike","Ghostly Armor"],"picked":"Body Slam","floor":35},{"not_picked":["Panacea","Bandage Up"],"picked":"Mind Blast","floor":37},{"not_picked":["Enlightenment","Purity"],"picked":"Master of Strategy","floor":37},{"not_picked":["Dramatic Entrance","Transmutation"],"picked":"Mind Blast","floor":37},{"not_picked":["Iron Wave","Reckless Charge"],"picked":"Heavy Blade","floor":38},{"not_picked":["Clothesline","Berserk"],"picked":"True Grit","floor":39},{"not_picked":["Reckless Charge","Corruption"],"picked":"Battle Trance","floor":41},{"not_picked":["Clothesline","Burning Pact"],"picked":"Flex","floor":43},{"not_picked":["Sword Boomerang","Spot Weakness"],"picked":"Rage","floor":44},{"not_picked":["Flex","Inflame"],"picked":"True Grit","floor":45},{"not_picked":["Sword Boomerang","Warcry"],"picked":"Headbutt","floor":47},{"not_picked":["Searing Blow","Cleave"],"picked":"Shrug It Off","floor":48}],"player_experience":204059,"potions_floor_usage":[5,8,16,18,24,30,31,33,50],"damage_taken":[{"damage":1,"enemies":"Cultist","floor":1,"turns":3},{"damage":2,"enemies":"Jaw Worm","floor":3,"turns":3},{"damage":1,"enemies":"2 Louse","floor":4,"turns":3},{"damage":7,"enemies":"2 Fungi Beasts","floor":5,"turns":3},{"damage":34,"enemies":"3 Sentries","floor":6,"turns":8},{"damage":4,"enemies":"Red Slaver","floor":8,"turns":3},{"damage":16,"enemies":"Large Slime","floor":12,"turns":5},{"damage":22,"enemies":"Gremlin Nob","floor":14,"turns":4},{"damage":43,"enemies":"Hexaghost","floor":16,"turns":9},{"damage":15,"enemies":"Chosen","floor":18,"turns":4},{"damage":0,"enemies":"Shell Parasite","floor":20,"turns":2},{"damage":20,"enemies":"Book of Stabbing","floor":23,"turns":3},{"damage":5,"enemies":"3 Cultists","floor":24,"turns":3},{"damage":15,"enemies":"Slavers","floor":27,"turns":4},{"damage":6,"enemies":"Centurion and Healer","floor":28,"turns":3},{"damage":15,"enemies":"Book of Stabbing","floor":30,"turns":3},{"damage":15,"enemies":"Slaver and Parasite","floor":31,"turns":3},{"damage":12,"enemies":"Champ","floor":33,"turns":6},{"damage":13,"enemies":"3 Shapes","floor":35,"turns":4},{"damage":0,"enemies":"Orb Walker","floor":38,"turns":2},{"damage":6,"enemies":"3 Darklings","floor":39,"turns":3},{"damage":13,"enemies":"Nemesis","floor":41,"turns":5},{"damage":0,"enemies":"Spire Growth","floor":44,"turns":2},{"damage":19,"enemies":"2 Orb Walkers","floor":45,"turns":3},{"damage":0,"enemies":"Sphere and 2 Shapes","floor":47,"turns":4},{"damage":0,"enemies":"Flame Bruiser 2 Orb","floor":48,"turns":3},{"damage":22,"enemies":"Time Eater","floor":50,"turns":8}],"event_choices":[{"event_name":"World of Goop","player_choice":"Gather Gold","floor":11,"damage_taken":0},{"event_name":"Addict","player_choice":"Obtained Relic","floor":19,"damage_taken":0},{"event_name":"Ghosts","player_choice":"Ignored","floor":22,"damage_taken":0},{"event_name":"SensoryStone","player_choice":"Memory 3","floor":37,"damage_taken":0}],"boss_relics":[{"not_picked":["Lizard Tail","Black Star"],"picked":"Snecko Eye"},{"not_picked":["Cursed Key","Black Blood"],"picked":"Sozu"}],"potions_floor_spawned":[1,3,6,8,14,23,27,28,30,31,35,44,48],"seed_played":"5197470821339270739","ascension_level":5,"is_trial":false}