{"gold_per_floor":[112,132,146,156,106,106,140,140,140,172,172,182,136,151,151,151],"floor_reached":16,"playtime":579,"items_purged":[],"score":129,"play_id":"7485c2bd-cb89-48b1-94f8-f5898207f80e","local_time":"20190119143459","is_ascension_mode":true,"campfire_choices":[{"data":"Uppercut","floor":6,"key":"SMITH"},{"data":"Feed","floor":8,"key":"SMITH"},{"floor":11,"key":"REST"},{"data":"Armaments","floor":15,"key":"SMITH"}],"neow_cost":"TEN_PERCENT_HP_LOSS","seed_source_timestamp":849073217027803,"circlet_count":0,"master_deck":["Strike_R","Strike_R","Strike_R","Strike_R","Defend_R","Defend_R","Defend_R","Defend_R","Bash","Perfected Strike","Flame Barrier","Hemokinesis","Uppercut+1","Feed+1","Exhume","Flame Barrier","Armaments+1","Whirlwind"],"relics":["Burning Blood","Bird Faced Urn","Question Card","Mummified Hand","Letter Opener"],"potions_floor_usage":[16,16],"damage_taken":[{"damage":1,"enemies":"Cultist","floor":1,"turns":4},{"damage":0,"enemies":"2 Louse","floor":2,"turns":2},{"damage":4,"enemies":"Jaw Worm","floor":3,"turns":3},{"damage":11,"enemies":"Red Slaver","floor":4,"turns":5},{"damage":31,"enemies":"Gremlin Nob","floor":7,"turns":4},{"damage":31,"enemies":"Lagavulin","floor":10,"turns":6},{"damage":3,"enemies":"3 Louse","floor":12,"turns":2},{"damage":8,"enemies":"Lots of Slimes","floor":14,"turns":5},{"damage":64,"enemies":"Slime Boss","floor":16,"turns":9}],"seed_played":"-1455304799988985481","potions_obtained":[{"floor":4,"key":"BloodPotion"},{"floor":10,"key":"LiquidBronze"}],"is_trial":false,"path_per_floor":["M","M","M","M","?","R","E","R","T","E","R","M","$","M","R","B"],"character_chosen":"IRONCLAD","items_purchased":["Armaments"],"campfire_rested":1,"item_purchase_floors":[13],"current_hp_per_floor":[72,72,72,67,67,67,42,42,42,21,43,50,50,56,56,0],"gold":151,"neow_bonus":"ONE_RARE_RELIC","is_prod":false,"is_daily":false,"chose_seed":false,"campfire_upgraded":3,"win_rate":0,"timestamp":1547926499,"path_taken":["M","M","M","?","?","R","E","R","T","E","R","M","$","M","R","BOSS"],"build_version":"2019-01-17","purchased_purges":0,"victory":false,"max_hp_per_floor":[72,72,72,72,72,72,72,72,72,76,76,80,80,88,88,88],"card_choices":[{"not_picked":["Warcry","Sword Boomerang"],"picked":"Perfected Strike","floor":1},{"not_picked":["Combust","Sword Boomerang"],"picked":"Flame Barrier","floor":2},{"not_picked":["Metallicize","Flex"],"picked":"Hemokinesis","floor":3},{"not_picked":["Flex","Wild Strike"],"picked":"Uppercut","floor":4},{"not_picked":["Clash","Cleave"],"picked":"Feed","floor":7},{"not_picked":["Heavy Blade","Seeing Red","Dropkick"],"picked":"Exhume","floor":10},{"not_picked":["Sentinel","Dual Wield","Thunderclap"],"picked":"Flame Barrier","floor":12},{"not_picked":["Havoc","Burning Pact","Corruption"],"picked":"Whirlwind","floor":14}],"player_experience":1281004,"relics_obtained":[{"floor":7,"key":"Question Card"},{"floor":9,"key":"Mummified Hand"},{"floor":10,"key":"Letter Opener"}],"event_choices":[{"cards_removed":["Strike_R"],"damage_healed":0,"gold_gain":0,"player_choice":"Card Removal","damage_taken":0,"max_hp_gain":0,"max_hp_loss":0,"event_name":"The Cleric","floor":5,"gold_loss":50}],"is_beta":true,"boss_relics":[],"items_purged_floors":[],"is_endless":false,"potions_floor_spawned":[4,10],"killed_by":"Slime Boss","ascension_level":3}