{"path_per_floor":["M","?","M","?","M","E","R","M","T","M","M","$","R","M","R","B",null,"M","?","?","M","M","R"],"character_chosen":"IRONCLAD","items_purchased":["Feel No Pain"],"gold_per_floor":[115,115,125,125,135,161,161,180,180,194,214,58,58,75,75,173,173,192,117,117,129,148,148],"floor_reached":24,"campfire_rested":2,"playtime":1649,"current_hp_per_floor":[75,75,77,77,78,68,68,76,76,70,74,74,74,69,91,35,94,52,52,52,48,42,70],"items_purged":["Clash"],"gold":148,"score":200,"play_id":"09af9e3f-3678-459d-b66f-f6525dd3913f","local_time":"20180303034930","is_prod":false,"is_daily":false,"is_ascension_mode":false,"campfire_upgraded":2,"timestamp":1520066970,"path_taken":["M","?","?","?","?","E","R","M","T","M","M","$","R","M","R","BOSS","M","?","?","M","M","R","?"],"build_version":"2018-03-01-PROD1","purchased_purges":1,"victory":false,"master_deck":["Bash","Second Wind","Feed","Heavy Blade","Shrug It Off","Armaments","Evolve+1","Heavy Blade","Flex+1","Heavy Blade","Feel No Pain","Immolate","Wild Strike","True Grit","Dropkick","Ghostly Armor","Second Wind","Pommel Strike","Wild Strike"],"max_hp_per_floor":[75,75,78,78,78,81,81,84,84,88,88,88,88,91,91,94,94,94,94,94,94,94,94],"relics":["Burning Blood","Pantograph","Shuriken","Pandora\u0027s Box"],"card_choices":[{"not_picked":["True Grit","Havoc"],"picked":"Heavy Blade"},{"not_picked":["Havoc","Perfected Strike"],"picked":"Shrug It Off"},{"not_picked":["Clothesline","Pommel Strike"],"picked":"Armaments"},{"not_picked":["Searing Blow","Burning Pact"],"picked":"Evolve"},{"not_picked":["Intimidate","Havoc"],"picked":"Heavy Blade"},{"not_picked":["Blood for Blood","Exhume"],"picked":"Flex"},{"not_picked":["True Grit","Combust"],"picked":"Heavy Blade"},{"not_picked":["Dark Embrace","Demon Form"],"picked":"Immolate"},{"not_picked":["Searing Blow","Fire Breathing"],"picked":"Second Wind"},{"not_picked":["Carnage","Searing Blow"],"picked":"Pommel Strike"},{"not_picked":["Feel No Pain","Armaments"],"picked":"Wild Strike"}],"player_experience":351463,"potions_floor_usage":[11,14,16,22,22,24],"damage_taken":[{"damage":1,"enemies":"2 Louse","floor":1,"turns":3},{"damage":7,"enemies":"Jaw Worm","floor":3,"turns":5},{"damage":0,"enemies":"Cultist","floor":5,"turns":3},{"damage":19,"enemies":"3 Sentries","floor":6,"turns":12},{"damage":1,"enemies":"2 Fungi Beasts","floor":8,"turns":4},{"damage":16,"enemies":"Exordium Thugs","floor":10,"turns":6},{"damage":2,"enemies":"3 Louse","floor":11,"turns":3},{"damage":14,"enemies":"Gremlin Gang","floor":14,"turns":7},{"damage":65,"enemies":"Slime Boss","floor":16,"turns":15},{"damage":48,"enemies":"Spheric Guardian","floor":18,"turns":8},{"damage":10,"enemies":"Chosen","floor":21,"turns":7},{"damage":12,"enemies":"Snake Plant","floor":22,"turns":4},{"damage":94,"enemies":"Cultist and Chosen","floor":24,"turns":11}],"event_choices":[{"event_name":"Living Wall","player_choice":"Forget","floor":2,"damage_taken":0},{"event_name":"Transmorgrifier","player_choice":"Transform","floor":4,"damage_taken":0},{"event_name":"Beggar","player_choice":"Gave Gold","floor":19,"damage_taken":0},{"event_name":"Vampires","player_choice":"Ignored","floor":20,"damage_taken":0}],"boss_relics":[{"not_picked":["Ectoplasm","White Beast Statue"],"picked":"Pandora\u0027s Box"}],"potions_floor_spawned":[6,10,14,16,21,22],"seed_played":"-1290901795557027336","killed_by":"Cultist and Chosen","ascension_level":0,"is_trial":false}