{"gold_per_floor":[112,112,112,62,82,82,101,101,125,125,137,137,156,227,227,325,325,338,357,23,34,34,34,34,34,34,34,34,53,53,65,65,164,164,175,223,223,295,67,95,95,114,114,130,130,19,19,0,0,0],"floor_reached":51,"playtime":2377,"items_purged":[],"score":930,"play_id":"08bd7b2a-2aa4-4760-aca4-6f20a23f8b2f","local_time":"20180805171312","is_ascension_mode":true,"campfire_choices":[{"data":"Zap","floor":6,"key":"SMITH"},{"data":"Glacier","floor":8,"key":"SMITH"},{"data":"Dualcast","floor":10,"key":"SMITH"},{"floor":15,"key":"REST"},{"floor":23,"key":"REST"},{"floor":28,"key":"REST"},{"floor":30,"key":"REST"},{"floor":32,"key":"REST"},{"floor":41,"key":"REST"},{"data":"Loop","floor":45,"key":"SMITH"},{"floor":47,"key":"REST"},{"data":"Seek","floor":49,"key":"SMITH"}],"neow_cost":"","seed_source_timestamp":1314733126690367,"circlet_count":0,"master_deck":["Strike_B","Strike_B","Strike_B","Strike_B","Defend_B","Defend_B","Defend_B","Defend_B","Zap+1","Dualcast+1","Glacier+1","Cold Snap","Rebound","Coolheaded","Go for the Eyes","Creative AI+1","Defragment+1","Steam+1","Loop+1","Cold Snap","Undo+1","Cold Snap","Leap","Seek+1","Self Repair","Turbo+1","Conserve Battery","Barrage","Undo+1","Gash","Sweeping Beam+1","Stack+1","Loop","Glacier","Go for the Eyes+1"],"relics":["Cracked Core","Regal Pillow","Mercury Hourglass","Lizard Tail","Shuriken","DataDisk","Sozu","Emotion Chip","Bottled Lightning","Bag of Preparation","Dream Catcher","Ornamental Fan","Red Mask"],"potions_floor_usage":[16,18,33,40],"damage_taken":[{"damage":11,"enemies":"2 Louse","floor":1,"turns":3},{"damage":0,"enemies":"Cultist","floor":5,"turns":4},{"damage":0,"enemies":"Small Slimes","floor":7,"turns":4},{"damage":1,"enemies":"Exordium Thugs","floor":11,"turns":5},{"damage":6,"enemies":"Blue Slaver","floor":13,"turns":4},{"damage":56,"enemies":"Hexaghost","floor":16,"turns":15},{"damage":21,"enemies":"3 Byrds","floor":18,"turns":5},{"damage":18,"enemies":"Spheric Guardian","floor":19,"turns":5},{"damage":29,"enemies":"Snecko","floor":21,"turns":8},{"damage":38,"enemies":"Snake Plant","floor":29,"turns":5},{"damage":44,"enemies":"Cultist and Chosen","floor":31,"turns":8},{"damage":32,"enemies":"Collector","floor":33,"turns":16},{"damage":1,"enemies":"Flame Bruiser 1 Orb","floor":35,"turns":11},{"damage":37,"floor":36,"turns":8},{"damage":44,"enemies":"Giant Head","floor":40,"turns":9},{"damage":9,"enemies":"3 Darklings","floor":42,"turns":6},{"damage":24,"enemies":"Sphere and 2 Shapes","floor":44,"turns":7},{"damage":35,"enemies":"Time Eater","floor":50,"turns":10}],"seed_played":"6088700138583490443","potions_obtained":[{"floor":5,"key":"Ancient Potion"},{"floor":7,"key":"Fire Potion"},{"floor":11,"key":"Regen Potion"},{"floor":21,"key":"SteroidPotion"},{"floor":33,"key":"FocusPotion"}],"is_trial":false,"path_per_floor":["M","$","?","$","M","R","M","R","T","R","M","?","M","T","R","B",null,"M","M","$","M","?","R","$","?","T","?","R","M","R","M","R","B",null,"M","?","?","T","$","E","R","M","T","M","R","$","R","?","R","B"],"character_chosen":"DEFECT","items_purchased":["Cold Snap","Shuriken","Loop","Cold Snap","Bag of Preparation","Conserve Battery","Barrage","Loop","Glacier"],"campfire_rested":7,"item_purchase_floors":[4,20,20,20,39,39,39,46,46],"current_hp_per_floor":[57,57,57,57,57,57,57,57,57,57,56,56,50,50,75,19,61,54,36,36,7,7,44,44,44,44,44,75,37,74,30,67,35,65,64,34,34,34,34,44,75,73,73,56,56,56,75,75,75,40],"gold":0,"neow_bonus":"","is_prod":false,"is_daily":false,"chose_seed":false,"campfire_upgraded":5,"win_rate":0,"timestamp":1533503592,"path_taken":["M","$","?","$","M","R","M","R","T","R","M","?","M","?","R","BOSS","M","M","$","M","?","R","?","?","T","?","R","M","R","M","R","BOSS","M","?","?","?","?","E","R","M","T","M","R","$","R","?","R","BOSS"],"build_version":"2018-08-01","purchased_purges":0,"victory":true,"max_hp_per_floor":[75,75,75,75,75,75,75,75,75,75,75,75,75,75,75,75,75,75,75,75,75,75,75,75,75,75,75,75,75,75,75,75,75,75,75,75,75,75,75,75,75,75,75,75,75,75,75,75,75,75],"card_choices":[{"not_picked":["Sweeping Beam","Chaos"],"picked":"Glacier","floor":1},{"not_picked":["Reprogram","Hologram"],"picked":"Rebound","floor":5},{"not_picked":["Streamline","Go for the Eyes"],"picked":"White Noise","floor":7},{"not_picked":["Blizzard","Chill"],"picked":"Coolheaded","floor":11},{"not_picked":["Barrage","Coolheaded"],"picked":"Go for the Eyes","floor":13},{"not_picked":["Meteor Strike","Seek"],"picked":"Creative AI","floor":16},{"not_picked":["Leap","BootSequence"],"picked":"Defragment+1","floor":18},{"not_picked":["Gash+1","FTL"],"picked":"Steam+1","floor":19},{"not_picked":["Reinforced Body","Rebound"],"picked":"Undo+1","floor":21},{"not_picked":["Rebound","Capacitor"],"picked":"Cold Snap","floor":29},{"not_picked":["Coolheaded","Force Field+1"],"picked":"Leap","floor":31},{"not_picked":["Biased Cognition","Core Surge"],"picked":"Seek","floor":33},{"not_picked":["Hologram+1","Loop+1"],"picked":"Self Repair","floor":35},{"not_picked":["Sweeping Beam+1","Force Field+1"],"picked":"Turbo+1","floor":36},{"not_picked":["Sweeping Beam","Rainbow"],"picked":"Undo+1","floor":40},{"not_picked":["Ball Lightning","Conserve Battery+1"],"picked":"Gash","floor":41},{"not_picked":["Genetic Algorithm","Steam Power+1"],"picked":"Sweeping Beam+1","floor":42},{"not_picked":["FTL","Steam"],"picked":"Stack+1","floor":44},{"not_picked":["BootSequence+1","Stack+1"],"picked":"Go for the Eyes+1","floor":47}],"player_experience":731735,"relics_obtained":[{"floor":9,"key":"Regal Pillow"},{"floor":14,"key":"Mercury Hourglass"},{"floor":26,"key":"DataDisk"},{"floor":36,"key":"Emotion Chip"},{"floor":38,"key":"Bottled Lightning"},{"floor":40,"key":"Dream Catcher"},{"floor":43,"key":"Ornamental Fan"}],"event_choices":[{"event_name":"The Woman in Blue","player_choice":"Bought 0 Potions","floor":3,"damage_taken":0},{"event_name":"Liars Game","player_choice":"disagreed","floor":12,"damage_taken":0},{"event_name":"Upgrade Shrine","player_choice":"Upgraded","floor":22,"damage_taken":0},{"event_name":"NoteForYourself","player_choice":"Took Card","floor":25,"damage_taken":0},{"event_name":"Drug Dealer","player_choice":"Ignored","floor":27,"damage_taken":0},{"event_name":"Mysterious Sphere","player_choice":"Fight","floor":36,"damage_taken":0},{"event_name":"Falling","player_choice":"Removed Attack","floor":37,"damage_taken":0},{"event_name":"Tomb of Lord Red Mask","player_choice":"Paid","floor":48,"damage_taken":0}],"is_beta":true,"boss_relics":[{"not_picked":["Black Star","Empty Cage"],"picked":"Lizard Tail"},{"not_picked":["Astrolabe","Tiny House"],"picked":"Sozu"}],"items_purged_floors":[],"is_endless":false,"potions_floor_spawned":[5,7,11,21,33,36],"ascension_level":8}