{"gold_per_floor":[118,118,130,57,73,103,103,135,185,203,203,216,250,262,274,383,395,418,443,473,505,15,44,44,76,126,145,159,59,59,87,87,87],"floor_reached":33,"playtime":1463,"items_purged":["Strike_G","Normality"],"score":370,"play_id":"c04e5e40-8d3d-48a0-b62f-9ed087c8b196","local_time":"20180826173839","is_ascension_mode":true,"campfire_choices":[{"data":"Backstab","floor":7,"key":"SMITH"},{"data":"Masterful Stab","floor":11,"key":"SMITH"},{"floor":15,"key":"REST"},{"data":"Riddle With Holes","floor":24,"key":"SMITH"},{"data":"Cloak And Dagger","floor":30,"key":"SMITH"},{"floor":32,"key":"REST"}],"neow_cost":"NONE","seed_source_timestamp":712153979378936,"circlet_count":0,"master_deck":["Defend_G","Defend_G","Defend_G","Defend_G","Defend_G","Strike_G","Strike_G+1","Strike_G","Strike_G","Survivor","Neutralize+1","Flying Knee","Riddle With Holes+1","Backstab+1","Masterful Stab+1","Adrenaline","Slice","Blur","Cloak And Dagger+1","Dagger Spray+1","Adrenaline","Predator","Adrenaline","Cloak And Dagger","Finisher","Caltrops","Backflip","Endless Agony+1","Deflect","PiercingWail","Dash"],"relics":["Ring of the Snake","Centennial Puzzle","Mummified Hand","Potion Belt","Happy Flower","MawBank","Pantograph","Cursed Key","HandDrill","Whetstone","Ancient Tea Set","Darkstone Periapt","Orichalcum","The Courier"],"potions_floor_usage":[6,13,16,23,25,31,31,33],"damage_taken":[{"damage":10,"enemies":"Jaw Worm","floor":1,"turns":5},{"damage":0,"enemies":"Cultist","floor":3,"turns":3},{"damage":0,"enemies":"2 Louse","floor":5,"turns":2},{"damage":18,"enemies":"Lagavulin","floor":6,"turns":3},{"damage":7,"enemies":"Gremlin Nob","floor":8,"turns":3},{"damage":0,"enemies":"2 Fungi Beasts","floor":10,"turns":1},{"damage":7,"enemies":"Large Slime","floor":12,"turns":4},{"damage":13,"enemies":"Lagavulin","floor":13,"turns":4},{"damage":59,"enemies":"Hexaghost","floor":16,"turns":12},{"damage":0,"enemies":"3 Byrds","floor":18,"turns":5},{"damage":0,"enemies":"Shell Parasite","floor":19,"turns":3},{"damage":4,"enemies":"Cultist and Chosen","floor":20,"turns":4},{"damage":0,"enemies":"Centurion and Healer","floor":21,"turns":4},{"damage":9,"enemies":"Slavers","floor":23,"turns":3},{"damage":0,"enemies":"Gremlin Leader","floor":25,"turns":4},{"damage":14,"enemies":"Sentry and Sphere","floor":27,"turns":4},{"damage":8,"enemies":"3 Cultists","floor":28,"turns":6},{"damage":1,"enemies":"Slavers","floor":31,"turns":4},{"damage":89,"enemies":"Champ","floor":33,"turns":13}],"seed_played":"1489831075818322340","potions_obtained":[{"floor":1,"key":"FearPotion"},{"floor":5,"key":"Swift Potion"},{"floor":10,"key":"Poison Potion"},{"floor":13,"key":"Strength Potion"},{"floor":18,"key":"GamblersBrew"},{"floor":19,"key":"SteroidPotion"},{"floor":23,"key":"Poison Potion"},{"floor":28,"key":"Dexterity Potion"}],"is_trial":false,"path_per_floor":["M","?","M","$","M","E","R","E","T","M","R","M","E","?","R","B",null,"M","M","M","M","$","E","R","E","T","M","M","$","R","E","R"],"character_chosen":"THE_SILENT","items_purchased":["Backstab","HandDrill","Whetstone","Caltrops"],"campfire_rested":2,"item_purchase_floors":[4,22,22,22],"current_hp_per_floor":[60,60,60,60,60,42,42,35,35,35,35,28,15,15,36,2,70,70,70,66,66,66,57,57,57,63,49,41,41,41,40,62,0],"gold":87,"neow_bonus":"RANDOM_COMMON_RELIC","is_prod":false,"is_daily":false,"chose_seed":false,"campfire_upgraded":4,"win_rate":0,"timestamp":1535319519,"path_taken":["M","?","M","$","M","E","R","E","T","M","R","M","E","?","R","BOSS","M","M","M","?","?","E","R","E","T","M","M","$","R","E","R","BOSS"],"build_version":"2018-08-23v2","purchased_purges":2,"victory":false,"max_hp_per_floor":[70,70,70,70,70,70,70,70,70,70,70,70,70,70,70,70,70,70,70,70,70,70,70,70,70,76,76,76,76,76,76,76,76],"card_choices":[{"not_picked":["Catalyst","Choke"],"picked":"Flying Knee","floor":1},{"not_picked":["Endless Agony","Backflip"],"picked":"Riddle With Holes","floor":3},{"not_picked":["Bouncing Flask","Prepared"],"picked":"Masterful Stab","floor":5},{"not_picked":["Sucker Punch","Endless Agony"],"picked":"Adrenaline","floor":6},{"not_picked":["Outmaneuver","Riddle With Holes"],"picked":"Slice","floor":8},{"not_picked":["Quick Slash","Deadly Poison"],"picked":"Blur","floor":10},{"not_picked":["Setup","Quick Slash"],"picked":"Cloak And Dagger","floor":12},{"not_picked":["Grand Finale","Caltrops"],"picked":"Dagger Spray","floor":13},{"not_picked":["Corpse Explosion","Phantasmal Killer"],"picked":"Adrenaline","floor":16},{"not_picked":["Prepared","Underhanded Strike+1"],"picked":"Predator","floor":18},{"not_picked":["Outmaneuver","Deadly Poison+1"],"picked":"Adrenaline","floor":19},{"not_picked":["Deadly Poison","Bane+1"],"picked":"Cloak And Dagger","floor":20},{"not_picked":["Well Laid Plans","Infinite Blades"],"picked":"Finisher","floor":21},{"not_picked":["Prepared","Quick Slash"],"picked":"Backflip","floor":23},{"not_picked":["Acrobatics","Phantasmal Killer"],"picked":"Endless Agony+1","floor":25},{"not_picked":["Sucker Punch","Flying Knee"],"picked":"Deflect","floor":27},{"not_picked":["Blade Dance","Backflip"],"picked":"PiercingWail","floor":28},{"not_picked":["Predator","PiercingWail"],"picked":"Dash","floor":31}],"player_experience":814998,"relics_obtained":[{"floor":6,"key":"Mummified Hand"},{"floor":8,"key":"Potion Belt"},{"floor":9,"key":"Happy Flower"},{"floor":13,"key":"MawBank"},{"floor":23,"key":"Ancient Tea Set"},{"floor":25,"key":"Darkstone Periapt"},{"floor":26,"key":"Orichalcum"},{"floor":31,"key":"The Courier"}],"event_choices":[{"event_name":"Upgrade Shrine","player_choice":"Upgraded","floor":2,"damage_taken":0},{"event_name":"Dead Adventurer","player_choice":"Searched \u00272\u0027 times","floor":14,"damage_taken":0}],"is_beta":true,"boss_relics":[{"not_picked":["Lizard Tail","HoveringKite"],"picked":"Cursed Key"}],"items_purged_floors":[22,29],"is_endless":false,"potions_floor_spawned":[1,5,10,13,18,19,23,28],"killed_by":"Champ","ascension_level":1}