{"gold_per_floor":[112,125,136,136,55,83,83,112,112,146,146,146,181,195,195,316,316,331,354,629,629,650,650,671,671,671,689,689,33,33,7,7,130,130,144,144,144,169,502,502,527,129,129,129,143,243,243,254,254,254,254,254,85,112,112],"floor_reached":55,"playtime":2642,"items_purged":["Regret","Normality"],"score":800,"play_id":"6eea721c-39cc-42b1-ab2b-f8d6440d94e9","local_time":"20190120134927","is_ascension_mode":true,"campfire_choices":[{"data":"Genetic Algorithm","floor":7.0,"key":"SMITH"},{"floor":12.0,"key":"REST"},{"floor":15.0,"key":"REST"},{"floor":23.0,"key":"REST"},{"floor":25.0,"key":"REST"},{"data":"Sunder","floor":30.0,"key":"SMITH"},{"data":"Go for the Eyes","floor":32.0,"key":"SMITH"},{"data":"Thinking Ahead","floor":40.0,"key":"SMITH"},{"floor":44.0,"key":"REST"},{"floor":49.0,"key":"RECALL"},{"data":"Static Discharge","floor":52.0,"key":"SMITH"}],"neow_cost":"NONE","seed_source_timestamp":930542707835189,"circlet_count":0,"master_deck":["Strike_B","Strike_B+1","Strike_B","Defend_B","Defend_B","Defend_B","Defend_B","Zap","Dualcast","Sunder+1","Ball Lightning","Strike_G","Genetic Algorithm+1","Sweeping Beam","Streamline+1","Biased Cognition","Reinforced Body","Steam","Go for the Eyes+1","Leap+1","Barrage+1","Glacier","Static Discharge+1","Electrodynamics","Hologram","Thunder Strike","Thinking Ahead+1","Ball Lightning","Biased Cognition","Blizzard","Regret","Double Energy+1","Parasite","Double Energy+1","Glacier","Panacea","Loop+1"],"special_seed":0,"relics":["Cracked Core","Bronze Scales","Ice Cream","Darkstone Periapt","Blue Candle","Juzu Bracelet","Odd Mushroom","Black Star","Nilry\u0027s Codex","Bird Faced Urn","Ginger","OrangePellets","Cursed Key","Vajra","Happy Flower","Whetstone","Centennial Puzzle","Incense Burner","Orichalcum","Bottled Lightning"],"potions_floor_usage":[55],"damage_taken":[{"damage":0.0,"enemies":"2 Louse","floor":1.0,"turns":2.0},{"damage":0.0,"enemies":"Cultist","floor":2.0,"turns":3.0},{"damage":7.0,"enemies":"Small Slimes","floor":3.0,"turns":2.0},{"damage":26.0,"enemies":"Lagavulin","floor":6.0,"turns":5.0},{"damage":14.0,"enemies":"Gremlin Nob","floor":8.0,"turns":3.0},{"damage":26.0,"enemies":"Lagavulin","floor":10.0,"turns":5.0},{"damage":3.0,"enemies":"The Mushroom Lair","floor":13.0,"turns":3.0},{"damage":13.0,"enemies":"Blue Slaver","floor":14.0,"turns":3.0},{"damage":15.0,"enemies":"The Guardian","floor":16.0,"turns":11.0},{"damage":22.0,"enemies":"2 Thieves","floor":18.0,"turns":4.0},{"damage":2.0,"enemies":"3 Byrds","floor":19.0,"turns":2.0},{"damage":18.0,"enemies":"Centurion and Healer","floor":22.0,"turns":10.0},{"damage":23.0,"enemies":"Shelled Parasite and Fungi","floor":24.0,"turns":7.0},{"damage":25.0,"enemies":"Snake Plant","floor":27.0,"turns":4.0},{"damage":66.0,"enemies":"Champ","floor":33.0,"turns":17.0},{"damage":20.0,"enemies":"3 Darklings","floor":35.0,"turns":4.0},{"damage":55.0,"enemies":"Giant Head","floor":41.0,"turns":11.0},{"damage":19.0,"enemies":"3 Shapes","floor":45.0,"turns":3.0},{"damage":1.0,"enemies":"Mind Bloom Boss Battle","floor":46.0,"turns":4.0},{"damage":24.0,"enemies":"Writhing Mass","floor":48.0,"turns":5.0},{"damage":18.0,"enemies":"Donu and Deca","floor":50.0,"turns":8.0},{"damage":73.0,"enemies":"Shield and Spear","floor":54.0,"turns":7.0},{"damage":60,"enemies":"The Heart","floor":55,"turns":9}],"seed_played":"8165505986134927983","potions_obtained":[{"floor":2.0,"key":"AttackPotion"},{"floor":3.0,"key":"LiquidBronze"},{"floor":10.0,"key":"Block Potion"},{"floor":16.0,"key":"Ancient Potion"},{"floor":18.0,"key":"EssenceOfSteel"},{"floor":35.0,"key":"Fire Potion"},{"floor":46.0,"key":"SteroidPotion"}],"is_trial":false,"path_per_floor":["M","M","M","?","$","E","R","E","T","E","?","R","?","M","R","B",null,"M","M","?","?","M","R","M","R","T","M","?","$","R","$","R","B",null,"M","?","?","T","?","R","E","$","T","R","M","?","?","M","R","B",null,"R","$","E","B"],"character_chosen":"DEFECT","items_purchased":["Genetic Algorithm","Electrodynamics","Ginger","OrangePellets","Hologram","Biased Cognition","Centennial Puzzle","Blizzard","Glacier","Panacea"],"campfire_rested":5,"item_purchase_floors":[5,29,29,29,31,42,42,42,53,53],"current_hp_per_floor":[75,75,68,68,68,42,42,28,28,2,2,22,19,6,26,11,69,47,45,51,35,17,39,16,38,38,13,85,85,85,85,85,41,85,65,65,65,71,71,71,28,28,34,63,46,55,55,41,41,43,103,103,103,44,0],"gold":112,"neow_bonus":"RANDOM_COMMON_RELIC","is_prod":false,"is_daily":false,"chose_seed":false,"campfire_upgraded":5,"win_rate":0,"timestamp":1548010167,"path_taken":["M","M","M","?","$","E","R","E","T","E","?","R","?","M","R","BOSS","M","M","?","?","M","R","M","R","T","M","?","$","R","?","R","BOSS","M","?","?","?","?","R","E","$","T","R","M","?","?","M","R","BOSS","R","$","E","BOSS"],"build_version":"2019-01-19","purchased_purges":2,"victory":false,"max_hp_per_floor":[75,75,75,75,75,75,75,75,75,75,69,69,69,69,69,69,69,69,69,75,75,75,75,75,75,75,75,85,85,85,85,85,85,85,85,85,85,91,91,91,91,91,97,97,97,97,97,103,103,103,103,103,103,103,103],"card_choices":[{"not_picked":["Steam","Aggregate"],"picked":"Sunder","floor":1.0},{"not_picked":["Fusion","Redo"],"picked":"Rip and Tear","floor":2.0},{"not_picked":["Heatsinks","Steam"],"picked":"Ball Lightning","floor":3.0},{"not_picked":["Fusion","Storm"],"picked":"Sweeping Beam","floor":6.0},{"not_picked":["Turbo","Lockon"],"picked":"Streamline","floor":8.0},{"not_picked":["Steam","Double Energy"],"picked":"Biased Cognition","floor":10.0},{"not_picked":["Conserve Battery","Chaos"],"picked":"Reinforced Body","floor":13.0},{"not_picked":["Redo","Stack"],"picked":"Steam","floor":14.0},{"not_picked":["Seek","Machine Learning"],"picked":"Fission","floor":16.0},{"not_picked":["Turbo+1","Fusion"],"picked":"Go for the Eyes","floor":18.0},{"not_picked":["Sweeping Beam+1","Streamline"],"picked":"Leap+1","floor":19.0},{"not_picked":["White Noise","Streamline+1"],"picked":"Barrage+1","floor":22.0},{"not_picked":["Compile Driver+1","Chaos"],"picked":"Glacier","floor":24.0},{"not_picked":["Chaos+1","Leap"],"picked":"Static Discharge","floor":27.0},{"not_picked":["Reboot","Rainbow"],"picked":"Thunder Strike","floor":33.0},{"not_picked":["Conserve Battery","Barrage","Doom and Gloom"],"picked":"SKIP","floor":35.0},{"not_picked":["Violence","Swift Strike"],"picked":"Thinking Ahead","floor":37.0},{"not_picked":["Compile Driver+1","Streamline+1"],"picked":"Ball Lightning","floor":41.0},{"not_picked":["Steam Power+1","Cold Snap+1"],"picked":"Double Energy+1","floor":45.0},{"not_picked":["Defragment+1","Turbo+1"],"picked":"Double Energy+1","floor":48.0},{"not_picked":["Self Repair+1","Turbo"],"picked":"Loop+1","floor":54.0}],"player_experience":1287422,"relics_obtained":[{"floor":6.0,"key":"Ice Cream"},{"floor":8.0,"key":"Darkstone Periapt"},{"floor":9.0,"key":"Blue Candle"},{"floor":10.0,"key":"Juzu Bracelet"},{"floor":13.0,"key":"Odd Mushroom"},{"floor":21.0,"key":"Nilry\u0027s Codex"},{"floor":26.0,"key":"Bird Faced Urn"},{"floor":38.0,"key":"Vajra"},{"floor":41.0,"key":"Happy Flower"},{"floor":41.0,"key":"Whetstone"},{"floor":46.0,"key":"Incense Burner"},{"floor":54.0,"key":"Orichalcum"},{"floor":54.0,"key":"Bottled Lightning"}],"event_choices":[{"cards_removed":["Strike_B"],"damage_healed":0.0,"max_hp_gain":0.0,"max_hp_loss":0.0,"gold_gain":0.0,"event_name":"NoteForYourself","player_choice":"Took Card","floor":4.0,"gold_loss":0.0,"damage_taken":0.0,"cards_obtained":["Strike_G"]},{"damage_healed":0.0,"max_hp_gain":0.0,"max_hp_loss":6.0,"gold_gain":0.0,"event_name":"Golden Idol","player_choice":"Lose Max HP","floor":11.0,"gold_loss":0.0,"damage_taken":0.0,"relics_obtained":["Golden Idol"]},{"damage_healed":0.0,"max_hp_gain":0.0,"max_hp_loss":0.0,"gold_gain":0.0,"event_name":"Mushrooms","player_choice":"Fought Mushrooms","floor":13.0,"gold_loss":0.0,"damage_taken":0.0},{"damage_healed":0.0,"max_hp_gain":0.0,"max_hp_loss":0.0,"gold_gain":275.0,"event_name":"Golden Shrine","player_choice":"Desecrate","floor":20.0,"gold_loss":0.0,"damage_taken":0.0,"cards_obtained":["Regret"]},{"damage_healed":0.0,"max_hp_gain":0.0,"max_hp_loss":0.0,"gold_gain":0.0,"event_name":"Cursed Tome","player_choice":"Obtained Book","floor":21.0,"gold_loss":0.0,"damage_taken":16.0},{"cards_removed":["Fission"],"damage_healed":62.0,"max_hp_gain":10.0,"max_hp_loss":0.0,"gold_gain":0.0,"event_name":"Bonfire Elementals","player_choice":"Offered Rare","floor":28.0,"gold_loss":0.0,"damage_taken":0.0},{"damage_healed":0.0,"max_hp_gain":0.0,"max_hp_loss":0.0,"gold_gain":0.0,"event_name":"Tomb of Lord Red Mask","player_choice":"Ignored","floor":36.0,"gold_loss":0.0,"damage_taken":0.0},{"damage_healed":0.0,"max_hp_gain":0.0,"max_hp_loss":0.0,"gold_gain":0.0,"event_name":"SensoryStone","player_choice":"Memory 1","floor":37.0,"gold_loss":0.0,"damage_taken":0.0},{"damage_healed":0.0,"max_hp_gain":0.0,"max_hp_loss":0.0,"gold_gain":333.0,"event_name":"The Moai Head","player_choice":"Gave Idol","floor":39.0,"relics_lost":["Golden Idol"],"gold_loss":0.0,"damage_taken":0.0},{"damage_healed":0.0,"max_hp_gain":0.0,"max_hp_loss":0.0,"gold_gain":0.0,"event_name":"MindBloom","player_choice":"Fight","floor":46.0,"gold_loss":0.0,"damage_taken":0.0},{"cards_removed":["Rip and Tear"],"damage_healed":0.0,"max_hp_gain":0.0,"max_hp_loss":0.0,"gold_gain":0.0,"event_name":"Falling","player_choice":"Removed Attack","floor":47.0,"gold_loss":0.0,"damage_taken":0.0}],"is_beta":true,"boss_relics":[{"not_picked":["Runic Pyramid","Astrolabe"],"picked":"Black Star"},{"not_picked":["Eternal Feather","Orrery"],"picked":"Cursed Key"}],"items_purged_floors":[29,42],"is_endless":false,"potions_floor_spawned":[2,3,10,16,18,22,24,35,46],"killed_by":"The Heart","ascension_level":2}