{"gold_per_floor":[118,68,82,95,105,132,132,152,152,152,152,191,191,216,216,344,344,358,283,298,498,522,522,557,557,584,119,158,158,232,232,232,352,352,377,38,51,51,67,67,120,120,173,173,0,65,83,422,422,422,422,422,34,65,65],"floor_reached":56,"playtime":3341,"items_purged":["Doubt","Shame"],"score":1366,"play_id":"707589a3-1b02-448a-bcd3-f0e6833578ca","local_time":"20190105233620","is_ascension_mode":true,"campfire_choices":[{"floor":7.0,"key":"REST"},{"floor":10.0,"key":"REST"},{"data":"After Image","floor":13.0,"key":"SMITH"},{"data":"Dagger Spray","floor":15.0,"key":"SMITH"},{"data":"Footwork","floor":23.0,"key":"SMITH"},{"data":"Burst","floor":25.0,"key":"SMITH"},{"floor":29.0,"key":"REST"},{"floor":32.0,"key":"REST"},{"data":"Well Laid Plans","floor":40.0,"key":"SMITH"},{"data":"Footwork","floor":42.0,"key":"SMITH"},{"data":"Burst","floor":44.0,"key":"SMITH"},{"floor":49.0,"key":"RECALL"},{"data":"Caltrops","floor":52,"key":"SMITH"}],"neow_cost":"CURSE","seed_source_timestamp":441828299293078,"circlet_count":0,"master_deck":["Defend_G","Defend_G","Defend_G","Defend_G","Defend_G","Strike_G","Strike_G","Strike_G","Strike_G","Survivor","Neutralize","Flying Knee","Caltrops+1","Dagger Spray+1","Backflip","After Image+1","Dash","Burst+1","Expertise","Corpse Explosion","Dodge and Roll","Footwork+1","Backflip+1","Endless Agony+1","Choke","Infinite Blades","Bouncing Flask+1","Well Laid Plans+1","Wraith Form v2","Leg Sweep+1","Footwork+1","Skewer","Burst+1","Injury","Noxious Fumes+1","Backstab+1","Cloak And Dagger","Outmaneuver"],"special_seed":0,"relics":["Ring of the Serpent","Ice Cream","Matryoshka","Ornamental Fan","Dodecahedron","Golden Idol","Bottled Flame","Cursed Key","Boot","Darkstone Periapt","Tingsha","Bag of Preparation","Tiny Chest","Omamori","Potion Belt","Centennial Puzzle","Red Mask","Thread and Needle","Old Coin","Torii","Turnip"],"potions_floor_usage":[54,55,55,55,55],"damage_taken":[{"damage":8.0,"enemies":"Jaw Worm","floor":1.0,"turns":7.0},{"damage":0.0,"enemies":"Small Slimes","floor":3.0,"turns":3.0},{"damage":6.0,"enemies":"Cultist","floor":4.0,"turns":3.0},{"damage":15.0,"enemies":"Exordium Wildlife","floor":5.0,"turns":5.0},{"damage":23.0,"enemies":"Lagavulin","floor":6.0,"turns":8.0},{"damage":10.0,"enemies":"3 Louse","floor":8.0,"turns":5.0},{"damage":9.0,"enemies":"3 Sentries","floor":12.0,"turns":10.0},{"damage":0.0,"enemies":"Large Slime","floor":14.0,"turns":7.0},{"damage":8.0,"enemies":"Slime Boss","floor":16.0,"turns":14.0},{"damage":0.0,"enemies":"3 Byrds","floor":18.0,"turns":3.0},{"damage":0.0,"enemies":"Chosen","floor":20.0,"turns":5.0},{"damage":11.0,"enemies":"Snecko","floor":22.0,"turns":6.0},{"damage":9.0,"enemies":"Book of Stabbing","floor":24.0,"turns":7.0},{"damage":12.0,"enemies":"Gremlin Leader","floor":28.0,"turns":7.0},{"damage":15.0,"enemies":"Slavers","floor":30.0,"turns":3.0},{"damage":30.0,"enemies":"Automaton","floor":33.0,"turns":10.0},{"damage":0.0,"enemies":"Orb Walker","floor":35.0,"turns":4.0},{"damage":0.0,"enemies":"3 Darklings","floor":37.0,"turns":4.0},{"damage":13.0,"enemies":"Writhing Mass","floor":39.0,"turns":8.0},{"damage":10.0,"enemies":"2 Orb Walkers","floor":46.0,"turns":4.0},{"damage":0.0,"enemies":"Sphere and 2 Shapes","floor":47.0,"turns":7.0},{"damage":0.0,"enemies":"Giant Head","floor":48.0,"turns":10.0},{"damage":14,"enemies":"Awakened One","floor":50,"turns":18},{"damage":0,"enemies":"Shield and Spear","floor":54,"turns":7},{"damage":53,"enemies":"The Heart","floor":55,"turns":12}],"seed_played":"5303100233581560863","potions_obtained":[{"floor":1.0,"key":"GhostInAJar"},{"floor":8.0,"key":"SteroidPotion"},{"floor":12.0,"key":"Strength Potion"},{"floor":16.0,"key":"Energy Potion"},{"floor":20.0,"key":"Poison Potion"},{"floor":28.0,"key":"SneckoOil"},{"floor":33.0,"key":"EssenceOfSteel"},{"floor":46.0,"key":"GamblersBrew"},{"floor":47.0,"key":"PowerPotion"},{"floor":54,"key":"Poison Potion"}],"is_trial":false,"path_per_floor":["M","?","M","M","M","E","R","M","T","R","?","E","R","M","R","B",null,"M","?","M","?","M","R","E","R","T","$","E","R","E","T","R","B",null,"M","$","M","?","M","R","T","R","T","R","?","?","M","E","R","B",null,"R","$","E","B",null],"character_chosen":"THE_SILENT","items_purchased":["Tingsha","Choke","Infinite Blades","Footwork","Skewer","Burst","Torii","GhostInAJar","Outmaneuver"],"campfire_rested":4,"item_purchase_floors":[27,27,27,36,36,36,53,53,53],"current_hp_per_floor":[62,62,62,56,41,18,39,29,29,50,50,41,41,41,41,33,65,65,65,65,65,54,54,45,45,45,45,33,52,37,43,64,34,71,71,71,71,67,54,54,54,54,60,60,60,50,50,50,50,36,73,73,73,73,20],"gold":65,"neow_bonus":"ONE_RARE_RELIC","is_prod":false,"is_daily":false,"chose_seed":false,"campfire_upgraded":8,"win_rate":0,"timestamp":1546749380,"path_taken":["M","?","M","M","M","E","R","M","T","R","?","E","R","M","R","BOSS","M","?","M","?","?","R","E","R","T","$","E","R","E","?","R","BOSS","M","$","M","?","M","R","?","R","T","R","?","?","M","E","R","BOSS","R","$","E","BOSS"],"build_version":"2019-01-03v4","purchased_purges":2,"victory":true,"max_hp_per_floor":[70,70,70,70,70,70,70,70,70,70,65,65,65,65,65,65,65,65,65,65,65,65,65,65,65,65,65,65,65,65,71,71,71,71,71,71,71,67,67,67,67,67,73,73,73,73,73,73,73,73,73,73,73,73,73],"card_choices":[{"not_picked":["Prepared","Sucker Punch"],"picked":"Flying Knee","floor":1.0},{"not_picked":["Underhanded Strike","Sucker Punch"],"picked":"Caltrops","floor":3.0},{"not_picked":["Grand Finale","Sucker Punch"],"picked":"Dagger Spray","floor":4.0},{"not_picked":["Blade Dance","Bane"],"picked":"Backflip","floor":5.0},{"not_picked":["Underhanded Strike","Tactician"],"picked":"After Image","floor":6.0},{"not_picked":["Flying Knee","Outmaneuver"],"picked":"Dash","floor":8.0},{"not_picked":["Flying Knee","Backflip"],"picked":"Burst","floor":12.0},{"not_picked":["Reflex","Poisoned Stab"],"picked":"Expertise","floor":14.0},{"not_picked":["Tools of the Trade","Wraith Form v2"],"picked":"Corpse Explosion","floor":16.0},{"not_picked":["Deflect","Riddle With Holes"],"picked":"Dodge and Roll","floor":18.0},{"not_picked":["Underhanded Strike+1","Leg Sweep"],"picked":"Footwork","floor":20.0},{"not_picked":["Blur","Slice"],"picked":"Backflip+1","floor":22.0},{"not_picked":["Deadly Poison","Bouncing Flask"],"picked":"Endless Agony+1","floor":24.0},{"not_picked":["Dagger Throw","Backflip"],"picked":"Bouncing Flask+1","floor":28.0},{"not_picked":["Acrobatics","Outmaneuver+1"],"picked":"Well Laid Plans","floor":30.0},{"not_picked":["Doppelganger","Die Die Die"],"picked":"Wraith Form v2","floor":33.0},{"not_picked":["Eviscerate+1","Blade Dance"],"picked":"Leg Sweep+1","floor":35.0},{"not_picked":["Outmaneuver","Endless Agony","Choke"],"picked":"SKIP","floor":37.0},{"not_picked":["Flying Knee+1","Flechettes+1","Sucker Punch+1"],"picked":"SKIP","floor":39.0},{"not_picked":["Dagger Spray+1","Backflip"],"picked":"Noxious Fumes+1","floor":46.0},{"not_picked":["Flying Knee+1","Acrobatics"],"picked":"Backstab+1","floor":47.0},{"not_picked":["Heel Hook","Concentrate"],"picked":"Cloak And Dagger","floor":48.0},{"not_picked":["Deadly Poison","Poisoned Stab+1","Dagger Throw+1"],"picked":"SKIP","floor":54}],"player_experience":1194124,"relics_obtained":[{"floor":6.0,"key":"Matryoshka"},{"floor":9.0,"key":"Ornamental Fan"},{"floor":9.0,"key":"Dodecahedron"},{"floor":12.0,"key":"Bottled Flame"},{"floor":24.0,"key":"Boot"},{"floor":26.0,"key":"Darkstone Periapt"},{"floor":28.0,"key":"Bag of Preparation"},{"floor":30.0,"key":"Tiny Chest"},{"floor":31.0,"key":"Omamori"},{"floor":41.0,"key":"Potion Belt"},{"floor":43.0,"key":"Centennial Puzzle"},{"floor":46.0,"key":"Thread and Needle"},{"floor":48.0,"key":"Old Coin"},{"floor":54,"key":"Turnip"}],"event_choices":[{"cards_removed":["Regret"],"damage_healed":0.0,"max_hp_gain":0.0,"max_hp_loss":0.0,"gold_gain":0.0,"event_name":"The Cleric","player_choice":"Card Removal","floor":2.0,"gold_loss":50.0,"damage_taken":0.0},{"damage_healed":0.0,"max_hp_gain":0.0,"max_hp_loss":5.0,"gold_gain":0.0,"event_name":"Golden Idol","player_choice":"Lose Max HP","floor":11.0,"gold_loss":0.0,"damage_taken":0.0,"relics_obtained":["Golden Idol"]},{"cards_removed":["Strike_G"],"damage_healed":0.0,"max_hp_gain":0.0,"max_hp_loss":0.0,"gold_gain":0.0,"event_name":"Beggar","player_choice":"Gave Gold","floor":19.0,"gold_loss":75.0,"damage_taken":0.0},{"damage_healed":0.0,"max_hp_gain":0.0,"max_hp_loss":0.0,"gold_gain":250.0,"event_name":"The Joust","player_choice":"Bet on Owner","floor":21.0,"gold_loss":50.0,"damage_taken":0.0},{"damage_healed":0.0,"max_hp_gain":0.0,"max_hp_loss":4.0,"gold_gain":0.0,"event_name":"Winding Halls","player_choice":"Max HP","floor":38.0,"gold_loss":0.0,"damage_taken":0.0},{"damage_healed":0.0,"max_hp_gain":0.0,"max_hp_loss":0.0,"gold_gain":0.0,"event_name":"Tomb of Lord Red Mask","player_choice":"Paid","floor":45.0,"gold_loss":173.0,"damage_taken":0.0,"relics_obtained":["Red Mask"]},{"damage_healed":0.0,"max_hp_gain":0.0,"max_hp_loss":0.0,"gold_gain":0.0,"event_name":"Mysterious Sphere","player_choice":"Fight","floor":46.0,"gold_loss":0.0,"damage_taken":0.0}],"is_beta":true,"boss_relics":[{"not_picked":["Lizard Tail","Sozu"],"picked":"Cursed Key"},{"not_picked":["Pandora\u0027s Box","White Beast Statue"],"picked":"Ring of the Serpent"}],"items_purged_floors":[27,36],"is_endless":false,"potions_floor_spawned":[1,8,12,16,20,28,33,46,47,54],"ascension_level":1}