{"gold_per_floor":[114,124,124,36,36,36,55,33,33,33,47,73,85,85],"floor_reached":14,"playtime":555,"items_purged":[],"score":149,"play_id":"e4708ef7-a9fb-4616-b246-7f47aef9b05f","local_time":"20180902184422","is_ascension_mode":true,"campfire_choices":[{"data":"Neutralize","floor":6,"key":"SMITH"},{"data":"Deadly Poison","floor":10,"key":"SMITH"}],"neow_cost":"NONE","seed_source_timestamp":0,"circlet_count":0,"master_deck":["Defend_G","Defend_G","Defend_G+1","Defend_G","Defend_G","Strike_G","Strike_G","Strike_G","Strike_G","Strike_G","Survivor","Neutralize+1","AscendersBane","Dagger Throw","Calculated Gamble","Dagger Spray+1","Caltrops","Deadly Poison+1","Predator","Well Laid Plans","Backflip"],"relics":["Ring of the Snake","Bronze Scales","Bird Faced Urn","Gremlin Horn"],"potions_floor_usage":[12,12],"damage_taken":[{"damage":4,"enemies":"2 Louse","floor":1,"turns":4},{"damage":10,"enemies":"Small Slimes","floor":2,"turns":4},{"damage":0,"enemies":"Jaw Worm","floor":7,"turns":3},{"damage":1,"enemies":"Exordium Wildlife","floor":11,"turns":5},{"damage":15,"enemies":"Lagavulin","floor":12,"turns":4},{"damage":0,"enemies":"Red Slaver","floor":13,"turns":3},{"damage":39,"enemies":"Lagavulin Event","floor":14,"turns":5}],"seed_played":"3446796322216154234","potions_obtained":[{"floor":2,"key":"SpeedPotion"},{"floor":7,"key":"SkillPotion"},{"floor":11,"key":"SteroidPotion"}],"is_trial":false,"path_per_floor":["M","M","?","$","?","R","M","$","T","R","M","E","M"],"character_chosen":"THE_SILENT","items_purchased":["Dagger Spray","Caltrops","Deadly Poison"],"campfire_rested":0,"item_purchase_floors":[4,4,8],"current_hp_per_floor":[59,49,49,49,35,35,35,35,35,35,34,21,23,0],"gold":85,"neow_bonus":"RANDOM_COMMON_RELIC","is_prod":false,"is_daily":false,"chose_seed":true,"campfire_upgraded":2,"win_rate":0,"timestamp":1535928262,"path_taken":["M","M","?","$","?","R","M","$","T","R","?","E","M","?"],"build_version":"2018-08-30","purchased_purges":0,"victory":false,"max_hp_per_floor":[70,70,70,70,70,70,70,70,70,70,70,70,70,70],"card_choices":[{"not_picked":["Sucker Punch","Cloak And Dagger"],"picked":"Dagger Throw","floor":1},{"not_picked":["Bane","Dagger Throw"],"picked":"Calculated Gamble","floor":2},{"not_picked":["Quick Slash","Underhanded Strike","Prepared"],"picked":"SKIP","floor":7},{"not_picked":["Masterful Stab","Quick Slash"],"picked":"Predator","floor":11},{"not_picked":["Phantasmal Killer","Escape Plan"],"picked":"Well Laid Plans","floor":12},{"not_picked":["Acrobatics","Masterful Stab"],"picked":"Backflip","floor":13}],"player_experience":839156,"relics_obtained":[{"floor":9,"key":"Bird Faced Urn"},{"floor":12,"key":"Gremlin Horn"}],"event_choices":[{"event_name":"Liars Game","player_choice":"disagreed","floor":3,"damage_taken":0},{"event_name":"Shining Light","player_choice":"Entered Light","floor":5,"damage_taken":0},{"event_name":"Dead Adventurer","player_choice":"Searched \u00272\u0027 times","floor":14,"damage_taken":0}],"is_beta":true,"boss_relics":[],"items_purged_floors":[],"is_endless":false,"potions_floor_spawned":[2,7,11],"killed_by":"Lagavulin Event","ascension_level":13}