{"gold_per_floor":[113,123,138,10,27,27,57,57,137,171,171,171,246,260,260,260],"floor_reached":16,"playtime":722,"items_purged":["Strike_G"],"score":220,"play_id":"121e3c91-246b-4ae9-95a6-f3174481d905","local_time":"20190102215659","is_ascension_mode":true,"campfire_choices":[{"data":"Neutralize","floor":6.0,"key":"SMITH"},{"data":"Caltrops","floor":8.0,"key":"SMITH"},{"floor":12,"key":"REST"},{"data":"Noxious Fumes","floor":15,"key":"SMITH"}],"neow_cost":"NONE","seed_source_timestamp":113463155624770,"circlet_count":0,"master_deck":["AscendersBane","Defend_G","Defend_G","Defend_G","Defend_G","Defend_G","Strike_G","Strike_G","Strike_G","Survivor","Neutralize+1","Dagger Throw","Flying Knee","Dagger Throw","Caltrops+1","Backstab","Noxious Fumes+1","Deflect"],"special_seed":0,"relics":["Ring of the Snake","Art of War","Unceasing Top","Gremlin Horn","Juzu Bracelet","Tiny Chest"],"potions_floor_usage":[16,16],"damage_taken":[{"damage":0.0,"enemies":"Cultist","floor":1.0,"turns":4.0},{"damage":0.0,"enemies":"Jaw Worm","floor":2.0,"turns":4.0},{"damage":4.0,"enemies":"Small Slimes","floor":3.0,"turns":3.0},{"damage":10.0,"enemies":"3 Louse","floor":5.0,"turns":4.0},{"damage":6.0,"enemies":"Gremlin Nob","floor":7.0,"turns":3.0},{"damage":27,"enemies":"Lagavulin","floor":10,"turns":8},{"damage":9,"enemies":"Exordium Thugs","floor":14,"turns":5},{"damage":24,"enemies":"Slime Boss","floor":16,"turns":8}],"seed_played":"-8592354683898054812","potions_obtained":[{"floor":3.0,"key":"Weak Potion"},{"floor":10,"key":"Block Potion"}],"is_trial":false,"path_per_floor":["M","M","M","$","M","R","E","R","T","E","?","R","T","M","R","B"],"character_chosen":"THE_SILENT","items_purchased":["AttackPotion"],"campfire_rested":1,"item_purchase_floors":[4],"current_hp_per_floor":[59,59,55,55,45,45,39,39,39,12,12,31,31,22,22,0],"gold":260,"neow_bonus":"RANDOM_COMMON_RELIC","is_prod":false,"is_daily":false,"chose_seed":false,"campfire_upgraded":3,"win_rate":0,"timestamp":1546495019,"path_taken":["M","M","?","$","M","R","E","R","T","E","?","R","?","M","R","BOSS"],"build_version":"2019-01-01v2","purchased_purges":1,"victory":false,"max_hp_per_floor":[66,66,66,66,66,66,66,66,66,66,66,66,66,66,66,66],"card_choices":[{"not_picked":["Blur","Sucker Punch"],"picked":"Dagger Throw","floor":1.0},{"not_picked":["Prepared","Dodge and Roll"],"picked":"Flying Knee","floor":2.0},{"not_picked":["Grand Finale","Prepared"],"picked":"Dagger Throw","floor":3.0},{"not_picked":["Prepared","Riddle With Holes","Accuracy"],"picked":"SKIP","floor":5.0},{"not_picked":["Outmaneuver","Grand Finale"],"picked":"Caltrops","floor":7.0},{"not_picked":["Caltrops","Accuracy"],"picked":"Backstab","floor":10},{"not_picked":["Underhanded Strike","Poisoned Stab"],"picked":"Deflect","floor":14}],"player_experience":1181836,"relics_obtained":[{"floor":7.0,"key":"Unceasing Top"},{"floor":9.0,"key":"Gremlin Horn"},{"floor":10,"key":"Juzu Bracelet"},{"floor":13,"key":"Tiny Chest"}],"event_choices":[{"damage_healed":0,"gold_gain":0,"cards_transformed":["Strike_G"],"player_choice":"Change","damage_taken":0,"max_hp_gain":0,"max_hp_loss":0,"event_name":"Living Wall","floor":11,"gold_loss":0,"cards_obtained":["Noxious Fumes"]}],"is_beta":true,"boss_relics":[],"items_purged_floors":[4],"is_endless":false,"potions_floor_spawned":[3,10,14],"killed_by":"Slime Boss","ascension_level":20}