{"gold_per_floor":[114,114,129,129,15,15,40,40,67,67,79,79,90,116,116,187,187,202,202,46,46,10,10,10,45,75,102,116,116,131,147,147,147],"floor_reached":33,"playtime":937,"items_purged":["Strike_B"],"score":528,"play_id":"75fd4347-2fd2-4701-84aa-56aa2bda786b","local_time":"20190214185108","is_ascension_mode":true,"campfire_choices":[{"floor":6.0,"key":"REST"},{"floor":12,"key":"REST"},{"data":"Sunder","floor":15,"key":"SMITH"},{"floor":23,"key":"REST"},{"floor":29,"key":"REST"},{"floor":32,"key":"REST"}],"neow_cost":"CURSE","seed_source_timestamp":0,"circlet_count":0,"master_deck":["AscendersBane","Strike_B","Strike_B","Defend_B","Defend_B","Defend_B","Defend_B","Zap","Dualcast","Conserve Battery","Sweeping Beam","Skim","Ball Lightning","Sunder+1","Heatsinks+1","Electrodynamics+1","Defragment+1","Shame","Capacitor+1","Static Discharge+1","Leap+1"],"special_seed":0,"relics":["Cracked Core","Torii","Art of War","Frozen Egg 2","Boot","Centennial Puzzle","Inserter","Matryoshka","Anchor","Happy Flower","Tiny Chest","Mercury Hourglass","Kunai","Omamori"],"potions_floor_usage":[7,7,14,16,25,31,31,33],"damage_taken":[{"damage":11.0,"enemies":"2 Louse","floor":1.0,"turns":2.0},{"damage":1.0,"enemies":"Small Slimes","floor":3.0,"turns":3.0},{"damage":26,"enemies":"Gremlin Nob","floor":7,"turns":4},{"damage":1,"enemies":"Cultist","floor":11,"turns":3},{"damage":6,"enemies":"2 Fungi Beasts","floor":13,"turns":3},{"damage":1,"enemies":"3 Sentries","floor":14,"turns":4},{"damage":21,"enemies":"Slime Boss","floor":16,"turns":8},{"damage":18,"enemies":"3 Byrds","floor":18,"turns":2},{"damage":56,"enemies":"Gremlin Leader","floor":25,"turns":5},{"damage":0,"enemies":"Chosen","floor":28,"turns":3},{"damage":15,"enemies":"Centurion and Healer","floor":30,"turns":4},{"damage":12,"enemies":"3 Cultists","floor":31,"turns":3},{"damage":58,"enemies":"Automaton","floor":33,"turns":6}],"seed_played":"5086397320890828411","potions_obtained":[{"floor":13,"key":"Strength Potion"},{"floor":14,"key":"SteroidPotion"},{"floor":16,"key":"Strength Potion"},{"floor":18,"key":"Dexterity Potion"},{"floor":28,"key":"Dexterity Potion"},{"floor":31,"key":"Fruit Juice"}],"is_trial":false,"path_per_floor":["M","?","M","?","$","R","E","?","T","?","M","R","M","E","R","B",null,"M","T","$","?","$","R","?","E","T","T","M","R","M","M","R","B"],"character_chosen":"DEFECT","items_purchased":["Explosive Potion","Block Potion","Defragment+1","Capacitor+1"],"campfire_rested":5,"item_purchase_floors":[5,5,20,22],"current_hp_per_floor":[53,46,45,40,40,61,35,40,40,40,39,61,55,54,54,33,65,47,47,47,47,47,69,69,13,13,13,13,35,20,13,37,0],"gold":147,"neow_bonus":"ONE_RARE_RELIC","is_prod":false,"is_daily":false,"chose_seed":false,"campfire_upgraded":1,"win_rate":0,"timestamp":1550188268,"path_taken":["M","?","M","?","$","R","E","?","T","?","M","R","M","E","R","BOSS","M","?","$","?","?","R","?","E","T","?","M","R","M","M","R","BOSS"],"build_version":"2019-01-23","purchased_purges":1,"victory":false,"max_hp_per_floor":[71,71,71,71,71,71,71,76,76,76,76,76,76,76,76,76,76,76,76,76,76,76,76,76,76,76,76,76,76,76,81,81,81],"card_choices":[{"not_picked":["Reprogram","Beam Cell"],"picked":"Conserve Battery","floor":1.0},{"not_picked":["Compile Driver","Conserve Battery"],"picked":"Sweeping Beam","floor":3.0},{"not_picked":["Auto Shields","Gash"],"picked":"Skim","floor":7},{"not_picked":["Redo","Blizzard"],"picked":"Ball Lightning","floor":11},{"not_picked":["Conserve Battery","Core Surge"],"picked":"Sunder","floor":13},{"not_picked":["Ball Lightning","Lockon"],"picked":"Heatsinks+1","floor":14},{"not_picked":["Rainbow","Reboot"],"picked":"Electrodynamics+1","floor":16},{"not_picked":["Fusion","Rebound","Genetic Algorithm"],"picked":"SKIP","floor":18},{"not_picked":["Beam Cell","Streamline"],"picked":"Leap+1","floor":25},{"not_picked":["Stack","Compile Driver","Hologram"],"picked":"SKIP","floor":28},{"not_picked":["Compile Driver","Gash","Steam"],"picked":"SKIP","floor":30},{"not_picked":["Cold Snap","Steam Power","Compile Driver"],"picked":"SKIP","floor":31}],"player_experience":285560,"relics_obtained":[{"floor":7,"key":"Frozen Egg 2"},{"floor":9,"key":"Boot"},{"floor":14,"key":"Centennial Puzzle"},{"floor":19,"key":"Matryoshka"},{"floor":25,"key":"Happy Flower"},{"floor":26,"key":"Tiny Chest"},{"floor":26,"key":"Mercury Hourglass"},{"floor":27,"key":"Kunai"},{"floor":27,"key":"Omamori"}],"event_choices":[{"cards_removed":["Pain"],"damage_healed":0.0,"max_hp_gain":0.0,"max_hp_loss":0.0,"gold_gain":0.0,"event_name":"Golden Wing","player_choice":"Card Removal","floor":2.0,"gold_loss":0.0,"damage_taken":7.0},{"damage_healed":0.0,"max_hp_gain":0.0,"max_hp_loss":0.0,"gold_gain":0.0,"event_name":"Scrap Ooze","player_choice":"Success","floor":4.0,"gold_loss":0.0,"damage_taken":5.0,"relics_obtained":["Art of War"]},{"damage_healed":0,"gold_gain":0,"player_choice":"Donut","damage_taken":0,"max_hp_gain":5,"max_hp_loss":0,"event_name":"Big Fish","floor":8,"gold_loss":0},{"cards_removed":["Strike_B"],"damage_healed":0,"gold_gain":0,"player_choice":"Purged","damage_taken":0,"max_hp_gain":0,"max_hp_loss":0,"event_name":"Purifier","floor":10,"gold_loss":0},{"damage_healed":0,"gold_gain":0,"player_choice":"Stole Relic","damage_taken":0,"relics_obtained":["Anchor"],"max_hp_gain":0,"max_hp_loss":0,"event_name":"Addict","floor":21,"gold_loss":0,"cards_obtained":["Shame"]},{"damage_healed":0,"gold_gain":0,"player_choice":"Read","damage_taken":0,"max_hp_gain":0,"max_hp_loss":0,"event_name":"The Library","floor":24,"gold_loss":0,"cards_obtained":["Static Discharge"]}],"is_beta":false,"boss_relics":[{"not_picked":["Cursed Key","Empty Cage"],"picked":"Inserter"}],"items_purged_floors":[20],"is_endless":false,"potions_floor_spawned":[13,14,16,18,28,31],"killed_by":"Automaton","ascension_level":19}