{"path_per_floor":["M","M","M","?","M","R","M","E","T","E","R","M","R","$","R","B",null,"M","?","M","?","M"],"character_chosen":"THE_SILENT","items_purchased":["Leg Sweep","Footwork"],"gold_per_floor":[114,127,140,140,155,155,170,200,200,228,228,194,194,58,58,156,156,174,89,101,101,115,115],"floor_reached":23,"campfire_rested":0,"playtime":1454,"item_purchase_floors":[14,14],"current_hp_per_floor":[63,59,58,58,57,57,45,40,40,40,40,32,32,32,32,26,70,54,54,51,51,49,0],"items_purged":[],"gold":115,"score":294,"play_id":"2577a7ad-26d7-4de0-858a-713e23826508","local_time":"20180605220245","is_prod":false,"is_daily":false,"chose_seed":true,"is_ascension_mode":true,"campfire_upgraded":2,"win_rate":0,"timestamp":1528250565,"campfire_choices":[{"data":"Wraith Form v2","floor":6,"key":"SMITH"},{"floor":11,"key":"DIG"},{"data":"Night Terror","floor":13,"key":"SMITH"},{"floor":15,"key":"DIG"}],"path_taken":["M","M","M","?","M","R","?","E","T","E","R","?","R","?","R","BOSS","M","?","M","?","?","E"],"build_version":"2018-06-04v2","seed_source_timestamp":211489156573690,"purchased_purges":0,"victory":false,"master_deck":["Defend_G","Defend_G","Defend_G","Defend_G","Defend_G","Strike_G","Strike_G","Strike_G","Strike_G","Strike_G","Survivor","Neutralize+1","Deflect","Wraith Form v2+1","Quick Slash","Deadly Poison","Skewer","Noxious Fumes","Night Terror+1","Dash","Leg Sweep","Footwork","Phantasmal Killer","Setup+1","Prepared+1","Night Terror"],"max_hp_per_floor":[70,70,70,70,70,70,70,70,70,84,84,84,84,84,84,84,84,84,84,84,84,84,84],"relics":["Ring of the Snake","Ninja Scroll","Shovel","Mango","Meat on the Bone","Boot","Sozu","Torii"],"card_choices":[{"not_picked":["Accuracy","Backflip"],"picked":"Deflect","floor":1},{"not_picked":["Dodge and Roll","Prepared"],"picked":"Wraith Form v2","floor":2},{"not_picked":["Acrobatics","Deflect"],"picked":"Quick Slash","floor":3},{"not_picked":["Accuracy","Dodge and Roll"],"picked":"Deadly Poison","floor":5},{"not_picked":["Dagger Throw","Prepared"],"picked":"Skewer","floor":7},{"not_picked":["Underhanded Strike","Cloak And Dagger"],"picked":"Noxious Fumes","floor":8},{"not_picked":["Prepared","Backflip"],"picked":"Night Terror","floor":10},{"not_picked":["Prepared","Crippling Poison"],"picked":"Dash","floor":12},{"not_picked":["A Thousand Cuts","Tactician"],"picked":"Phantasmal Killer","floor":16},{"not_picked":["Deadly Poison","Distraction+1"],"picked":"Setup+1","floor":18},{"not_picked":["Eviscerate","PiercingWail"],"picked":"Prepared+1","floor":20},{"not_picked":["Backflip","Flying Knee"],"picked":"Night Terror","floor":22}],"player_experience":404629,"potions_floor_usage":[8,23],"damage_taken":[{"damage":0,"enemies":"2 Louse","floor":1,"turns":4},{"damage":4,"enemies":"Cultist","floor":2,"turns":6},{"damage":1,"enemies":"Jaw Worm","floor":3,"turns":7},{"damage":1,"enemies":"Red Slaver","floor":5,"turns":7},{"damage":12,"enemies":"Gremlin Gang","floor":7,"turns":6},{"damage":5,"enemies":"Lagavulin","floor":8,"turns":8},{"damage":14,"enemies":"Gremlin Nob","floor":10,"turns":5},{"damage":20,"enemies":"Exordium Thugs","floor":12,"turns":7},{"damage":18,"enemies":"Hexaghost","floor":16,"turns":11},{"damage":16,"enemies":"Spheric Guardian","floor":18,"turns":7},{"damage":3,"enemies":"Shell Parasite","floor":20,"turns":7},{"damage":2,"enemies":"Snecko","floor":22,"turns":7},{"damage":52,"enemies":"Slavers","floor":23,"turns":10}],"relics_obtained":[{"floor":8,"key":"Ninja Scroll"},{"floor":9,"key":"Shovel"},{"floor":10,"key":"Mango"},{"floor":11,"key":"Meat on the Bone"},{"floor":15,"key":"Boot"}],"event_choices":[{"event_name":"Upgrade Shrine","player_choice":"Upgraded","floor":4,"damage_taken":0},{"event_name":"Addict","player_choice":"Obtained Relic","floor":19,"damage_taken":0},{"event_name":"Drug Dealer","player_choice":"Ignored","floor":21,"damage_taken":0}],"boss_relics":[{"not_picked":["Astrolabe","White Beast Statue"],"picked":"Sozu"}],"items_purged_floors":[],"potions_floor_spawned":[2,10,12,20],"seed_played":"-8623042705149605899","killed_by":"Slavers","ascension_level":9,"potions_obtained":[{"floor":2,"key":"PowerPotion"},{"floor":10,"key":"LiquidBronze"},{"floor":12,"key":"GhostInAJar"}],"is_trial":false}