{"path_per_floor":["M","T","M","M","$","R","$","E","T","E","M","E","?","M","R","B",null,"M","M","M","?","?","R","$","R","T","R","M","T","M","$","R"],"character_chosen":"THE_SILENT","items_purchased":["Terror","Paper Crane","Die Die Die","Slice"],"gold_per_floor":[111,111,130,147,4,4,4,33,59,85,99,129,129,149,149,244,244,255,269,288,288,338,338,19,19,19,19,31,112,126,101,101,101],"floor_reached":33,"campfire_rested":5,"playtime":1390,"current_hp_per_floor":[46,46,44,42,42,63,63,38,38,15,15,10,10,10,46,36,62,53,53,6,6,6,42,42,70,70,70,55,55,47,47,70,0],"items_purged":["Clumsy"],"gold":101,"score":371,"play_id":"aa2164a2-118c-43f1-b76c-bf51432c4449","local_time":"20180415221159","is_prod":false,"is_daily":false,"chose_seed":false,"is_ascension_mode":true,"campfire_upgraded":1,"timestamp":1523844719,"path_taken":["M","?","M","M","$","R","$","E","T","E","M","E","?","M","R","BOSS","M","M","M","?","?","R","$","R","T","R","M","?","M","$","R","BOSS"],"build_version":"2018-04-13","seed_source_timestamp":307152275105859,"purchased_purges":1,"victory":false,"master_deck":["Defend_G","Defend_G","Defend_G","Defend_G","Strike_G","Strike_G","Strike_G","Strike_G","Strike_G","Survivor","Neutralize","Deflect","Deflect","Skewer","Terror+1","Backstab","Concentrate","Distraction","Dagger Spray","Flying Knee","Unload","Cloak And Dagger","Prepared","Outmaneuver","Die Die Die+1","Blade Dance","Masterful Stab+1","Slice+1"],"max_hp_per_floor":[70,70,70,70,70,70,70,70,70,70,70,70,70,70,70,70,70,70,70,70,70,70,70,70,70,70,70,70,70,70,70,70,70],"relics":["Ring of the Snake","Unceasing Top","Vajra","Ornamental Fan","Regal Pillow","The Specimen","Omamori","Sozu","Molten Egg 2","Paper Crane","Matryoshka","Dodecahedron","Frozen Egg 2"],"card_choices":[{"not_picked":["Quick Slash","Caltrops"],"picked":"Deflect","floor":1},{"not_picked":["PiercingWail","Sucker Punch"],"picked":"Deflect","floor":3},{"not_picked":["Predator","Acrobatics"],"picked":"Skewer","floor":4},{"not_picked":["Dagger Throw","Backflip"],"picked":"Backstab","floor":8},{"not_picked":["Doppelganger","Footwork"],"picked":"Concentrate","floor":10},{"not_picked":["Underhanded Strike","Acrobatics"],"picked":"Distraction","floor":11},{"not_picked":["Poisoned Stab","Deadly Poison"],"picked":"Dagger Spray","floor":12},{"not_picked":["Dodge and Roll","Heel Hook"],"picked":"Flying Knee","floor":14},{"not_picked":["Night Terror","Tools of the Trade"],"picked":"Unload","floor":16},{"not_picked":["Bouncing Flask","Flying Knee"],"picked":"Cloak And Dagger","floor":18},{"not_picked":["Outmaneuver","Crippling Poison"],"picked":"Prepared","floor":19},{"not_picked":["Riddle With Holes","Deadly Poison"],"picked":"Outmaneuver","floor":20},{"not_picked":["Bouncing Flask","Dagger Spray"],"picked":"Blade Dance","floor":28},{"not_picked":["Escape Plan","Backflip"],"picked":"Masterful Stab","floor":30}],"player_experience":226520,"potions_floor_usage":[14,16,16,33],"damage_taken":[{"damage":17,"enemies":"Cultist","floor":1,"turns":7},{"damage":2,"enemies":"Small Slimes","floor":3,"turns":4},{"damage":2,"enemies":"2 Louse","floor":4,"turns":3},{"damage":25,"enemies":"Gremlin Nob","floor":8,"turns":5},{"damage":23,"enemies":"Lagavulin","floor":10,"turns":6},{"damage":0,"enemies":"Large Slime","floor":11,"turns":6},{"damage":5,"enemies":"3 Sentries","floor":12,"turns":12},{"damage":0,"enemies":"Gremlin Gang","floor":14,"turns":2},{"damage":10,"enemies":"Slime Boss","floor":16,"turns":10},{"damage":9,"enemies":"2 Thieves","floor":18,"turns":4},{"damage":0,"enemies":"Chosen","floor":19,"turns":2},{"damage":47,"enemies":"Snecko","floor":20,"turns":5},{"damage":15,"enemies":"Snake Plant","floor":28,"turns":3},{"damage":8,"enemies":"Chosen and Byrds","floor":30,"turns":5},{"damage":74,"enemies":"Champ","floor":33,"turns":6}],"event_choices":[{"event_name":"Wheel of Change","player_choice":"Card Removal","floor":13,"damage_taken":0},{"event_name":"The Mausoleum","player_choice":"Yes","floor":21,"damage_taken":0},{"event_name":"The Joust","player_choice":"Bet on Murderer","floor":22,"damage_taken":0}],"boss_relics":[{"not_picked":["Velvet Choker","Eternal Feather"],"picked":"Sozu"}],"potions_floor_spawned":[4,10,14,16,19,28,30],"seed_played":"-3086242267414742388","killed_by":"Champ","ascension_level":8,"is_trial":false}