{"gold_per_floor":[369,369,379,454,471,471,488,504,530,559,559,577,577,48,48,152,152,163,10,29,46,46,46,46,46,72,100,115,115,115,129,129,230,230,248,258,2,15,15,15,49,49,126,140,150,150,28,47,47,47,47,47,47,72,72],"floor_reached":55,"playtime":2846,"items_purged":["Strike_R","Strike_R+1"],"score":749,"play_id":"11fa11f2-e865-4724-813c-4e536454bc72","local_time":"20181231103233","is_ascension_mode":false,"campfire_choices":[{"data":"Wild Strike","floor":6,"key":"SMITH"},{"data":"Shockwave","floor":11,"key":"SMITH"},{"data":"Disarm","floor":13,"key":"SMITH"},{"data":"Armaments","floor":15,"key":"SMITH"},{"data":"True Grit","floor":23,"key":"SMITH"},{"data":"Shrug It Off","floor":25,"key":"SMITH"},{"floor":30,"key":"REST"},{"data":"Inflame","floor":32,"key":"SMITH"},{"data":"Feed","floor":40,"key":"SMITH"},{"floor":42,"key":"REST"},{"floor":49,"key":"RECALL"},{"data":"Inflame","floor":52,"key":"SMITH"}],"neow_cost":"TEN_PERCENT_HP_LOSS","seed_source_timestamp":68769319342554,"circlet_count":0,"master_deck":["Strike_R+1","Strike_R+1","Strike_R+1","Defend_R+1","Defend_R+1","Defend_R+1","Bash","Wild Strike+1","Armaments+1","Pummel","Disarm+1","Headbutt","Shockwave+1","Clothesline","Shrug It Off+1","Offering","Anger","True Grit+1","Disarm","Inflame+1","Twin Strike+1","Flame Barrier+1","Warcry+1","Disarm+1","Metallicize","Feed+1","Ghostly Armor+1","Cleave+1","Iron Wave+1","Reckless Charge+1","Rage+1","Doubt","Shrug It Off","Inflame+1","Dual Wield"],"relics":["Burning Blood","Potion Belt","Pen Nib","Vajra","Mercury Hourglass","Velvet Choker","Orichalcum","Snecko Eye","Happy Flower","Dodecahedron","Bottled Flame","Pantograph"],"potions_floor_usage":[8,27,33,33,38,45,50,55,55],"damage_taken":[{"damage":10,"enemies":"Jaw Worm","floor":1,"turns":4},{"damage":0,"enemies":"2 Louse","floor":3,"turns":2},{"damage":10,"enemies":"Cultist","floor":5,"turns":4},{"damage":5,"enemies":"Looter","floor":7,"turns":3},{"damage":0,"enemies":"Exordium Thugs","floor":8,"turns":2},{"damage":20,"enemies":"Gremlin Nob","floor":10,"turns":4},{"damage":0,"enemies":"Exordium Wildlife","floor":12,"turns":3},{"damage":9,"enemies":"Hexaghost","floor":16,"turns":10},{"damage":20,"enemies":"2 Thieves","floor":18,"turns":4},{"damage":5,"enemies":"Chosen","floor":20,"turns":4},{"damage":13,"enemies":"Snecko","floor":21,"turns":4},{"damage":17,"enemies":"Slavers","floor":27,"turns":3},{"damage":2,"enemies":"Chosen and Byrds","floor":28,"turns":4},{"damage":12,"enemies":"Shelled Parasite and Fungi","floor":31,"turns":3},{"damage":33,"enemies":"Automaton","floor":33,"turns":10},{"damage":6,"enemies":"3 Darklings","floor":35,"turns":6},{"damage":7,"enemies":"3 Shapes","floor":36,"turns":4},{"damage":9,"enemies":"Transient","floor":38,"turns":5},{"damage":63,"enemies":"Nemesis","floor":41,"turns":9},{"damage":4,"enemies":"4 Shapes","floor":44,"turns":6},{"damage":23,"enemies":"Maw","floor":45,"turns":8},{"damage":0,"enemies":"3 Darklings","floor":48,"turns":4},{"damage":76,"enemies":"Awakened One","floor":50,"turns":18},{"damage":61,"enemies":"Shield and Spear","floor":54,"turns":9},{"damage":60,"enemies":"The Heart","floor":55,"turns":6}],"seed_played":"-2307850956806006341","potions_obtained":[{"floor":3,"key":"AttackPotion"},{"floor":5,"key":"AttackPotion"},{"floor":7,"key":"Ancient Potion"},{"floor":16,"key":"AttackPotion"},{"floor":18,"key":"FearPotion"},{"floor":20,"key":"Ancient Potion"},{"floor":21,"key":"Dexterity Potion"},{"floor":36,"key":"SkillPotion"},{"floor":41,"key":"Weak Potion"},{"floor":44,"key":"Poison Potion"}],"is_trial":false,"path_per_floor":["M","?","M","?","M","R","M","M","T","E","R","M","R","$","R","B",null,"M","$","M","M","?","R","?","R","T","E","M","?","R","M","R","B",null,"M","M","$","M","?","R","E","R","T","M","M","?","$","M","R","B",null,"R","$","E","B"],"character_chosen":"IRONCLAD","items_purchased":["Vajra","Mercury Hourglass","Shrug It Off","True Grit","Disarm","Inflame","Happy Flower","Shrug It Off","Inflame"],"campfire_rested":2,"item_purchase_floors":[14,14,14,19,19,19,37,47,47],"current_hp_per_floor":[68,68,72,61,57,57,58,64,64,50,50,56,56,56,56,53,72,58,58,59,52,52,52,52,52,52,41,45,45,66,60,60,33,72,75,77,77,74,74,74,17,40,40,46,33,86,86,90,90,20,90,90,90,35,0],"gold":72,"neow_bonus":"TWO_FIFTY_GOLD","is_prod":false,"is_daily":false,"chose_seed":false,"campfire_upgraded":9,"win_rate":0,"timestamp":1546270353,"path_taken":["M","?","M","?","M","R","M","M","T","E","R","M","R","$","R","BOSS","M","$","M","M","?","R","?","R","T","E","?","?","R","M","R","BOSS","M","M","$","M","?","R","E","R","T","M","M","?","?","?","R","BOSS","R","$","E","BOSS"],"build_version":"2018-12-25","purchased_purges":2,"victory":false,"max_hp_per_floor":[72,72,72,72,72,72,72,72,72,72,72,72,72,72,72,72,72,72,72,72,72,72,72,72,72,72,72,72,72,72,72,72,72,72,75,78,78,78,78,78,78,78,78,82,86,86,86,90,90,90,90,90,90,90,90],"card_choices":[{"not_picked":["Clash","Hemokinesis"],"picked":"Wild Strike","floor":1},{"not_picked":["Rupture","Iron Wave"],"picked":"Armaments","floor":3},{"not_picked":["Sword Boomerang","Havoc"],"picked":"Pummel","floor":5},{"not_picked":["Sword Boomerang","Fire Breathing"],"picked":"Disarm","floor":7},{"not_picked":["Rampage","Seeing Red"],"picked":"Headbutt","floor":8},{"not_picked":["Entrench","Battle Trance"],"picked":"Shockwave","floor":10},{"not_picked":["Searing Blow","Headbutt"],"picked":"Clothesline","floor":12},{"not_picked":["Berserk","Double Tap"],"picked":"Offering","floor":16},{"not_picked":["Combust","Heavy Blade"],"picked":"Anger","floor":18},{"not_picked":["Heavy Blade","Searing Blow"],"picked":"Twin Strike+1","floor":20},{"not_picked":["True Grit","Flex"],"picked":"Flame Barrier","floor":21},{"not_picked":["Burning Pact","Wild Strike","Thunderclap"],"picked":"SKIP","floor":27},{"not_picked":["Clothesline","Sword Boomerang"],"picked":"Warcry+1","floor":28},{"not_picked":["Clothesline","Rage+1"],"picked":"Metallicize","floor":31},{"not_picked":["Barricade","Juggernaut"],"picked":"Feed","floor":33},{"not_picked":["True Grit","Pommel Strike"],"picked":"Ghostly Armor+1","floor":35},{"not_picked":["Wild Strike","Flex"],"picked":"Cleave+1","floor":36},{"not_picked":["Cleave","Warcry"],"picked":"Iron Wave+1","floor":38},{"not_picked":["Anger+1","Blood for Blood","Rampage"],"picked":"SKIP","floor":41},{"not_picked":["Blood for Blood","Sword Boomerang"],"picked":"Reckless Charge+1","floor":44},{"not_picked":["Thunderclap+1","Sword Boomerang+1"],"picked":"Rage+1","floor":45},{"not_picked":["Clash","Sword Boomerang"],"picked":"Dual Wield","floor":48},{"not_picked":["Combust","Sever Soul+1","Thunderclap+1"],"picked":"SKIP","floor":54}],"player_experience":1098103,"relics_obtained":[{"floor":9,"key":"Potion Belt"},{"floor":10,"key":"Pen Nib"},{"floor":27,"key":"Orichalcum"},{"floor":41,"key":"Dodecahedron"},{"floor":43,"key":"Bottled Flame"},{"floor":54,"key":"Pantograph"}],"event_choices":[{"damage_healed":0,"gold_gain":0,"player_choice":"Ignored","damage_taken":0,"max_hp_gain":0,"max_hp_loss":0,"event_name":"Liars Game","floor":2,"gold_loss":0},{"damage_healed":0,"gold_gain":75,"player_choice":"Gather Gold","damage_taken":11,"max_hp_gain":0,"max_hp_loss":0,"event_name":"World of Goop","floor":4,"gold_loss":0},{"damage_healed":0,"gold_gain":0,"player_choice":"Simplicity","damage_taken":0,"max_hp_gain":0,"max_hp_loss":0,"event_name":"Back to Basics","floor":22,"gold_loss":0,"cards_upgraded":["Strike_R","Strike_R","Strike_R","Strike_R","Defend_R","Defend_R","Defend_R","Defend_R"]},{"damage_healed":0,"gold_gain":0,"player_choice":"Forge","damage_taken":0,"max_hp_gain":0,"max_hp_loss":0,"event_name":"Accursed Blacksmith","floor":24,"gold_loss":0,"cards_upgraded":["Flame Barrier"]},{"damage_healed":0,"gold_gain":0,"player_choice":"Copied","damage_taken":0,"max_hp_gain":0,"max_hp_loss":0,"event_name":"Duplicator","floor":29,"gold_loss":0,"cards_obtained":["Disarm"]},{"cards_removed":["Defend_R"],"damage_healed":0,"gold_gain":0,"player_choice":"Removed Skill","damage_taken":0,"max_hp_gain":0,"max_hp_loss":0,"event_name":"Falling","floor":39,"gold_loss":0},{"damage_healed":53,"gold_gain":0,"player_choice":"Heal","damage_taken":0,"max_hp_gain":0,"max_hp_loss":0,"event_name":"MindBloom","floor":46,"gold_loss":0,"cards_obtained":["Doubt"]}],"is_beta":true,"boss_relics":[{"not_picked":["Coffee Dripper","Philosopher\u0027s Stone"],"picked":"Velvet Choker"},{"not_picked":["Runic Cube","Tiny House"],"picked":"Snecko Eye"}],"items_purged_floors":[14,37],"is_endless":false,"potions_floor_spawned":[3,5,7,16,18,20,21,36,41,44],"killed_by":"The Heart","ascension_level":0}