{"path_per_floor":["M","T","M","$","M","R","M","?","T","M","$","R","M","?","R","B",null,"M","M","?","M","?","R","M","R","T","M","?","R","M","M","R","B",null,"M","?","M","$","M","R","M","R","T","?","M","?","M","M","R"],"character_chosen":"THE_SILENT","items_purchased":["Infinite Blades","Accuracy","Terror","Bottled Lightning"],"gold_per_floor":[117,117,134,21,39,39,59,59,59,69,0,0,12,12,12,110,110,126,138,53,69,69,69,88,88,88,107,207,207,218,229,229,329,329,345,399,415,24,37,37,49,49,96,96,110,210,221,240,240],"floor_reached":50,"campfire_rested":6,"playtime":5612,"current_hp_per_floor":[70,70,67,67,66,66,58,58,58,36,36,57,57,57,57,27,70,64,60,60,49,49,49,49,49,49,44,44,65,53,50,70,62,70,70,54,48,48,24,45,30,51,51,51,41,41,40,19,40],"items_purged":["Strike_G","Decay"],"gold":240,"score":390,"play_id":"2e47dae0-8708-4694-9d2a-b2f25dad65ec","is_prod":false,"is_daily":false,"is_ascension_mode":false,"campfire_upgraded":4,"path_taken":["M","?","M","$","M","R","M","?","T","M","$","R","M","?","R","BOSS","M","M","?","?","?","R","M","R","T","M","?","R","?","M","R","BOSS","M","?","M","$","?","R","?","R","T","?","M","?","M","M","R","BOSS"],"build_version":"2018-02-22-PROD2","purchased_purges":3,"victory":false,"master_deck":["Defend_G","Defend_G","Defend_G","Defend_G","Defend_G","Strike_G","Strike_G","Strike_G","Strike_G","Survivor","Neutralize+1","Dagger Throw","Infinite Blades+1","Blur+1","Blur+1","Cloak And Dagger+1","Accuracy+1","Prepared+1","Dagger Throw","PiercingWail+1","Deflect","Caltrops","Well Laid Plans","Cloak And Dagger+1","Storm of Steel","Flying Knee+1","Accuracy","Dagger Spray+1","Terror","Acrobatics+1","Regret","Prepared+1","Flying Knee+1"],"max_hp_per_floor":[70,70,70,70,70,70,70,70,70,70,70,70,70,70,70,70,70,70,70,70,70,70,70,70,70,70,70,70,70,70,70,70,70,70,70,70,70,70,70,70,70,70,70,70,70,70,70,70,70],"relics":["Ring of the Snake","Dead Branch","Ginger","Cursed Key","Pen Nib","Dodecahedron","Tough Bandages","Unceasing Top","Bottled Lightning","Art of War"],"card_choices":[{"not_picked":["Acrobatics","Poisoned Stab"],"picked":"Footwork"},{"not_picked":["Night Terror","Eviscerate"],"picked":"Dagger Throw"},{"not_picked":["Masterful Stab","Terror"],"picked":"Blur"},{"not_picked":["Outmaneuver","Catalyst"],"picked":"Blur"},{"not_picked":["Outmaneuver","Well Laid Plans"],"picked":"Cloak And Dagger"},{"not_picked":["Terror","Slice"],"picked":"Prepared"},{"not_picked":["Deadly Poison","Underhanded Strike"],"picked":"Dagger Throw"},{"not_picked":["Deflect","Slice"],"picked":"PiercingWail"},{"not_picked":["Bane","Quick Slash"],"picked":"Deflect"},{"not_picked":["Underhanded Strike","Masterful Stab"],"picked":"Caltrops"},{"not_picked":["Blur","Deadly Poison"],"picked":"Well Laid Plans"},{"not_picked":["Sucker Punch","Dodge and Roll"],"picked":"Cloak And Dagger"},{"not_picked":["Envenom","Corpse Explosion"],"picked":"Storm of Steel"},{"not_picked":["Cloak And Dagger","Blur"],"picked":"Flying Knee"},{"not_picked":["Flying Knee","Dodge and Roll"],"picked":"Accuracy"},{"not_picked":["Flying Knee","Quick Slash"],"picked":"Dagger Spray"},{"not_picked":["Dagger Throw","Choke"],"picked":"Acrobatics"},{"not_picked":["Expertise","All Out Attack"],"picked":"Prepared"},{"not_picked":["Distraction","Dash"],"picked":"Flying Knee"}],"player_experience":207723,"potions_floor_usage":[7,18,18,24,33,33,36,37,37,50,50],"damage_taken":[{"damage":0,"enemies":"Cultist","floor":1,"turns":4},{"damage":3,"enemies":"Jaw Worm","floor":3,"turns":4},{"damage":1,"enemies":"2 Louse","floor":5,"turns":3},{"damage":8,"enemies":"Gremlin Gang","floor":7,"turns":5},{"damage":22,"enemies":"Exordium Thugs","floor":10,"turns":8},{"damage":0,"enemies":"Exordium Wildlife","floor":13,"turns":7},{"damage":30,"enemies":"Hexaghost","floor":16,"turns":11},{"damage":6,"enemies":"2 Thieves","floor":18,"turns":4},{"damage":4,"enemies":"Spheric Guardian","floor":19,"turns":4},{"damage":11,"enemies":"Centurion and Healer","floor":21,"turns":6},{"damage":0,"enemies":"3 Cultists","floor":24,"turns":6},{"damage":5,"enemies":"Chosen and Byrds","floor":27,"turns":5},{"damage":12,"enemies":"Snecko","floor":30,"turns":6},{"damage":3,"enemies":"Sentry and Sphere","floor":31,"turns":4},{"damage":8,"enemies":"Automaton","floor":33,"turns":8},{"damage":0,"enemies":"3 Shapes","floor":35,"turns":4},{"damage":16,"enemies":"Mysterious Sphere","floor":36,"turns":6},{"damage":6,"enemies":"3 Darklings","floor":37,"turns":4},{"damage":24,"enemies":"4 Shapes","floor":39,"turns":6},{"damage":15,"enemies":"Sphere and 2 Shapes","floor":41,"turns":4},{"damage":10,"enemies":"3 Darklings","floor":45,"turns":5},{"damage":1,"enemies":"Maw","floor":47,"turns":6},{"damage":21,"enemies":"4 Shapes","floor":48,"turns":4},{"damage":49,"enemies":"Donu and Deca","floor":50,"turns":5}],"event_choices":[{"event_name":"Upgrade Shrine","player_choice":"Upgraded","floor":8,"damage_taken":0},{"event_name":"Accursed Blacksmith","player_choice":"Forge","floor":14,"damage_taken":0},{"event_name":"Addict","player_choice":"Obtained Relic","floor":20,"damage_taken":0},{"event_name":"The Mausoleum","player_choice":"Yes","floor":22,"damage_taken":0},{"event_name":"Golden Shrine","player_choice":"Pray","floor":28,"damage_taken":0},{"event_name":"Mysterious Sphere","player_choice":"Fight","floor":36,"damage_taken":0},{"event_name":"Golden Shrine","player_choice":"Pray","floor":46,"damage_taken":0}],"boss_relics":[{"not_picked":["Sozu","Astrolabe"],"picked":"Cursed Key"},{"not_picked":["Orrery","Runic Dome","Philosopher\u0027s Stone"]}],"potions_floor_spawned":[5,7,10,16,24,27,31,33,36,41,48],"seed_played":"4575624799001255972","killed_by":"Donu and Deca","ascension_level":0,"is_trial":false}