{"gold_per_floor":[109,109,119,131,158,158,184,184,254,273,348,348,381,398,398,501,501,513,529,542,542,542,542,542,542,567,581,605,618,618,634,634,732,732,745,757,757,757,772,772,782,782,831,831],"floor_reached":44,"playtime":2256,"items_purged":[],"score":701,"play_id":"27d140c4-c5b9-4ca1-9d5f-26934f1d682f","local_time":"20181218234944","is_ascension_mode":true,"campfire_choices":[{"data":"Biased Cognition","floor":6,"key":"SMITH"},{"data":"Dualcast","floor":8,"key":"SMITH"},{"floor":12,"key":"REST"},{"floor":15,"key":"REST"},{"floor":23,"key":"REST"},{"data":"Ghostly","floor":25,"key":"SMITH"},{"floor":30,"key":"RECALL"},{"floor":32,"key":"REST"},{"data":"Ghostly","floor":40,"key":"SMITH"},{"data":"Ghostly","floor":42,"key":"SMITH"}],"neow_cost":"TEN_PERCENT_HP_LOSS","seed_source_timestamp":300539693770100,"circlet_count":0,"master_deck":["AscendersBane","Strike_B+1","Strike_B+1","Strike_B+1","Strike_B+1","Defend_B+1","Defend_B+1","Defend_B+1","Defend_B+1","Zap+1","Dualcast+1","Biased Cognition+1","Blizzard+1","Cold Snap+1","Capacitor","BootSequence+1","Storm","Steam","Redo","Core Surge","Consume","Coolheaded","Conserve Battery","Defragment","Compile Driver+1","Heatsinks+1","Genetic Algorithm","Ghostly+1","Ghostly","Ghostly","Ghostly+1","Ghostly+1","Sunder+1","Coolheaded","Steam+1","Steam","Echo Form","Conserve Battery","Turbo+1","Ball Lightning","Turbo","Secret Technique","Conserve Battery","Glacier+1"],"relics":["Cracked Core","DataDisk","Blood Vial","War Paint","Orrery","Prayer Wheel","Whetstone","Centennial Puzzle","Inserter","Art of War"],"potions_floor_usage":[29,31,33,39,44],"damage_taken":[{"damage":12,"enemies":"Jaw Worm","floor":1,"turns":3},{"damage":4,"enemies":"2 Louse","floor":3,"turns":3},{"damage":0,"enemies":"Small Slimes","floor":4,"turns":2},{"damage":11,"enemies":"Lagavulin","floor":7,"turns":6},{"damage":2,"enemies":"2 Fungi Beasts","floor":10,"turns":3},{"damage":15,"enemies":"3 Sentries","floor":13,"turns":5},{"damage":5,"enemies":"Looter","floor":14,"turns":3},{"damage":36,"enemies":"The Guardian","floor":16,"turns":12},{"damage":12,"enemies":"3 Byrds","floor":18,"turns":7},{"damage":9,"enemies":"Spheric Guardian","floor":19,"turns":5},{"damage":4,"enemies":"Shelled Parasite and Fungi","floor":20,"turns":12},{"damage":2,"enemies":"3 Cultists","floor":27,"turns":7},{"damage":10,"enemies":"Snake Plant","floor":29,"turns":6},{"damage":11,"enemies":"Shelled Parasite and Fungi","floor":31,"turns":7},{"damage":14,"enemies":"Champ","floor":33,"turns":16},{"damage":9,"enemies":"3 Darklings","floor":35,"turns":8},{"damage":0,"enemies":"3 Shapes","floor":36,"turns":6},{"damage":0,"enemies":"Spire Growth","floor":39,"turns":6},{"damage":0,"enemies":"Maw","floor":41,"turns":10},{"damage":33,"enemies":"Nemesis","floor":44,"turns":2}],"seed_played":"4678853879256333098","potions_obtained":[{"floor":1,"key":"FearPotion"},{"floor":4,"key":"FearPotion"},{"floor":10,"key":"Energy Potion"},{"floor":18,"key":"LiquidBronze"},{"floor":31,"key":"FocusPotion"},{"floor":35,"key":"AttackPotion"},{"floor":36,"key":"FocusPotion"}],"is_trial":false,"path_per_floor":["M","?","M","M","T","R","E","R","T","M","?","R","E","M","R","B",null,"M","M","M","?","?","R","?","R","T","M","T","M","R","M","R","B",null,"M","M","?","?","M","R","M","R","T","E"],"character_chosen":"DEFECT","items_purchased":[],"campfire_rested":4,"item_purchase_floors":[],"current_hp_per_floor":[56,56,52,52,52,52,41,41,41,41,30,50,37,34,54,20,56,46,39,37,37,37,57,34,34,34,32,32,24,24,15,25,13,29,22,24,24,24,26,26,28,28,28,0],"gold":831,"neow_bonus":"THREE_RARE_CARDS","is_prod":false,"is_daily":false,"chose_seed":false,"campfire_upgraded":5,"win_rate":0,"timestamp":1545194984,"path_taken":["M","?","M","M","?","R","E","R","T","M","?","R","E","M","R","BOSS","M","M","M","?","?","R","?","R","T","M","?","M","R","M","R","BOSS","M","M","?","?","M","R","M","R","T","E"],"build_version":"2018-12-17","purchased_purges":0,"victory":false,"max_hp_per_floor":[68,68,68,68,68,68,68,68,68,68,68,68,68,68,68,68,68,68,68,68,68,68,68,34,34,34,34,34,34,34,34,34,34,34,34,34,34,34,34,34,34,34,34,34],"card_choices":[{"not_picked":["All For One","Machine Learning"],"picked":"Biased Cognition","floor":0},{"not_picked":["Fusion","Gash"],"picked":"Blizzard","floor":1},{"not_picked":["Compile Driver","Stack"],"picked":"Cold Snap","floor":3},{"not_picked":["Force Field","Cold Snap"],"picked":"Capacitor","floor":4},{"not_picked":["Redo","Recycle"],"picked":"BootSequence","floor":7},{"not_picked":["White Noise","BootSequence"],"picked":"Storm","floor":10},{"not_picked":["Streamline","Cold Snap"],"picked":"Steam","floor":13},{"not_picked":["Meteor Strike","Barrage"],"picked":"Redo","floor":14},{"not_picked":["Fission","Thunder Strike"],"picked":"Core Surge","floor":16},{"not_picked":["Turbo","Skim"],"picked":"Consume","floor":17},{"not_picked":["Conserve Battery","Gash"],"picked":"Coolheaded","floor":17},{"not_picked":["Barrage","Stack"],"picked":"Conserve Battery","floor":17},{"not_picked":["Hello World","Glacier"],"picked":"Defragment","floor":17},{"not_picked":["Coolheaded","Turbo"],"picked":"Compile Driver+1","floor":18},{"not_picked":["Barrage+1","Force Field"],"picked":"Heatsinks+1","floor":19},{"not_picked":["Chaos","Fusion+1"],"picked":"Genetic Algorithm","floor":20},{"not_picked":["Go for the Eyes","Chaos"],"picked":"Sunder+1","floor":27},{"not_picked":["Barrage+1","Darkness","Beam Cell+1"],"picked":"SKIP","floor":27},{"not_picked":["Sunder","Rebound"],"picked":"Coolheaded","floor":29},{"not_picked":["Streamline","Compile Driver","Leap"],"picked":"SKIP","floor":29},{"not_picked":["Leap+1","Go for the Eyes"],"picked":"Steam+1","floor":31},{"not_picked":["Streamline","Rainbow"],"picked":"Steam","floor":31},{"not_picked":["Hyperbeam","Buffer"],"picked":"Echo Form","floor":33},{"not_picked":["Darkness","Genetic Algorithm+1"],"picked":"Conserve Battery","floor":35},{"not_picked":["Hologram","Go for the Eyes+1"],"picked":"Turbo+1","floor":35},{"not_picked":["Go for the Eyes","Compile Driver+1"],"picked":"Ball Lightning","floor":36},{"not_picked":["Beam Cell","Sweeping Beam+1"],"picked":"Turbo","floor":36},{"not_picked":["Deep Breath","Good Instincts"],"picked":"Secret Technique","floor":37},{"not_picked":["Darkness+1","Rip and Tear"],"picked":"Conserve Battery","floor":39},{"not_picked":["Streamline","Stack+1"],"picked":"Glacier+1","floor":39},{"not_picked":["Leap","Rebound","Darkness+1"],"picked":"SKIP","floor":41},{"not_picked":["Ball Lightning","Cold Snap","Steam Power+1"],"picked":"SKIP","floor":41}],"player_experience":1015650,"relics_obtained":[{"floor":5,"key":"DataDisk"},{"floor":7,"key":"Blood Vial"},{"floor":13,"key":"War Paint"},{"floor":26,"key":"Whetstone"},{"floor":28,"key":"Centennial Puzzle"},{"floor":43,"key":"Art of War"}],"event_choices":[{"damage_healed":0,"gold_gain":0,"player_choice":"Grow","damage_taken":0,"max_hp_gain":0,"max_hp_loss":0,"event_name":"Living Wall","floor":2,"gold_loss":0,"cards_upgraded":["Zap"]},{"damage_healed":0,"gold_gain":75,"player_choice":"Gather Gold","damage_taken":11,"max_hp_gain":0,"max_hp_loss":0,"event_name":"World of Goop","floor":11,"gold_loss":0},{"damage_healed":0,"gold_gain":0,"player_choice":"Opened","damage_taken":0,"relics_obtained":["Prayer Wheel"],"max_hp_gain":0,"max_hp_loss":0,"event_name":"The Mausoleum","floor":21,"gold_loss":0,"cards_obtained":["Writhe"]},{"damage_healed":0,"gold_gain":0,"player_choice":"Simplicity","damage_taken":0,"max_hp_gain":0,"max_hp_loss":0,"event_name":"Back to Basics","floor":22,"gold_loss":0,"cards_upgraded":["Strike_B","Strike_B","Strike_B","Strike_B","Defend_B","Defend_B","Defend_B"]},{"damage_healed":0,"gold_gain":0,"player_choice":"Became a Ghost","damage_taken":0,"max_hp_gain":0,"max_hp_loss":34,"event_name":"Ghosts","floor":24,"gold_loss":0,"cards_obtained":["Ghostly","Ghostly","Ghostly","Ghostly","Ghostly"]},{"damage_healed":0,"gold_gain":0,"player_choice":"Memory 1","damage_taken":0,"max_hp_gain":0,"max_hp_loss":0,"event_name":"SensoryStone","floor":37,"gold_loss":0},{"cards_removed":["Writhe"],"damage_healed":0,"gold_gain":0,"player_choice":"Purged","damage_taken":0,"max_hp_gain":0,"max_hp_loss":0,"event_name":"Purifier","floor":38,"gold_loss":0}],"is_beta":true,"boss_relics":[{"not_picked":["Philosopher\u0027s Stone","White Beast Statue"],"picked":"Orrery"},{"not_picked":["Runic Dome","Tiny House"],"picked":"Inserter"}],"items_purged_floors":[],"is_endless":false,"potions_floor_spawned":[1,4,10,13,18,19,27,31,35,36],"killed_by":"Nemesis","ascension_level":11}