{"path_per_floor":["M","$","?","M","M","R","M","M","T","M","R","$","M","?","R","B",null,"M","$","?","$","?","R","M","M","T","?","M"],"character_chosen":"THE_SILENT","items_purchased":["Dagger Throw","Infinite Blades","Backflip"],"gold_per_floor":[111,12,12,26,46,46,60,76,101,114,114,74,92,92,92,189,189,208,162,162,62,62,62,82,93,93,93,112],"floor_reached":29,"campfire_rested":3,"playtime":2673,"current_hp_per_floor":[69,69,74,71,71,71,63,53,53,46,68,68,67,52,74,39,75,53,53,39,39,39,63,40,3,3,3,14],"items_purged":["Defend_G","Strike_G"],"gold":112,"score":243,"play_id":"5ef38d68-67b2-4bfe-9b7f-118c9d7750f6","is_prod":false,"is_daily":false,"is_ascension_mode":false,"campfire_upgraded":1,"path_taken":["M","$","?","?","M","R","M","M","T","M","R","$","M","?","R","BOSS","M","$","?","$","?","R","M","M","T","?","M","M"],"build_version":"2018-02-22-PROD2","purchased_purges":2,"victory":false,"master_deck":["Defend_G+1","Defend_G","Defend_G","Defend_G","Survivor","Neutralize+1","Flying Knee","Dagger Throw+1","Heel Hook","Escape Plan","Footwork","Finisher","Skewer","Infinite Blades","Sucker Punch","Burst","Quick Slash","Backflip","Endless Agony","Noxious Fumes","Bite","Bite","Bite","Bite","Bite","Footwork+1"],"max_hp_per_floor":[70,70,75,75,75,75,75,75,75,75,75,75,75,75,75,75,75,75,75,80,80,80,80,80,80,80,80,80],"relics":["Ring of the Snake","Orichalcum","Lizard Tail"],"card_choices":[{"not_picked":["Endless Agony","Calculated Gamble"],"picked":"Flying Knee"},{"not_picked":["Flechettes","Predator"],"picked":"Heel Hook"},{"not_picked":["Expertise","Backstab"],"picked":"Escape Plan"},{"not_picked":["Dagger Spray","Flechettes"],"picked":"Footwork"},{"not_picked":["Endless Agony","Slice"],"picked":"Finisher"},{"not_picked":["Poisoned Stab","A Thousand Cuts"],"picked":"Skewer"},{"not_picked":["Distraction","Outmaneuver"],"picked":"Sucker Punch"},{"not_picked":["Tools of the Trade","Night Terror"],"picked":"Burst"},{"not_picked":["PiercingWail","Noxious Fumes"],"picked":"Quick Slash"},{"not_picked":["Deadly Poison","Slice"],"picked":"Endless Agony"},{"not_picked":["Catalyst","PiercingWail"],"picked":"Noxious Fumes"},{"not_picked":["Masterful Stab","Setup"],"picked":"Footwork"}],"player_experience":217324,"potions_floor_usage":[16,16,28,28,28],"damage_taken":[{"damage":1,"enemies":"Jaw Worm","floor":1,"turns":6},{"damage":3,"enemies":"Cultist","floor":4,"turns":5},{"damage":0,"enemies":"Small Slimes","floor":5,"turns":3},{"damage":8,"enemies":"Exordium Wildlife","floor":7,"turns":4},{"damage":10,"enemies":"3 Louse","floor":8,"turns":5},{"damage":7,"enemies":"Exordium Thugs","floor":10,"turns":6},{"damage":1,"enemies":"Large Slime","floor":13,"turns":7},{"damage":35,"enemies":"Hexaghost","floor":16,"turns":12},{"damage":22,"enemies":"Spheric Guardian","floor":18,"turns":8},{"damage":65,"enemies":"3 Byrds","floor":24,"turns":12},{"damage":37,"enemies":"Sentry and Sphere","floor":25,"turns":8},{"damage":26,"enemies":"Snake Plant","floor":28,"turns":9},{"damage":31,"enemies":"3 Cultists","floor":29,"turns":4}],"event_choices":[{"event_name":"Big Fish","player_choice":"Donut","floor":3,"damage_taken":0},{"event_name":"Shining Light","player_choice":"Entered Light","floor":14,"damage_taken":0},{"event_name":"Forgotten Altar","player_choice":"Shed Blood","floor":20,"damage_taken":0},{"event_name":"Addict","player_choice":"Ignored","floor":22,"damage_taken":0},{"event_name":"Vampires","player_choice":"Became a vampire (Vial)","floor":27,"damage_taken":0}],"boss_relics":[{"not_picked":["Eternal Feather","White Beast Statue"],"picked":"Lizard Tail"}],"potions_floor_spawned":[1,5,13,18,25],"seed_played":"4326679818301590282","killed_by":"3 Cultists","ascension_level":0,"is_trial":false}