{"gold_per_floor":[115,115,134,134,146,176,176,187,214,214,214,214,233,248,248,349,349,339,401,251,301,369,369,32,32,103,153,163,163],"floor_reached":29,"playtime":964,"items_purged":[],"score":326,"play_id":"65b6bfe5-a413-401e-96f8-53b38f9e9b34","local_time":"20180717201412","is_ascension_mode":true,"campfire_choices":[{"floor":7,"key":"REST"},{"data":"Armaments","floor":10,"key":"SMITH"},{"data":"Bash","floor":12,"key":"SMITH"},{"data":"Demon Form","floor":15,"key":"SMITH"},{"floor":23,"key":"REST"},{"floor":25,"key":"REST"}],"neow_cost":"NONE","seed_source_timestamp":2848492216831532,"circlet_count":0,"master_deck":["Strike_R+1","Strike_R+1","Strike_R","Defend_R+1","Defend_R","Defend_R","Defend_R","Bash+1","Pommel Strike","Armaments+1","Clothesline","Whirlwind+1","Demon Form+1","Metallicize","Anger","Barricade","Feel No Pain","Flame Barrier+1","Corruption","Power Through","Shrug It Off","Feel No Pain","Body Slam","Seeing Red","Headbutt"],"relics":["Burning Blood","NeowsBlessing","Whetstone","Ancient Tea Set","SsserpentHead","Fusion Hammer","Vajra","Pantograph","Enchiridion"],"potions_floor_usage":[14,16,18,19,29],"damage_taken":[{"damage":0,"enemies":"Small Slimes","floor":1,"turns":1},{"damage":0,"enemies":"Cultist","floor":3,"turns":1},{"damage":0,"enemies":"2 Louse","floor":5,"turns":1},{"damage":39,"enemies":"3 Sentries","floor":6,"turns":7},{"damage":9,"enemies":"Red Slaver","floor":8,"turns":4},{"damage":0,"enemies":"2 Fungi Beasts","floor":13,"turns":1},{"damage":11,"enemies":"Looter","floor":14,"turns":3},{"damage":21,"enemies":"Hexaghost","floor":16,"turns":7},{"damage":22,"enemies":"2 Thieves","floor":18,"turns":4},{"damage":12,"enemies":"Chosen","floor":19,"turns":5},{"damage":47,"enemies":"Sentry and Sphere","floor":22,"turns":9},{"damage":28,"enemies":"Slaver and Parasite","floor":28,"turns":7},{"damage":29,"enemies":"Book of Stabbing","floor":29,"turns":6}],"seed_played":"-933008416917829838","potions_obtained":[{"floor":1,"key":"Weak Potion"},{"floor":6,"key":"Weak Potion"},{"floor":13,"key":"BloodPotion"},{"floor":16,"key":"EssenceOfSteel"},{"floor":28,"key":"SkillPotion"}],"is_trial":false,"path_per_floor":["M","?","M","?","M","E","R","M","T","R","?","R","M","M","R","B",null,"M","M","$","?","M","R","$","R","T","?","M"],"character_chosen":"IRONCLAD","items_purchased":["Corruption","Power Through","Shrug It Off","Feel No Pain","Body Slam","Vajra","Seeing Red"],"campfire_rested":3,"item_purchase_floors":[20,20,24,24,24,24,24],"current_hp_per_floor":[78,78,80,64,70,37,61,58,58,58,58,58,64,59,59,44,71,55,57,57,57,16,40,40,64,64,48,26,0],"gold":163,"neow_bonus":"THREE_ENEMY_KILL","is_prod":false,"is_daily":false,"chose_seed":false,"campfire_upgraded":3,"win_rate":0,"timestamp":1531872852,"path_taken":["M","?","?","?","M","E","R","M","T","R","?","R","M","M","R","BOSS","M","?","$","?","?","R","?","R","T","?","M","E"],"build_version":"2018-07-16","purchased_purges":0,"victory":false,"max_hp_per_floor":[80,80,80,80,80,80,80,80,80,80,80,80,80,80,80,80,80,80,80,80,80,80,80,80,80,80,80,80,80],"card_choices":[{"not_picked":["Dual Wield","Havoc"],"picked":"Pommel Strike","floor":1},{"not_picked":["Ghostly Armor","Sword Boomerang"],"picked":"Clothesline","floor":3},{"not_picked":["Anger","Dual Wield"],"picked":"Whirlwind","floor":5},{"not_picked":["Perfected Strike","Wild Strike"],"picked":"Demon Form","floor":6},{"not_picked":["Warcry","Thunderclap","Wild Strike"],"picked":"SKIP","floor":8},{"not_picked":["Cleave","Flex"],"picked":"Metallicize","floor":13},{"not_picked":["Clash","Bloodletting"],"picked":"Anger","floor":14},{"not_picked":["Fiend Fire","Double Tap"],"picked":"Barricade","floor":16},{"not_picked":["Body Slam","Searing Blow+1"],"picked":"Feel No Pain","floor":18},{"not_picked":["Clothesline+1","Rupture"],"picked":"Flame Barrier+1","floor":19},{"not_picked":["Perfected Strike","Clash+1","Corruption"],"picked":"SKIP","floor":22},{"not_picked":["Bloodletting","Clothesline+1"],"picked":"Headbutt","floor":28}],"player_experience":582681,"relics_obtained":[{"floor":6,"key":"Whetstone"},{"floor":9,"key":"Ancient Tea Set"},{"floor":26,"key":"Pantograph"},{"floor":27,"key":"Enchiridion"}],"event_choices":[{"event_name":"Transmorgrifier","player_choice":"Transform","floor":2,"damage_taken":0},{"event_name":"Shining Light","player_choice":"Entered Light","floor":4,"damage_taken":0},{"event_name":"FaceTrader","player_choice":"Trade","floor":11,"damage_taken":0},{"event_name":"Bonfire Elementals","player_choice":"BASIC","floor":21,"damage_taken":0},{"event_name":"Cursed Tome","player_choice":"Obtained Book","floor":27,"damage_taken":0}],"boss_relics":[{"not_picked":["Ectoplasm","Busted Crown"],"picked":"Fusion Hammer"}],"items_purged_floors":[],"is_endless":false,"potions_floor_spawned":[1,6,13,16,28],"killed_by":"Book of Stabbing","ascension_level":9}