{"path_per_floor":["M","?","?","$","?","R","E","M","T","R","?","M","M","?","R","B",null,"M","$","M","M","M","R","E","M","T","M","R","M","M","E","R"],"character_chosen":"IRONCLAD","items_purchased":["True Grit","Gremlin Horn","Swift Strike"],"gold_per_floor":[111,111,175,125,125,125,154,172,172,172,172,192,204,279,279,374,374,386,42,60,74,85,85,120,139,139,156,156,167,184,212,212,212],"floor_reached":33,"campfire_rested":3,"playtime":1228,"current_hp_per_floor":[80,68,68,68,68,68,42,42,42,42,47,55,62,51,76,49,76,77,77,71,65,62,62,59,58,58,58,83,82,75,59,84,0],"items_purged":[],"gold":212,"score":361,"play_id":"045b31fe-9740-4aef-a821-d24f02592788","local_time":"20180324030437","is_prod":false,"is_daily":false,"is_ascension_mode":true,"campfire_upgraded":3,"timestamp":1521875077,"path_taken":["M","?","?","$","?","R","E","M","T","R","?","M","?","?","R","BOSS","M","$","M","M","M","R","E","M","T","M","R","M","M","E","R","BOSS"],"build_version":"2018-03-22v2","purchased_purges":0,"victory":false,"master_deck":["Strike_R","Strike_R","Strike_R","Strike_R","Strike_R","Defend_R","Defend_R","Defend_R","Defend_R","Bash","Wild Strike+1","True Grit+1","Injury","Whirlwind+1","Twin Strike","Flex","Berserk","Limit Break+1","Inflame","Swift Strike","Anger","Rampage+1","Battle Trance","Wild Strike","Shrug It Off","Wild Strike","Whirlwind","Rage"],"max_hp_per_floor":[80,80,80,80,80,80,80,80,80,80,85,85,85,85,85,85,85,85,85,85,85,85,85,85,85,85,85,85,85,85,85,85,85],"relics":["Burning Blood","Centennial Puzzle","Blood Vial","Meat on the Bone","Velvet Choker","Gremlin Horn","Vajra","Bronze Scales","Anchor"],"card_choices":[{"not_picked":["Twin Strike","True Grit"],"picked":"Wild Strike","floor":1},{"not_picked":["Combust","Twin Strike"],"picked":"Whirlwind","floor":7},{"not_picked":["Pummel","Havoc"],"picked":"Twin Strike","floor":8},{"not_picked":["Sever Soul","Fire Breathing"],"picked":"Flex","floor":12},{"not_picked":["Clash","Perfected Strike"],"picked":"Berserk","floor":13},{"not_picked":["Dark Embrace","Brutality"],"picked":"Limit Break","floor":16},{"not_picked":["Disarm","Clash"],"picked":"Inflame","floor":18},{"not_picked":["Body Slam","Rupture"],"picked":"Anger","floor":20},{"not_picked":["Armaments","Sentinel"],"picked":"Rampage","floor":21},{"not_picked":["Metallicize","Warcry"],"picked":"Battle Trance","floor":22},{"not_picked":["Disarm","Searing Blow"],"picked":"Wild Strike","floor":24},{"not_picked":["Pommel Strike","Warcry"],"picked":"Shrug It Off","floor":27},{"not_picked":["Blood for Blood","Sentinel"],"picked":"Wild Strike","floor":29},{"not_picked":["Infernal Blade","Entrench"],"picked":"Whirlwind","floor":30},{"not_picked":["Hemokinesis","Armaments"],"picked":"Rage","floor":31}],"player_experience":670879,"potions_floor_usage":[16,16,20,22,27,31,31,33],"damage_taken":[{"damage":4,"enemies":"Small Slimes","floor":1,"turns":3},{"damage":32,"enemies":"Gremlin Nob","floor":7,"turns":4},{"damage":8,"enemies":"2 Louse","floor":8,"turns":2},{"damage":0,"enemies":"Cultist","floor":12,"turns":2},{"damage":1,"enemies":"Looter","floor":13,"turns":2},{"damage":35,"enemies":"Slime Boss","floor":16,"turns":9},{"damage":7,"enemies":"3 Byrds","floor":18,"turns":5},{"damage":14,"enemies":"2 Thieves","floor":20,"turns":4},{"damage":14,"enemies":"Centurion and Healer","floor":21,"turns":5},{"damage":11,"enemies":"Snecko","floor":22,"turns":4},{"damage":23,"enemies":"Gremlin Leader","floor":24,"turns":6},{"damage":21,"enemies":"Snake Plant","floor":25,"turns":3},{"damage":8,"enemies":"3 Cultists","floor":27,"turns":4},{"damage":9,"enemies":"Centurion and Healer","floor":29,"turns":5},{"damage":15,"enemies":"Slaver and Parasite","floor":30,"turns":3},{"damage":36,"enemies":"Book of Stabbing","floor":31,"turns":4},{"damage":87,"enemies":"Collector","floor":33,"turns":7}],"event_choices":[{"event_name":"Scrap Ooze","player_choice":"success","floor":2,"damage_taken":12},{"event_name":"Golden Wing","player_choice":"Gained Gold","floor":3,"damage_taken":0},{"event_name":"Accursed Blacksmith","player_choice":"Forge","floor":5,"damage_taken":0},{"event_name":"Big Fish","player_choice":"Donut","floor":11,"damage_taken":0},{"event_name":"World of Goop","player_choice":"Gather Gold","floor":14,"damage_taken":0}],"boss_relics":[{"not_picked":["Black Blood","Tiny House"],"picked":"Velvet Choker"}],"potions_floor_spawned":[12,13,18,21,24,29,30,31],"seed_played":"-893838112988963806","killed_by":"Collector","ascension_level":5,"is_trial":false}