{"gold_per_floor":[115,115,132,132,147,147,157,172,217,53,81,81,101,115,115,211,211,226,243,342,361,376,376,376,376],"floor_reached":25,"playtime":826,"items_purged":[],"score":311,"play_id":"9bb8bc27-939d-4a5a-9158-78e51d8bae7d","local_time":"20180804190053","is_ascension_mode":true,"campfire_choices":[{"data":"Bash","floor":6,"key":"SMITH"},{"data":"Spot Weakness","floor":12,"key":"SMITH"},{"data":"Metallicize","floor":15,"key":"SMITH"},{"floor":23,"key":"REST"}],"neow_cost":"","seed_source_timestamp":1236352812421101,"circlet_count":0,"master_deck":["Strike_R","Strike_R","Strike_R","Strike_R","Strike_R","Defend_R","Defend_R","Defend_R","Defend_R","Bash+1","AscendersBane","Carnage","Clothesline","Clash","Feel No Pain","Spot Weakness+1","Shrug It Off","Carnage","Metallicize+1","Shrug It Off","Hemokinesis","Limit Break+1","Headbutt","Corruption","Disarm+1"],"relics":["Burning Blood","Red Skull","Pantograph","Lizard Tail"],"potions_floor_usage":[11,11,16,16,22,22],"damage_taken":[{"damage":0,"enemies":"Small Slimes","floor":1,"turns":3},{"damage":0,"enemies":"Cultist","floor":3,"turns":2},{"damage":0,"enemies":"2 Louse","floor":5,"turns":2},{"damage":7,"enemies":"Looter","floor":7,"turns":3},{"damage":5,"enemies":"3 Louse","floor":8,"turns":4},{"damage":26,"enemies":"Lagavulin","floor":11,"turns":6},{"damage":5,"enemies":"Blue Slaver","floor":13,"turns":4},{"damage":13,"enemies":"Exordium Wildlife","floor":14,"turns":4},{"damage":75,"enemies":"Hexaghost","floor":16,"turns":12},{"damage":32,"enemies":"Spheric Guardian","floor":18,"turns":5},{"damage":4,"enemies":"Chosen","floor":19,"turns":4},{"damage":67,"enemies":"3 Cultists","floor":21,"turns":7},{"damage":25,"enemies":"Snake Plant","floor":22,"turns":5},{"damage":32,"enemies":"Slavers","floor":25,"turns":2}],"seed_played":"174890903386503892","potions_obtained":[{"floor":1,"key":"Weak Potion"},{"floor":2,"key":"Block Potion"},{"floor":2,"key":"BloodPotion"},{"floor":3,"key":"LiquidBronze"},{"floor":11,"key":"SteroidPotion"},{"floor":16,"key":"Weak Potion"},{"floor":21,"key":"BloodPotion"}],"is_trial":false,"path_per_floor":["M","?","M","?","M","R","M","M","T","$","E","R","M","M","R","B",null,"M","M","?","M","M","R","?"],"character_chosen":"IRONCLAD","items_purchased":["Shrug It Off","Carnage","Metallicize"],"campfire_rested":1,"item_purchase_floors":[10,10,10],"current_hp_per_floor":[78,78,80,80,80,80,79,80,80,80,60,60,61,54,54,10,63,37,39,39,19,8,32,32,0],"gold":376,"neow_bonus":"","is_prod":false,"is_daily":false,"chose_seed":false,"campfire_upgraded":3,"win_rate":0,"timestamp":1533423653,"path_taken":["M","?","M","?","M","R","M","M","T","?","E","R","M","M","R","BOSS","M","?","?","M","M","R","?","E"],"build_version":"2018-08-01","purchased_purges":0,"victory":false,"max_hp_per_floor":[80,80,80,80,80,80,80,80,80,80,80,80,80,80,80,80,80,80,80,80,80,80,80,80,80],"card_choices":[{"not_picked":["Blood for Blood","Entrench"],"picked":"Carnage","floor":1},{"not_picked":["Flex","Sword Boomerang"],"picked":"Clothesline","floor":3},{"not_picked":["Searing Blow","Dual Wield"],"picked":"Clash","floor":5},{"not_picked":["Wild Strike","Pommel Strike"],"picked":"Feel No Pain","floor":7},{"not_picked":["Rampage","Flex"],"picked":"Spot Weakness","floor":8},{"not_picked":["Bloodletting","Entrench","Havoc"],"picked":"SKIP","floor":11},{"not_picked":["Reckless Charge","Blood for Blood"],"picked":"Shrug It Off","floor":13},{"not_picked":["Havoc","Sentinel"],"picked":"Hemokinesis","floor":14},{"not_picked":["Barricade","Offering"],"picked":"Limit Break","floor":16},{"not_picked":["Wild Strike","Clothesline"],"picked":"Headbutt","floor":18},{"not_picked":["Pommel Strike","Twin Strike"],"picked":"Corruption","floor":19},{"not_picked":["Infernal Blade","Iron Wave"],"picked":"Disarm+1","floor":21},{"not_picked":["Sever Soul+1","Wild Strike","Headbutt"],"picked":"SKIP","floor":22}],"player_experience":716198,"relics_obtained":[{"floor":9,"key":"Red Skull"},{"floor":11,"key":"Pantograph"}],"event_choices":[{"event_name":"The Lab","player_choice":"Got Potions","floor":2,"damage_taken":0},{"event_name":"Liars Game","player_choice":"disagreed","floor":4,"damage_taken":0},{"event_name":"Nest","player_choice":"Stole From Cult","floor":20,"damage_taken":0},{"event_name":"Upgrade Shrine","player_choice":"Upgraded","floor":24,"damage_taken":0}],"is_beta":true,"boss_relics":[{"not_picked":["Runic Cube","Calling Bell"],"picked":"Lizard Tail"}],"items_purged_floors":[],"is_endless":false,"potions_floor_spawned":[1,3,11,16,21],"killed_by":"Slavers","ascension_level":10}