{"gold_per_floor":[142,156,176,186,186,186,518,535,609,609,626,626,626,637,637,739,739,739,739,120,60,60,60,60,60,60,60,60,60,4,4,4,4,4,4,4,4,4,4,4,4,4,4,4,4,4,4,4,4,4],"floor_reached":50,"playtime":2607,"items_purged":["Strike_B"],"score":829,"play_id":"08c11bc4-15f2-44fe-807f-6cb300c8010b","local_time":"20181219004035","is_ascension_mode":true,"campfire_choices":[{"floor":6,"key":"REST"},{"floor":10,"key":"REST"},{"floor":12,"key":"REST"},{"data":"Zap","floor":15,"key":"SMITH"},{"floor":29,"key":"REST"},{"floor":32,"key":"REST"},{"floor":40,"key":"REST"},{"floor":42,"key":"REST"},{"floor":45,"key":"RECALL"},{"data":"Defragment","floor":47,"key":"SMITH"},{"floor":49,"key":"REST"}],"neow_cost":"NONE","seed_source_timestamp":303237857458708,"circlet_count":0,"master_deck":["AscendersBane","Defend_B","Defend_B","Defend_B","Defend_B","Zap+1","Dualcast","Gash+1","Hologram","Conserve Battery","Coolheaded","All For One","Ball Lightning","Undo","Doom and Gloom","Seek+1","Turbo","Necronomicurse","Scrape","Hologram","Flash of Steel","Loop","FTL","Decay","Aggregate","White Noise","Coolheaded","Redo","Reboot","Hello World+1","Turbo+1","Chaos+1","Auto Shields+1","Stack","Skim+1","Multi-Cast","Defragment+1","Double Energy+1","Reboot"],"relics":["Cracked Core","Tiny Chest","Gremlin Horn","Old Coin","Mummified Hand","Ectoplasm","Necronomicon","Regal Pillow","Membership Card","Happy Flower","MutagenicStrength","Juzu Bracelet","Whetstone","Sundial","Astrolabe","Pocketwatch","Molten Egg 2","Oddly Smooth Stone"],"potions_floor_usage":[7,8,16,21,24,27,28,33,37,44,50],"damage_taken":[{"damage":13,"enemies":"Jaw Worm","floor":1,"turns":4},{"damage":4,"enemies":"2 Louse","floor":2,"turns":2},{"damage":5,"enemies":"Small Slimes","floor":3,"turns":3},{"damage":9,"enemies":"Looter","floor":4,"turns":3},{"damage":29,"enemies":"Lagavulin","floor":7,"turns":8},{"damage":2,"enemies":"Exordium Thugs","floor":8,"turns":4},{"damage":19,"enemies":"Lots of Slimes","floor":11,"turns":4},{"damage":1,"enemies":"Blue Slaver","floor":14,"turns":4},{"damage":69,"enemies":"Slime Boss","floor":16,"turns":10},{"damage":0,"enemies":"Chosen","floor":18,"turns":4},{"damage":5,"enemies":"2 Thieves","floor":21,"turns":4},{"damage":26,"enemies":"Book of Stabbing","floor":23,"turns":4},{"damage":2,"enemies":"Centurion and Healer","floor":24,"turns":4},{"damage":0,"enemies":"Cultist and Chosen","floor":27,"turns":3},{"damage":2,"enemies":"Shelled Parasite and Fungi","floor":31,"turns":3},{"damage":69,"enemies":"Collector","floor":33,"turns":9},{"damage":2,"enemies":"Orb Walker","floor":35,"turns":3},{"damage":33,"enemies":"2 Orb Walkers","floor":37,"turns":4},{"damage":0,"enemies":"3 Shapes","floor":38,"turns":4},{"damage":17,"enemies":"Reptomancer","floor":41,"turns":7},{"damage":13,"enemies":"3 Darklings","floor":44,"turns":4},{"damage":7,"enemies":"4 Shapes","floor":46,"turns":3},{"damage":0,"enemies":"Maw","floor":48,"turns":4},{"damage":81,"enemies":"Donu and Deca","floor":50,"turns":11}],"seed_played":"-893425533641647036","potions_obtained":[{"floor":1,"key":"Poison Potion"},{"floor":2,"key":"EssenceOfSteel"},{"floor":3,"key":"PowerPotion"},{"floor":8,"key":"Dexterity Potion"},{"floor":11,"key":"AttackPotion"},{"floor":16,"key":"SpeedPotion"},{"floor":21,"key":"SneckoOil"},{"floor":27,"key":"Fruit Juice"},{"floor":31,"key":"Fire Potion"},{"floor":33,"key":"Block Potion"},{"floor":37,"key":"Weak Potion"},{"floor":41,"key":"LiquidBronze"},{"floor":44,"key":"SteroidPotion"}],"is_trial":false,"path_per_floor":["M","M","M","M","?","R","E","M","T","R","M","R","?","M","R","B",null,"M","?","$","M","?","E","M","?","T","M","T","R","?","M","R","B",null,"M","$","?","M","?","R","E","R","T","M","R","M","R","M","R","B"],"character_chosen":"DEFECT","items_purchased":["Regal Pillow","Scrape","Hologram","Flash of Steel","Membership Card","Loop"],"campfire_rested":8,"item_purchase_floors":[20,20,20,20,20,20],"current_hp_per_floor":[55,51,46,37,30,52,23,21,21,43,24,46,71,70,70,1,57,57,41,41,36,36,10,8,8,8,8,13,52,52,50,80,11,63,61,61,28,28,28,67,50,80,80,67,67,60,60,60,80,0],"gold":4,"neow_bonus":"RANDOM_COMMON_RELIC","is_prod":false,"is_daily":false,"chose_seed":false,"campfire_upgraded":2,"win_rate":0,"timestamp":1545198035,"path_taken":["M","M","M","M","?","R","E","M","T","R","M","R","?","M","R","BOSS","M","?","$","M","?","E","M","?","T","M","?","R","?","M","R","BOSS","M","$","?","M","?","R","E","R","T","M","R","M","R","M","R","BOSS"],"build_version":"2018-12-17","purchased_purges":1,"victory":false,"max_hp_per_floor":[75,75,75,75,75,75,75,75,75,75,75,75,75,75,75,75,75,75,75,75,75,75,75,75,75,75,75,80,80,80,80,80,80,80,80,80,80,80,80,80,80,80,80,80,80,80,80,80,80,80],"card_choices":[{"not_picked":["Aggregate","Heatsinks"],"picked":"Gash","floor":1},{"not_picked":["Compile Driver","Rebound"],"picked":"Hologram","floor":2},{"not_picked":["Double Energy","Compile Driver"],"picked":"Conserve Battery","floor":3},{"not_picked":["Capacitor","Hologram"],"picked":"Coolheaded","floor":4},{"not_picked":["Rebound","Coolheaded"],"picked":"All For One","floor":7},{"not_picked":["Leap","Hologram"],"picked":"Ball Lightning","floor":8},{"not_picked":["Streamline","FTL"],"picked":"Undo","floor":11},{"not_picked":["Force Field","Tempest"],"picked":"Doom and Gloom","floor":14},{"not_picked":["Rainbow","Meteor Strike"],"picked":"Seek","floor":16},{"not_picked":["Stack","Rebound"],"picked":"Turbo","floor":18},{"not_picked":["Turbo","Storm"],"picked":"FTL","floor":21},{"not_picked":["Fusion+1","Undo"],"picked":"Aggregate","floor":23},{"not_picked":["Ball Lightning+1","Rip and Tear"],"picked":"White Noise","floor":24},{"not_picked":["Steam Power","Darkness"],"picked":"Coolheaded","floor":27},{"not_picked":["Hello World","Ball Lightning"],"picked":"Redo","floor":31},{"not_picked":["Amplify","Fission"],"picked":"Reboot","floor":33},{"not_picked":["Streamline+1","Chaos"],"picked":"Auto Shields+1","floor":35},{"not_picked":["Ball Lightning","Compile Driver"],"picked":"Stack","floor":37},{"not_picked":["Steam","Recycle+1"],"picked":"Skim+1","floor":38},{"not_picked":["Stack+1","Leap"],"picked":"Multi-Cast","floor":41},{"not_picked":["Coolheaded","FTL+1"],"picked":"Defragment","floor":44},{"not_picked":["Barrage+1","Melter+1"],"picked":"Double Energy+1","floor":46},{"not_picked":["Rebound+1","Conserve Battery"],"picked":"Reboot","floor":48}],"player_experience":1017906,"relics_obtained":[{"floor":7,"key":"Old Coin"},{"floor":9,"key":"Mummified Hand"},{"floor":19,"key":"Necronomicon"},{"floor":23,"key":"Happy Flower"},{"floor":26,"key":"Juzu Bracelet"},{"floor":28,"key":"Whetstone"},{"floor":37,"key":"Pocketwatch"},{"floor":41,"key":"Molten Egg 2"},{"floor":43,"key":"Oddly Smooth Stone"}],"event_choices":[{"damage_healed":0,"gold_gain":0,"player_choice":"Success","damage_taken":7,"relics_obtained":["Gremlin Horn"],"max_hp_gain":0,"max_hp_loss":0,"event_name":"Scrap Ooze","floor":5,"gold_loss":0},{"damage_healed":25,"gold_gain":0,"player_choice":"Banana","damage_taken":0,"max_hp_gain":0,"max_hp_loss":0,"event_name":"Big Fish","floor":13,"gold_loss":0},{"damage_healed":0,"gold_gain":0,"player_choice":"Obtained Book","damage_taken":16,"max_hp_gain":0,"max_hp_loss":0,"event_name":"Cursed Tome","floor":19,"gold_loss":0},{"damage_healed":0,"gold_gain":0,"player_choice":"Smashed Altar","damage_taken":0,"max_hp_gain":0,"max_hp_loss":0,"event_name":"Forgotten Altar","floor":22,"gold_loss":0,"cards_obtained":["Decay"]},{"damage_healed":0,"gold_gain":0,"player_choice":"Inject Mutagens","damage_taken":0,"relics_obtained":["MutagenicStrength"],"max_hp_gain":0,"max_hp_loss":0,"event_name":"Drug Dealer","floor":25,"gold_loss":0},{"damage_healed":0,"gold_gain":0,"player_choice":"Paid Gold","damage_taken":0,"relics_obtained":["Sundial"],"max_hp_gain":0,"max_hp_loss":0,"event_name":"WeMeetAgain","floor":30,"gold_loss":56},{"damage_healed":0,"gold_gain":0,"player_choice":"Fight","damage_taken":0,"max_hp_gain":0,"max_hp_loss":0,"event_name":"Mysterious Sphere","floor":37,"gold_loss":0},{"damage_healed":0,"gold_gain":0,"player_choice":"Forge","damage_taken":0,"max_hp_gain":0,"max_hp_loss":0,"event_name":"Accursed Blacksmith","floor":39,"gold_loss":0,"cards_upgraded":["Seek"]}],"is_beta":true,"boss_relics":[{"not_picked":["White Beast Statue","Pandora\u0027s Box"],"picked":"Ectoplasm"},{"not_picked":["FrozenCore","Lizard Tail"],"picked":"Astrolabe"}],"items_purged_floors":[20],"is_endless":false,"potions_floor_spawned":[1,2,3,8,11,16,21,27,31,33,37,41,44,48],"killed_by":"Donu and Deca","ascension_level":11}