{"path_per_floor":["M","M","?","M","?","E","R","M","T","M","R","M","$","?","R","B",null,"M","$","?","M","M","R","M","M","T","R","M","R","M","T","R","B",null,"M","$","M","$","M","R","M","?","T","M","R","?","R","$","R"],"character_chosen":"IRONCLAD","items_purchased":["Shrug It Off","Anchor","Apotheosis","Inflame","Whetstone"],"gold_per_floor":[113,132,307,318,393,450,450,464,516,527,527,539,92,92,92,195,195,135,97,97,114,126,126,138,155,155,155,171,171,189,214,214,316,316,329,86,106,106,121,121,140,140,165,182,182,0,0,0,0],"floor_reached":50,"campfire_rested":5,"playtime":3699,"current_hp_per_floor":[80,80,80,80,69,48,48,46,46,35,59,58,58,58,80,44,80,74,74,74,64,62,70,54,44,44,52,37,47,7,14,50,22,87,83,83,38,38,14,50,10,10,10,29,67,67,79,79,87],"items_purged":["Defend_R","Strike_R"],"gold":0,"score":394,"play_id":"fdd17d97-d078-4613-8012-1a85c6934ee8","is_prod":false,"is_daily":false,"is_ascension_mode":false,"campfire_upgraded":6,"path_taken":["M","M","?","M","?","E","R","M","T","M","R","?","$","?","R","BOSS","M","$","?","M","M","R","M","M","T","R","M","R","M","?","R","BOSS","M","$","?","$","M","R","M","?","T","M","R","?","R","$","R","BOSS"],"build_version":"2018-02-15-PROD1","purchased_purges":2,"victory":false,"master_deck":["Strike_R","Strike_R","Strike_R","Defend_R","Defend_R","Defend_R","Bash+1","Shrug It Off+1","Clothesline","Wild Strike+1","Headbutt","Clash","Blood for Blood+1","Shrug It Off+1","Apotheosis+1","Limit Break+1","Flex","Inflame","Flex+1","Battle Trance+1","Shockwave+1","Wild Strike","Headbutt","Blood for Blood+1","Berserk","Thunderclap+1","Twin Strike","Pommel Strike+1","Intimidate","Heavy Blade+1"],"max_hp_per_floor":[80,80,80,80,80,80,80,80,80,80,80,80,80,80,80,80,80,80,80,80,80,80,80,80,80,80,80,80,80,80,87,87,87,87,87,87,87,87,87,87,87,87,87,87,87,87,87,87,87],"relics":["Burning Blood","Omamori","Tiny Chest","Vajra","Anchor","Eternal Feather","Red Skull","Strawberry","Lizard Tail","Whetstone","Prayer Wheel","Red Mask"],"card_choices":[{"not_picked":["Cleave","Rage"],"picked":"Shrug It Off"},{"not_picked":["Twin Strike","Searing Blow"],"picked":"Clothesline"},{"not_picked":["Armaments","Disarm"],"picked":"Wild Strike"},{"not_picked":["Warcry","Shrug It Off"],"picked":"Headbutt"},{"not_picked":["Fire Breathing","Body Slam"],"picked":"Clash"},{"not_picked":["Metallicize","Havoc"],"picked":"Blood for Blood"},{"not_picked":["Feed","Barricade"],"picked":"Limit Break"},{"not_picked":["Rampage","Warcry"],"picked":"Flex"},{"not_picked":["Second Wind","Clothesline"],"picked":"Battle Trance"},{"not_picked":["Blood for Blood","Headbutt"],"picked":"Shockwave"},{"not_picked":["Disarm","Sword Boomerang"],"picked":"Wild Strike"},{"not_picked":["Perfected Strike","Armaments"],"picked":"Headbutt"},{"not_picked":["Anger","Dual Wield"],"picked":"Blood for Blood"},{"not_picked":["Demon Form","Feed"],"picked":"Berserk"},{"not_picked":["Burning Pact","Warcry"],"picked":"Thunderclap"},{"not_picked":["Feel No Pain","Fire Breathing"],"picked":"Twin Strike"},{"not_picked":["Infernal Blade","Clash"],"picked":"Pommel Strike"},{"not_picked":["Reckless Charge","Pummel"],"picked":"Intimidate"},{"not_picked":["Shrug It Off","Thunderclap"],"picked":"Heavy Blade"}],"player_experience":142957,"potions_floor_usage":[16,16,22,22,25,33,39,39,50],"damage_taken":[{"damage":5,"enemies":"Cultist","floor":1,"turns":4},{"damage":4,"enemies":"Small Slimes","floor":2,"turns":5},{"damage":4,"enemies":"Jaw Worm","floor":4,"turns":5},{"damage":27,"enemies":"3 Sentries","floor":6,"turns":9},{"damage":8,"enemies":"Blue Slaver","floor":8,"turns":5},{"damage":17,"enemies":"Lots of Slimes","floor":10,"turns":5},{"damage":7,"enemies":"Gremlin Gang","floor":12,"turns":3},{"damage":42,"enemies":"Hexaghost","floor":16,"turns":7},{"damage":12,"enemies":"2 Thieves","floor":18,"turns":4},{"damage":16,"enemies":"Chosen","floor":21,"turns":7},{"damage":8,"enemies":"Centurion and Healer","floor":22,"turns":4},{"damage":22,"enemies":"Snecko","floor":24,"turns":5},{"damage":16,"enemies":"Slaver and Parasite","floor":25,"turns":5},{"damage":21,"enemies":"Snake Plant","floor":28,"turns":4},{"damage":46,"enemies":"Chosen and Byrds","floor":30,"turns":7},{"damage":34,"enemies":"Champ","floor":33,"turns":11},{"damage":10,"enemies":"Orb Walker","floor":35,"turns":4},{"damage":51,"enemies":"3 Darklings","floor":37,"turns":6},{"damage":30,"enemies":"4 Shapes","floor":39,"turns":7},{"damage":46,"enemies":"Maw","floor":41,"turns":7},{"damage":34,"enemies":"Sphere and 2 Shapes","floor":44,"turns":6},{"damage":97,"enemies":"Donu and Deca","floor":50,"turns":6}],"event_choices":[{"event_name":"Liars Game","player_choice":"agreed","floor":3,"damage_taken":0},{"event_name":"World of Goop","player_choice":"Gather Gold","floor":5,"damage_taken":0},{"event_name":"Upgrade Shrine","player_choice":"Upgraded","floor":14,"damage_taken":0},{"event_name":"Duplicator","player_choice":"One dupe","floor":20,"damage_taken":0},{"event_name":"Purifier","player_choice":"One Purge","floor":42,"damage_taken":0},{"event_name":"Tomb of Lord Red Mask","player_choice":"Paid","floor":46,"damage_taken":0}],"boss_relics":[{"not_picked":["Runic Pyramid","White Beast Statue"],"picked":"Eternal Feather"},{"not_picked":["Astrolabe","Philosopher\u0027s Stone"],"picked":"Lizard Tail"}],"potions_floor_spawned":[2,6,8,10,21,22,30,33,37,44],"seed_played":"-3887958732668153953","killed_by":"Donu and Deca","ascension_level":0,"is_trial":false}