{"gold_per_floor":[109,89,99,10,28,28,54,69,69,69,144,205,50,77,77,151,151,161,174,186,201,215,244,244,278,305,338,355,355,367,397,397,469,469,487,507,397,417,94,94,7,7,7,40,40,56,56,156,156,156,156,156,156,31,64,64],"floor_reached":57,"playtime":6502,"items_purged":["Strike_G","Strike_G"],"score":2800,"play_id":"e241eef5-219d-4ae5-b095-dd25ba5cfc9f","local_time":"20190101125119","is_ascension_mode":true,"campfire_choices":[{"data":"Crippling Poison","floor":6.0,"key":"SMITH"},{"data":"Neutralize","floor":10.0,"key":"SMITH"},{"data":"Caltrops","floor":15.0,"key":"SMITH"},{"data":"Dagger Spray","floor":24.0,"key":"SMITH"},{"data":"Wraith Form v2","floor":29.0,"key":"SMITH"},{"data":"Catalyst","floor":32.0,"key":"SMITH"},{"floor":40.0,"key":"RECALL"},{"data":"Catalyst","floor":42.0,"key":"SMITH"},{"floor":49.0,"key":"REST"},{"data":"After Image","floor":53.0,"key":"SMITH"}],"neow_cost":"PERCENT_DAMAGE","seed_source_timestamp":916477707594575,"circlet_count":0,"master_deck":["AscendersBane","Defend_G","Defend_G","Defend_G","Defend_G","Defend_G","Strike_G","Strike_G","Strike_G","Survivor","Neutralize+1","Crippling Poison+1","Endless Agony","Flash of Steel","Bouncing Flask","Backstab","Dodge and Roll","Deflect","Caltrops+1","Leg Sweep","Malaise","Deadly Poison","Dagger Spray+1","PiercingWail","Dodge and Roll+1","Wraith Form v2+1","Backflip+1","Catalyst+1","Dodge and Roll","After Image+1","PiercingWail","Dodge and Roll","Catalyst+1","Apotheosis","Dark Shackles","PiercingWail"],"special_seed":0,"relics":["Ring of the Snake","Question Card","Meat on the Bone","Ancient Tea Set","Gremlin Horn","Velvet Choker","Paper Crane","Bronze Scales","Omamori","Kunai","Oddly Smooth Stone","Runic Pyramid","Torii","Happy Flower","Incense Burner","Art of War"],"potions_floor_usage":[56,56],"damage_taken":[{"damage":4.0,"enemies":"Jaw Worm","floor":1.0,"turns":5.0},{"damage":0.0,"enemies":"Cultist","floor":3.0,"turns":4.0},{"damage":0.0,"enemies":"Small Slimes","floor":5.0,"turns":3.0},{"damage":20.0,"enemies":"3 Sentries","floor":7.0,"turns":9.0},{"damage":9.0,"enemies":"Blue Slaver","floor":8.0,"turns":2.0},{"damage":7.0,"enemies":"Gremlin Nob","floor":12.0,"turns":3.0},{"damage":8.0,"enemies":"Lagavulin","floor":14.0,"turns":7.0},{"damage":16.0,"enemies":"The Guardian","floor":16.0,"turns":12.0},{"damage":2.0,"enemies":"3 Byrds","floor":18.0,"turns":4.0},{"damage":4.0,"enemies":"Chosen","floor":19.0,"turns":5.0},{"damage":15.0,"enemies":"Snake Plant","floor":20.0,"turns":3.0},{"damage":9.0,"enemies":"Sentry and Sphere","floor":21.0,"turns":5.0},{"damage":6.0,"enemies":"Centurion and Healer","floor":22.0,"turns":10.0},{"damage":16.0,"enemies":"Gremlin Leader","floor":23.0,"turns":8.0},{"damage":15.0,"enemies":"Slavers","floor":25.0,"turns":5.0},{"damage":24.0,"enemies":"Book of Stabbing","floor":27.0,"turns":5.0},{"damage":3.0,"enemies":"Chosen and Byrds","floor":28.0,"turns":5.0},{"damage":2.0,"enemies":"Snecko","floor":30.0,"turns":6.0},{"damage":12.0,"enemies":"Slavers","floor":31.0,"turns":5.0},{"damage":2.0,"enemies":"Champ","floor":33.0,"turns":14.0},{"damage":1.0,"enemies":"3 Darklings","floor":35.0,"turns":8.0},{"damage":0.0,"enemies":"Orb Walker","floor":36.0,"turns":3.0},{"damage":0.0,"enemies":"Maw","floor":38.0,"turns":9.0},{"damage":3.0,"enemies":"Giant Head","floor":44.0,"turns":10.0},{"damage":13.0,"enemies":"Transient","floor":46.0,"turns":6.0},{"damage":0.0,"enemies":"Mind Bloom Boss Battle","floor":48.0,"turns":5.0},{"damage":14.0,"enemies":"Donu and Deca","floor":50.0,"turns":17.0},{"damage":8.0,"enemies":"Awakened One","floor":51.0,"turns":18.0},{"damage":18.0,"enemies":"Shield and Spear","floor":55.0,"turns":13.0},{"damage":51,"enemies":"The Heart","floor":56,"turns":8}],"seed_played":"236239466960488425","potions_obtained":[{"floor":1.0,"key":"SpeedPotion"},{"floor":2.0,"key":"Strength Potion"},{"floor":14.0,"key":"Swift Potion"},{"floor":16.0,"key":"Ancient Potion"}],"is_trial":false,"path_per_floor":["M","?","M","$","M","R","M","T","R","?","$","R","B",null,"M","M","M","M","M","R","E","T","E","M","R","M","E","R",null,"M","M","?","M","$","R","$","R","T","E","?","M","?","?","R","B","B",null,"R","$","E",null],"character_chosen":"THE_SILENT","items_purchased":["Flash of Steel","Caltrops","Torii","Catalyst","PiercingWail"],"campfire_rested":1,"item_purchase_floors":[4,13,39,41,54],"current_hp_per_floor":[52,52,52,52,52,52,32,23,23,23,12,17,17,21,21,17,63,61,57,42,45,51,47,47,44,44,32,41,41,51,51,51,49,71,70,70,70,70,70,70,70,70,70,67,78,65,55,55,78,64,56,73,73,73,55,16],"gold":64,"neow_bonus":"TWENTY_PERCENT_HP_BONUS","is_prod":false,"is_daily":false,"chose_seed":false,"campfire_upgraded":8,"win_rate":0,"timestamp":1546375879,"path_taken":["M","?","M","$","M","R","E","?","T","R","?","?","?","E","R","BOSS","M","M","?","?","M","E","R","E","T","E","M","R","M","E","R","BOSS","M","M","?","?","$","R","$","R","T","E","?","M","?","?","R","BOSS","BOSS","R","$","E","BOSS"],"build_version":"2018-12-25","purchased_purges":2,"victory":true,"max_hp_per_floor":[78,78,78,78,78,78,78,78,78,78,78,78,78,78,78,78,78,78,78,78,78,78,78,78,78,78,78,78,78,78,78,78,78,78,78,78,78,78,78,78,78,78,78,78,78,78,78,78,78,78,78,78,78,78,78,78],"card_choices":[{"not_picked":["Deadly Poison","Dagger Throw"],"picked":"Crippling Poison","floor":1.0},{"not_picked":["Acrobatics","Flechettes"],"picked":"Endless Agony","floor":3.0},{"not_picked":["Cloak And Dagger","Backflip"],"picked":"Bouncing Flask","floor":5.0},{"not_picked":["Masterful Stab","Prepared"],"picked":"Backstab","floor":7.0},{"not_picked":["Sucker Punch","Slice","Distraction"],"picked":"Dodge and Roll","floor":8.0},{"not_picked":["Cloak And Dagger","Bullet Time","Dagger Spray"],"picked":"Deflect","floor":12.0},{"not_picked":["Infinite Blades","Predator","Distraction"],"picked":"Leg Sweep","floor":14.0},{"not_picked":["Burst","Bullet Time","Night Terror"],"picked":"Malaise","floor":16.0},{"not_picked":["Poisoned Stab","Expertise+1","Accuracy"],"picked":"Deadly Poison","floor":18.0},{"not_picked":["Outmaneuver","Finisher","Dagger Throw"],"picked":"Dagger Spray","floor":19.0},{"not_picked":["Sucker Punch","Prepared","Dagger Throw"],"picked":"PiercingWail","floor":20.0},{"not_picked":["Poisoned Stab","Masterful Stab","Deadly Poison","Dagger Throw"],"picked":"SKIP","floor":21.0},{"not_picked":["Underhanded Strike","Blade Dance","Quick Slash"],"picked":"Well Laid Plans","floor":22.0},{"not_picked":["Skewer","Phantasmal Killer","Endless Agony"],"picked":"Dodge and Roll+1","floor":23.0},{"not_picked":["A Thousand Cuts","Expertise","Riddle With Holes+1","Escape Plan+1"],"picked":"SKIP","floor":25.0},{"not_picked":["Poisoned Stab","Slice+1","Outmaneuver"],"picked":"Wraith Form v2","floor":27.0},{"not_picked":["Outmaneuver","Deflect+1","Bane"],"picked":"Backflip","floor":28.0},{"not_picked":["Masterful Stab","Acrobatics","Flying Knee"],"picked":"Catalyst","floor":30.0},{"not_picked":["Bane","Caltrops+1","Die Die Die"],"picked":"Dodge and Roll","floor":31.0},{"not_picked":["Die Die Die","Storm of Steel","Adrenaline"],"picked":"After Image","floor":33.0},{"not_picked":["Dagger Spray+1","Outmaneuver","Infinite Blades","Dagger Throw"],"picked":"SKIP","floor":35.0},{"not_picked":["Dagger Spray","Finisher","Deadly Poison"],"picked":"PiercingWail","floor":36.0},{"not_picked":["Finisher","Dagger Throw","Bane+1"],"picked":"Dodge and Roll","floor":38.0},{"not_picked":["Deadly Poison+1","Infinite Blades","Escape Plan","Dagger Spray"],"picked":"SKIP","floor":44.0},{"not_picked":["Flying Knee","Accuracy","Bane","Bouncing Flask"],"picked":"SKIP","floor":46.0},{"not_picked":["Blind","Transmutation","Purity"],"picked":"Apotheosis","floor":47.0},{"not_picked":["Good Instincts","Deep Breath","Metamorphosis"],"picked":"Dark Shackles","floor":47.0},{"not_picked":["Underhanded Strike","Grand Finale","Sucker Punch","Quick Slash"],"picked":"SKIP","floor":55.0}],"player_experience":1172903,"relics_obtained":[{"floor":7.0,"key":"Question Card"},{"floor":9.0,"key":"Meat on the Bone"},{"floor":12.0,"key":"Ancient Tea Set"},{"floor":14.0,"key":"Gremlin Horn"},{"floor":23.0,"key":"Paper Crane"},{"floor":25.0,"key":"Bronze Scales"},{"floor":26.0,"key":"Omamori"},{"floor":27.0,"key":"Kunai"},{"floor":31.0,"key":"Oddly Smooth Stone"},{"floor":44.0,"key":"Happy Flower"},{"floor":48.0,"key":"Incense Burner"},{"floor":55.0,"key":"Art of War"}],"event_choices":[{"damage_healed":0.0,"max_hp_gain":0.0,"max_hp_loss":0.0,"gold_gain":0.0,"event_name":"The Woman in Blue","player_choice":"Bought 1 Potion","floor":2.0,"gold_loss":0.0,"damage_taken":0.0},{"damage_healed":0.0,"max_hp_gain":0.0,"max_hp_loss":0.0,"gold_gain":75.0,"event_name":"World of Goop","player_choice":"Gather Gold","floor":11.0,"gold_loss":0.0,"damage_taken":11.0},{"damage_healed":0.0,"max_hp_gain":0.0,"max_hp_loss":0.0,"gold_gain":0.0,"event_name":"Dead Adventurer","player_choice":"Searched \u00272\u0027 times","floor":12.0,"gold_loss":0.0,"damage_taken":0.0},{"cards_removed":["Well Laid Plans"],"damage_healed":0.0,"max_hp_gain":0.0,"max_hp_loss":0.0,"gold_gain":0.0,"event_name":"Designer","player_choice":"Upgrade and Remove","floor":37.0,"gold_loss":110.0,"damage_taken":0.0,"cards_upgraded":["Backflip"]},{"damage_healed":16.0,"max_hp_gain":0.0,"max_hp_loss":0.0,"gold_gain":0.0,"event_name":"Winding Halls","player_choice":"Writhe","floor":45.0,"gold_loss":0.0,"damage_taken":0.0,"cards_obtained":["Writhe"]},{"damage_healed":0.0,"max_hp_gain":0.0,"max_hp_loss":0.0,"gold_gain":0.0,"event_name":"SensoryStone","player_choice":"Memory 3","floor":47.0,"gold_loss":0.0,"damage_taken":10.0},{"damage_healed":0.0,"max_hp_gain":0.0,"max_hp_loss":0.0,"gold_gain":0.0,"event_name":"MindBloom","player_choice":"Fight","floor":48.0,"gold_loss":0.0,"damage_taken":0.0}],"is_beta":true,"boss_relics":[{"not_picked":["Runic Dome","Calling Bell"],"picked":"Velvet Choker"},{"not_picked":["Philosopher\u0027s Stone","Busted Crown"],"picked":"Runic Pyramid"}],"items_purged_floors":[13,54],"is_endless":false,"potions_floor_spawned":[1,5,14,16,21,27,28,30,36,44,46,48,55],"ascension_level":20}