{"gold_per_floor":[116,127,143,143,162,162,112,112,112,147,29,58,58,69,69,170,170,185,275,295,315,331,331,342,18,42,42,62,90,115,37,37,136,136,150,150,150,160,160,160,171,171,171,199,599,599,616,157,157,157],"floor_reached":50,"playtime":1888,"items_purged":["Strike_R","Strike_R"],"score":565,"play_id":"5aee09a6-4ae9-4099-b666-3b843ad95cc3","local_time":"20190104223935","is_ascension_mode":true,"campfire_choices":[{"data":"Sword Boomerang","floor":6,"key":"SMITH"},{"data":"Fire Breathing","floor":8,"key":"SMITH"},{"floor":15,"key":"REST"},{"floor":23,"key":"REST"},{"floor":27,"key":"REST"},{"floor":32,"key":"REST"},{"data":"True Grit","floor":40,"key":"SMITH"},{"floor":42,"key":"REST"},{"floor":49,"key":"REST"}],"neow_cost":"TEN_PERCENT_HP_LOSS","seed_source_timestamp":353634017309779,"circlet_count":0,"master_deck":["Strike_R","Strike_R+1","Defend_R","Defend_R","Defend_R","Bash","Sword Boomerang+1","Flex","Cleave+1","Fire Breathing+1","Uppercut","Feel No Pain+1","Rampage","Fire Breathing+1","Spot Weakness","Barricade+1","Iron Wave","Shrug It Off","Iron Wave","Armaments+1","Shrug It Off","Parasite","Havoc","Body Slam","Limit Break","Inflame+1","Fiend Fire","Evolve+1","True Grit+1","Shrug It Off+1","Regret","Limit Break","Parasite","Warcry+1","Apotheosis","Headbutt"],"relics":["Burning Blood","Turnip","Pear","Frozen Egg 2","Odd Mushroom","Mercury Hourglass","Cursed Key","Regal Pillow","Orichalcum","Red Mask","Peace Pipe","Runic Dome","Lantern","Magic Flower","Bronze Scales","Old Coin","Vajra"],"potions_floor_usage":[20,24,28,29,30,44,50],"damage_taken":[{"damage":9,"enemies":"2 Louse","floor":1,"turns":4},{"damage":12,"enemies":"Small Slimes","floor":2,"turns":3},{"damage":6,"enemies":"Cultist","floor":3,"turns":3},{"damage":4,"enemies":"Blue Slaver","floor":5,"turns":3},{"damage":31,"enemies":"Lagavulin","floor":10,"turns":5},{"damage":23,"enemies":"The Mushroom Lair","floor":12,"turns":4},{"damage":0,"enemies":"Large Slime","floor":14,"turns":3},{"damage":44,"enemies":"Hexaghost","floor":16,"turns":9},{"damage":20,"enemies":"2 Thieves","floor":18,"turns":3},{"damage":14,"enemies":"Chosen","floor":20,"turns":5},{"damage":20,"enemies":"Shelled Parasite and Fungi","floor":21,"turns":6},{"damage":14,"enemies":"Cultist and Chosen","floor":22,"turns":6},{"damage":27,"enemies":"Snake Plant","floor":24,"turns":4},{"damage":0,"enemies":"Centurion and Healer","floor":28,"turns":5},{"damage":4,"enemies":"Masked Bandits","floor":29,"turns":3},{"damage":33,"enemies":"Slavers","floor":30,"turns":4},{"damage":59,"enemies":"Collector","floor":33,"turns":9},{"damage":12,"enemies":"Orb Walker","floor":35,"turns":4},{"damage":27,"enemies":"3 Darklings","floor":38,"turns":8},{"damage":20,"enemies":"Transient","floor":41,"turns":5},{"damage":57,"enemies":"Giant Head","floor":44,"turns":7},{"damage":17,"enemies":"Mind Bloom Boss Battle","floor":45,"turns":8},{"damage":14,"enemies":"Writhing Mass","floor":47,"turns":6},{"damage":61,"enemies":"Donu and Deca","floor":50,"turns":6}],"seed_played":"8159279798682089758","potions_obtained":[{"floor":3,"key":"GamblersBrew"},{"floor":14,"key":"FairyPotion"},{"floor":16,"key":"Regen Potion"},{"floor":18,"key":"Explosive Potion"},{"floor":22,"key":"PowerPotion"},{"floor":29,"key":"Explosive Potion"},{"floor":33,"key":"Energy Potion"},{"floor":41,"key":"AttackPotion"},{"floor":44,"key":"LiquidBronze"},{"floor":47,"key":"FearPotion"}],"is_trial":false,"path_per_floor":["M","M","M","?","M","R","?","R","T","E","$","?","?","M","R","B",null,"M","?","M","M","M","R","M","$","T","R","M","?","E","$","R","B",null,"M","?","?","M","?","R","M","R","T","E","?","?","M","$","R","B"],"character_chosen":"IRONCLAD","items_purchased":["Feel No Pain+1","Rampage","Shrug It Off","Regal Pillow","AttackPotion","Inflame+1","Vajra","Apotheosis","Headbutt"],"campfire_rested":6,"item_purchase_floors":[11,11,25,25,25,31,48,48,48],"current_hp_per_floor":[69,63,63,49,51,51,51,51,61,36,36,19,16,22,46,8,82,68,52,56,42,34,58,37,37,37,76,82,82,55,55,82,29,82,76,76,76,55,55,55,41,80,80,32,24,24,19,19,57,0],"gold":157,"neow_bonus":"ONE_RARE_RELIC","is_prod":false,"is_daily":false,"chose_seed":false,"campfire_upgraded":3,"win_rate":0,"timestamp":1546659575,"path_taken":["M","M","M","?","M","R","?","R","T","E","$","?","?","M","R","BOSS","M","?","M","?","M","R","M","$","T","R","M","?","E","$","R","BOSS","M","?","?","?","?","R","?","R","T","E","?","?","M","$","R","BOSS"],"build_version":"2019-01-03v4","purchased_purges":2,"victory":false,"max_hp_per_floor":[72,72,72,72,72,72,72,72,82,82,82,82,82,82,82,82,82,82,82,82,82,82,82,82,82,82,82,82,82,82,82,82,82,82,82,82,82,82,82,82,82,82,82,82,82,78,78,78,78,78],"card_choices":[{"not_picked":["Intimidate","Armaments"],"picked":"Sword Boomerang","floor":1},{"not_picked":["Body Slam","Sword Boomerang"],"picked":"Flex","floor":2},{"not_picked":["Anger","Havoc"],"picked":"Cleave","floor":3},{"not_picked":["Flex","Power Through"],"picked":"Fire Breathing","floor":5},{"not_picked":["Perfected Strike","Twin Strike"],"picked":"Uppercut","floor":10},{"not_picked":["Havoc","Limit Break"],"picked":"Fire Breathing+1","floor":12},{"not_picked":["Power Through","Perfected Strike"],"picked":"Spot Weakness","floor":14},{"not_picked":["Bludgeon","Exhume"],"picked":"Barricade+1","floor":16},{"not_picked":["Uppercut","Pommel Strike"],"picked":"Iron Wave","floor":18},{"not_picked":["Blood for Blood","Pommel Strike"],"picked":"Shrug It Off","floor":20},{"not_picked":["Sword Boomerang","Twin Strike","Uppercut"],"picked":"SKIP","floor":21},{"not_picked":["Blood for Blood+1","Sword Boomerang"],"picked":"Iron Wave","floor":22},{"not_picked":["True Grit","Perfected Strike"],"picked":"Armaments+1","floor":24},{"not_picked":["Clash","Cleave+1"],"picked":"Havoc","floor":28},{"not_picked":["Armaments","Pummel+1"],"picked":"Body Slam","floor":29},{"not_picked":["Heavy Blade","Clash"],"picked":"Limit Break","floor":30},{"not_picked":["Bludgeon","Feed"],"picked":"Fiend Fire","floor":33},{"not_picked":["Anger","Flex"],"picked":"Evolve+1","floor":35},{"not_picked":["Sever Soul","Inflame+1"],"picked":"Shrug It Off+1","floor":38},{"not_picked":["Wild Strike+1","Cleave","Hemokinesis"],"picked":"SKIP","floor":41},{"not_picked":["Carnage","Searing Blow"],"picked":"Limit Break","floor":44},{"not_picked":["Sword Boomerang","Fire Breathing+1"],"picked":"Warcry+1","floor":47}],"player_experience":1167729,"relics_obtained":[{"floor":9,"key":"Pear"},{"floor":10,"key":"Frozen Egg 2"},{"floor":12,"key":"Odd Mushroom"},{"floor":26,"key":"Orichalcum"},{"floor":29,"key":"Red Mask"},{"floor":30,"key":"Peace Pipe"},{"floor":43,"key":"Magic Flower"},{"floor":44,"key":"Bronze Scales"},{"floor":45,"key":"Old Coin"}],"event_choices":[{"damage_healed":0,"gold_gain":0,"player_choice":"Entered Light","damage_taken":14,"max_hp_gain":0,"max_hp_loss":0,"event_name":"Shining Light","floor":4,"gold_loss":0,"cards_upgraded":["Cleave","Strike_R"]},{"cards_removed":["Strike_R"],"damage_healed":0,"gold_gain":0,"player_choice":"Card Removal","damage_taken":0,"max_hp_gain":0,"max_hp_loss":0,"event_name":"The Cleric","floor":7,"gold_loss":50},{"damage_healed":0,"gold_gain":0,"player_choice":"Fought Mushrooms","damage_taken":0,"max_hp_gain":0,"max_hp_loss":0,"event_name":"Mushrooms","floor":12,"gold_loss":0},{"damage_healed":0,"gold_gain":0,"player_choice":"Success","damage_taken":3,"relics_obtained":["Mercury Hourglass"],"max_hp_gain":0,"max_hp_loss":0,"event_name":"Scrap Ooze","floor":13,"gold_loss":0},{"damage_healed":0,"gold_gain":90,"player_choice":"GOLD ","damage_taken":16,"max_hp_gain":0,"max_hp_loss":0,"event_name":"Knowing Skull","floor":19,"potions_obtained":[],"gold_loss":0,"cards_obtained":[]},{"damage_healed":0,"gold_gain":0,"player_choice":"Fought Bandits","damage_taken":0,"max_hp_gain":0,"max_hp_loss":0,"event_name":"Masked Bandits","floor":29,"gold_loss":0},{"cards_removed":["Defend_R"],"damage_healed":0,"gold_gain":0,"player_choice":"Removed Skill","damage_taken":0,"max_hp_gain":0,"max_hp_loss":0,"event_name":"Falling","floor":36,"gold_loss":0},{"damage_healed":0,"gold_gain":0,"player_choice":"1 cards matched","damage_taken":0,"max_hp_gain":0,"max_hp_loss":0,"event_name":"Match and Keep!","floor":37,"gold_loss":0,"cards_obtained":["True Grit"]},{"damage_healed":0,"gold_gain":0,"player_choice":"Gave Potion","damage_taken":0,"relics_obtained":["Lantern"],"max_hp_gain":0,"max_hp_loss":0,"event_name":"WeMeetAgain","floor":39,"gold_loss":0},{"damage_healed":0,"gold_gain":0,"player_choice":"Fight","damage_taken":0,"max_hp_gain":0,"max_hp_loss":0,"event_name":"MindBloom","floor":45,"gold_loss":0},{"damage_healed":0,"gold_gain":0,"player_choice":"Max HP","damage_taken":0,"max_hp_gain":0,"max_hp_loss":4,"event_name":"Winding Halls","floor":46,"gold_loss":0}],"is_beta":true,"boss_relics":[{"not_picked":["Black Star","Astrolabe"],"picked":"Cursed Key"},{"not_picked":["Orrery","Runic Cube"],"picked":"Runic Dome"}],"items_purged_floors":[25,48],"is_endless":false,"potions_floor_spawned":[3,14,16,18,22,29,33,41,44,47],"killed_by":"Donu and Deca","ascension_level":1}