{"path_per_floor":["M","$","M","M","M","E","R","E","T","$","R","?","R","E","R","B",null,"M","?","?","$","?","R","M","M","T","R","M","R","M","?","R"],"character_chosen":"IRONCLAD","items_purchased":["Offering","True Grit","Feel No Pain","Armaments","Headbutt","Inflame","Havoc"],"gold_per_floor":[217,83,101,115,133,164,164,198,198,50,50,20,20,47,47,149,149,161,161,161,61,61,61,81,100,100,100,115,115,133,133,133,133],"floor_reached":33,"campfire_rested":2,"playtime":1253,"current_hp_per_floor":[80,80,76,75,77,67,67,45,45,45,69,69,69,63,63,47,80,56,56,56,56,56,56,68,73,73,73,81,81,58,58,83,0],"items_purged":[],"gold":133,"score":302,"play_id":"8a739486-aea5-4e54-9544-92dbbf385209","local_time":"20180407233607","is_prod":false,"is_daily":false,"is_ascension_mode":true,"campfire_upgraded":6,"timestamp":1523158567,"path_taken":["M","$","M","M","M","E","R","E","T","$","R","?","R","E","R","BOSS","M","?","?","$","?","R","M","M","T","R","M","R","M","?","R","BOSS"],"build_version":"2018-04-05","purchased_purges":0,"victory":false,"master_deck":["Strike_R","Strike_R","Strike_R","Strike_R","Strike_R","Defend_R","Defend_R","Defend_R","Defend_R","Bash","Wild Strike+1","Offering+1","True Grit+1","Evolve+1","Headbutt","Clothesline","Hemokinesis","Shrug It Off+1","Feel No Pain+1","Armaments+1","Headbutt","Anger","Fiend Fire","Writhe","Inflame","Havoc","Wild Strike","Double Tap"],"max_hp_per_floor":[80,80,80,80,80,80,80,80,80,80,80,80,80,80,80,80,80,80,80,80,80,80,80,82,82,82,82,82,82,84,84,84,84],"relics":["Black Blood","Mercury Hourglass","Bag of Preparation","Ginger","Toolbox","Singing Bowl","Bird Faced Urn"],"card_choices":[{"not_picked":["Heavy Blade","Sword Boomerang"],"picked":"Wild Strike","floor":1},{"not_picked":["Sword Boomerang","Demon Form"],"picked":"Evolve","floor":3},{"not_picked":["Heavy Blade","Havoc"],"picked":"Headbutt","floor":4},{"not_picked":["Spot Weakness","Anger"],"picked":"Clothesline","floor":5},{"not_picked":["Berserk","Warcry"],"picked":"Hemokinesis","floor":6},{"not_picked":["Iron Wave","Anger"],"picked":"Shrug It Off","floor":8},{"not_picked":["Sever Soul","Heavy Blade"],"picked":"Anger","floor":14},{"not_picked":["Impervious","Juggernaut"],"picked":"Fiend Fire","floor":16},{"not_picked":["Pommel Strike","Bloodletting"],"picked":"Wild Strike","floor":25},{"not_picked":["Searing Blow","Armaments"],"picked":"Double Tap","floor":28}],"player_experience":124750,"potions_floor_usage":[6,8,14,16,30,33,33],"damage_taken":[{"damage":2,"enemies":"2 Louse","floor":1,"turns":3},{"damage":10,"enemies":"Cultist","floor":3,"turns":4},{"damage":7,"enemies":"Small Slimes","floor":4,"turns":3},{"damage":4,"enemies":"3 Louse","floor":5,"turns":3},{"damage":16,"enemies":"3 Sentries","floor":6,"turns":8},{"damage":28,"enemies":"Lagavulin","floor":8,"turns":4},{"damage":12,"enemies":"Gremlin Nob","floor":14,"turns":3},{"damage":22,"enemies":"Slime Boss","floor":16,"turns":7},{"damage":34,"enemies":"2 Thieves","floor":18,"turns":4},{"damage":0,"enemies":"Chosen","floor":24,"turns":4},{"damage":9,"enemies":"Centurion and Healer","floor":25,"turns":6},{"damage":4,"enemies":"Snake Plant","floor":28,"turns":1},{"damage":35,"enemies":"3 Cultists","floor":30,"turns":5},{"damage":87,"enemies":"Collector","floor":33,"turns":8}],"event_choices":[{"event_name":"The Woman in Blue","player_choice":"Bought 2 Potions","floor":12,"damage_taken":0},{"event_name":"The Mausoleum","player_choice":"Yes","floor":19,"damage_taken":0},{"event_name":"Ghosts","player_choice":"Ignored","floor":20,"damage_taken":0},{"event_name":"Addict","player_choice":"Ignored","floor":22,"damage_taken":0},{"event_name":"Upgrade Shrine","player_choice":"Upgraded","floor":31,"damage_taken":0}],"boss_relics":[{"not_picked":["Runic Dome","White Beast Statue"],"picked":"Black Blood"}],"potions_floor_spawned":[5,6,8,24,25],"seed_played":"683778659130728543","killed_by":"Collector","ascension_level":3,"is_trial":false}