{"path_per_floor":["M","?","M","M","M","E","R","$","T","R","?","E","M","?","R","B",null,"M","M","?","M","?","R","?"],"character_chosen":"THE_SILENT","items_purchased":["Dagger Spray","Vajra"],"gold_per_floor":[15,115,126,137,152,180,180,9,9,9,9,37,48,48,48,152,152,166,179,207,226,226,226,226,226],"floor_reached":25,"campfire_rested":1,"playtime":844,"current_hp_per_floor":[54,54,54,47,47,31,31,31,31,31,54,44,42,42,63,43,63,63,63,57,45,45,45,29,0],"items_purged":[],"gold":226,"score":295,"play_id":"42cdcdfd-4717-4acc-b088-e5cc9d7afdfa","local_time":"20180415001911","is_prod":false,"is_daily":false,"chose_seed":false,"is_ascension_mode":true,"campfire_upgraded":0,"timestamp":1523765951,"path_taken":["M","?","?","M","M","E","R","$","T","R","?","E","M","?","R","BOSS","M","M","?","M","?","R","?","E"],"build_version":"2018-04-13","seed_source_timestamp":228936438793228,"purchased_purges":0,"victory":false,"master_deck":["Defend_G","Defend_G","Defend_G","Defend_G","Defend_G","Strike_G","Strike_G","Strike_G","Strike_G","Strike_G","Survivor","Neutralize","Poisoned Stab","Cloak And Dagger","Glass Knife","Malaise","Flying Knee","Dagger Spray","Unload","Storm of Steel","Cloak And Dagger","Outmaneuver+1","Reflex","Infinite Blades+1","Writhe"],"max_hp_per_floor":[70,70,70,70,70,70,70,70,70,70,70,70,70,70,70,70,70,70,70,70,70,70,70,70,70],"relics":["Ring of the Snake","Girya","Tough Bandages","Vajra","Toolbox","Paper Crane","Sozu","Red Mask","Blue Candle","Nilry\u0027s Codex"],"card_choices":[{"not_picked":["Accuracy","Predator"],"picked":"Poisoned Stab","floor":1},{"not_picked":["Prepared","Acrobatics"],"picked":"Cloak And Dagger","floor":3},{"not_picked":["Cloak And Dagger","Heel Hook"],"picked":"Glass Knife","floor":4},{"not_picked":["Cloak And Dagger","Poisoned Stab"],"picked":"Malaise","floor":5},{"not_picked":["Crippling Poison","Flechettes"],"picked":"Flying Knee","floor":6},{"not_picked":["Prepared","Outmaneuver"],"picked":"Unload","floor":12},{"not_picked":["Corpse Explosion","Doppelganger"],"picked":"Storm of Steel","floor":16},{"not_picked":["Noxious Fumes","Acrobatics"],"picked":"Cloak And Dagger","floor":18},{"not_picked":["Well Laid Plans","Sucker Punch"],"picked":"Outmaneuver","floor":19},{"not_picked":["Outmaneuver","Slice"],"picked":"Reflex","floor":20},{"not_picked":["Slice","Sucker Punch"],"picked":"Infinite Blades","floor":21}],"player_experience":194817,"potions_floor_usage":[6,6],"damage_taken":[{"damage":9,"enemies":"2 Louse","floor":1,"turns":4},{"damage":0,"enemies":"Cultist","floor":3,"turns":3},{"damage":7,"enemies":"Small Slimes","floor":4,"turns":3},{"damage":0,"enemies":"Blue Slaver","floor":5,"turns":4},{"damage":16,"enemies":"Gremlin Nob","floor":6,"turns":3},{"damage":10,"enemies":"Lagavulin","floor":12,"turns":4},{"damage":2,"enemies":"3 Louse","floor":13,"turns":3},{"damage":20,"enemies":"The Guardian","floor":16,"turns":11},{"damage":0,"enemies":"Chosen","floor":18,"turns":3},{"damage":0,"enemies":"Spheric Guardian","floor":19,"turns":3},{"damage":6,"enemies":"Masked Bandits","floor":20,"turns":4},{"damage":12,"enemies":"Snecko","floor":21,"turns":4},{"damage":36,"enemies":"Slavers","floor":25,"turns":3}],"event_choices":[{"event_name":"Golden Shrine","player_choice":"Pray","floor":2,"damage_taken":0},{"event_name":"Big Fish","player_choice":"Banana","floor":11,"damage_taken":0},{"event_name":"Liars Game","player_choice":"disagreed","floor":14,"damage_taken":0},{"event_name":"Masked Bandits","player_choice":"Fought over 179 gold","floor":20,"damage_taken":0},{"event_name":"The Mausoleum","player_choice":"Yes","floor":22,"damage_taken":0},{"event_name":"Cursed Tome","player_choice":"Obtained Book","floor":24,"damage_taken":0}],"boss_relics":[{"not_picked":["Astrolabe","Cursed Key"],"picked":"Sozu"}],"potions_floor_spawned":[4,5,18,20],"seed_played":"-4064365880699407720","killed_by":"Slavers","ascension_level":8,"is_trial":false}