{"gold_per_floor":[17,17,37,51,51,51,51,126,151,151,177,193,193,46,46,150,150,160,160,180,105,105],"floor_reached":22,"playtime":656,"items_purged":["Strike_R"],"score":246,"play_id":"e49000eb-715f-4463-9dac-e05dbee51078","local_time":"20190203184059","is_ascension_mode":true,"campfire_choices":[{"data":"Offering","floor":6,"key":"SMITH"},{"data":"Perfected Strike","floor":10,"key":"SMITH"},{"floor":15,"key":"REST"}],"neow_cost":"NO_GOLD","seed_source_timestamp":597921356812766,"circlet_count":0,"master_deck":["Defend_R","Defend_R","Defend_R","Defend_R","Bash","Offering+1","Shockwave","Perfected Strike+1","Pommel Strike","Barricade","Evolve","Corruption","Dark Embrace","Intimidate","Blood for Blood","Seeing Red","Havoc"],"relics":["Burning Blood","Anchor","Nunchaku","Centennial Puzzle","Runic Dome"],"potions_floor_usage":[11,18,18],"damage_taken":[{"damage":7,"enemies":"Cultist","floor":1,"turns":4},{"damage":17,"enemies":"Jaw Worm","floor":3,"turns":4},{"damage":0,"enemies":"Small Slimes","floor":4,"turns":3},{"damage":26,"enemies":"Lagavulin","floor":11,"turns":5},{"damage":0,"enemies":"2 Fungi Beasts","floor":12,"turns":4},{"damage":39,"enemies":"Slime Boss","floor":16,"turns":10},{"damage":46,"enemies":"Shell Parasite","floor":18,"turns":7},{"damage":22,"enemies":"3 Byrds","floor":20,"turns":7},{"damage":12,"enemies":"Centurion and Healer","floor":22,"turns":2}],"seed_played":"2304130266074608771","potions_obtained":[{"floor":1,"key":"Strength Potion"},{"floor":3,"key":"GamblersBrew"},{"floor":4,"key":"Swift Potion"}],"is_trial":false,"path_per_floor":["M","$","M","M","?","R","?","?","T","R","E","M","?","$","R","B",null,"M","?","M","?","M"],"character_chosen":"IRONCLAD","items_purchased":["Corruption"],"campfire_rested":1,"item_purchase_floors":[14],"current_hp_per_floor":[71,71,60,66,66,66,59,48,48,48,28,34,27,27,51,18,65,25,25,9,9,0],"gold":105,"neow_bonus":"THREE_RARE_CARDS","is_prod":false,"is_daily":false,"chose_seed":false,"campfire_upgraded":2,"win_rate":0,"timestamp":1549237259,"path_taken":["M","$","?","M","?","R","?","?","T","R","E","M","?","?","R","BOSS","M","?","M","?","M"],"build_version":"2019-01-23","purchased_purges":1,"victory":false,"max_hp_per_floor":[80,80,80,80,80,80,80,80,80,80,80,80,80,80,80,80,80,80,80,80,80,80],"card_choices":[{"not_picked":["Demon Form","Juggernaut"],"picked":"Offering","floor":0},{"not_picked":["Sever Soul","Fire Breathing"],"picked":"Shockwave","floor":1},{"not_picked":["Iron Wave","Heavy Blade"],"picked":"Perfected Strike","floor":3},{"not_picked":["Perfected Strike","Bloodletting"],"picked":"Pommel Strike","floor":4},{"not_picked":["Warcry","Inflame"],"picked":"Barricade","floor":11},{"not_picked":["Infernal Blade","Sword Boomerang"],"picked":"Evolve","floor":12},{"not_picked":["Brutality","Offering"],"picked":"Dark Embrace","floor":16},{"not_picked":["Cleave","Ghostly Armor+1"],"picked":"Intimidate","floor":18},{"not_picked":["Headbutt","Uppercut"],"picked":"Havoc","floor":20}],"player_experience":1373814,"relics_obtained":[{"floor":9,"key":"Anchor"},{"floor":11,"key":"Nunchaku"}],"event_choices":[{"damage_healed":0,"gold_gain":0,"player_choice":"Ignored","damage_taken":0,"max_hp_gain":0,"max_hp_loss":0,"event_name":"Liars Game","floor":5,"gold_loss":0},{"cards_removed":["Strike_R"],"damage_healed":0,"gold_gain":0,"player_choice":"Card Removal","damage_taken":7,"max_hp_gain":0,"max_hp_loss":0,"event_name":"Golden Wing","floor":7,"gold_loss":0},{"damage_healed":0,"gold_gain":75,"player_choice":"Gather Gold","damage_taken":11,"max_hp_gain":0,"max_hp_loss":0,"event_name":"World of Goop","floor":8,"gold_loss":0},{"damage_healed":0,"gold_gain":0,"player_choice":"Success","damage_taken":7,"relics_obtained":["Centennial Puzzle"],"max_hp_gain":0,"max_hp_loss":0,"event_name":"Scrap Ooze","floor":13,"gold_loss":0},{"damage_healed":0,"gold_gain":0,"cards_transformed":["Strike_R","Strike_R"],"player_choice":"Became Test Subject","damage_taken":0,"max_hp_gain":0,"max_hp_loss":0,"event_name":"Drug Dealer","floor":19,"gold_loss":0,"cards_obtained":["Blood for Blood","Seeing Red"]},{"cards_removed":["Strike_R"],"damage_healed":0,"gold_gain":0,"player_choice":"Gave Gold","damage_taken":0,"max_hp_gain":0,"max_hp_loss":0,"event_name":"Beggar","floor":21,"gold_loss":75}],"is_beta":true,"boss_relics":[{"not_picked":["Lizard Tail","Runic Cube"],"picked":"Runic Dome"}],"items_purged_floors":[14],"is_endless":false,"potions_floor_spawned":[1,3,4],"killed_by":"Centurion and Healer","ascension_level":7}