{"gold_per_floor":[112,55,74,124,136,170,184,184,184,259,259,292,39,66,66,140,140,152,77,127,48,68,68,397,397,397,422,433,433,448,94,94,171,171,190,207,223,1222,406,406,72,107,107,107,53,78,78,103,103,103,103,103,103,13,42,42],"floor_reached":56,"playtime":10586,"items_purged":["Strike_R","Perfected Strike","Normality","Normality"],"score":1989,"play_id":"603da936-c291-4671-adcf-902facdcd99f","local_time":"20190117214733","is_ascension_mode":true,"campfire_choices":[{"data":"Bash","floor":11.0,"key":"SMITH"},{"data":"Disarm","floor":15.0,"key":"SMITH"},{"data":"Flame Barrier","floor":23.0,"key":"SMITH"},{"data":"Armaments","floor":29.0,"key":"SMITH"},{"data":"Demon Form","floor":32.0,"key":"SMITH"},{"data":"Evolve","floor":40.0,"key":"SMITH"},{"data":"Shockwave","floor":47.0,"key":"SMITH"},{"floor":49.0,"key":"RECALL"},{"data":"Flame Barrier","floor":53.0,"key":"SMITH"}],"neow_cost":"NONE","seed_source_timestamp":0,"circlet_count":0,"master_deck":["AscendersBane","Defend_R+1","Defend_R","Defend_R","Defend_R","Bash+1","Iron Wave","Wild Strike","Pommel Strike","Spot Weakness","Disarm+1","Flash of Steel","Shrug It Off+1","Impervious","Power Through+1","Flame Barrier+1","Intimidate+1","Armaments+1","Bite","Bite","Bite","Bite","Bite","Demon Form+1","True Grit+1","Corruption","Juggernaut","Shockwave+1","Evolve+1","Flame Barrier+1","Reaper","Burning Pact","Power Through","Pummel"],"special_seed":0,"relics":["Burning Blood","Centennial Puzzle","PreservedInsect","Darkstone Periapt","Regal Pillow","Coffee Dripper","Old Coin","Bronze Scales","Bird Faced Urn","War Paint","Mark of Pain","Paper Frog","Bag of Marbles","Membership Card","Bottled Tornado","Ancient Tea Set","Juzu Bracelet","Mercury Hourglass"],"potions_floor_usage":[56],"damage_taken":[{"damage":3.0,"enemies":"Small Slimes","floor":1.0,"turns":4.0},{"damage":7.0,"enemies":"Cultist","floor":3.0,"turns":4.0},{"damage":14.0,"enemies":"Jaw Worm","floor":5.0,"turns":4.0},{"damage":30.0,"enemies":"3 Sentries","floor":6.0,"turns":8.0},{"damage":2.0,"enemies":"Looter","floor":7.0,"turns":3.0},{"damage":0.0,"enemies":"Gremlin Nob","floor":12.0,"turns":2.0},{"damage":26.0,"enemies":"Lagavulin","floor":14.0,"turns":7.0},{"damage":12.0,"enemies":"The Guardian","floor":16.0,"turns":14.0},{"damage":19.0,"enemies":"Spheric Guardian","floor":18.0,"turns":4.0},{"damage":19.0,"enemies":"2 Thieves","floor":22.0,"turns":4.0},{"damage":13.0,"enemies":"Book of Stabbing","floor":24.0,"turns":5.0},{"damage":6.0,"enemies":"Slavers","floor":27.0,"turns":5.0},{"damage":15.0,"enemies":"Shelled Parasite and Fungi","floor":28.0,"turns":7.0},{"damage":17.0,"enemies":"Centurion and Healer","floor":30.0,"turns":7.0},{"damage":72.0,"enemies":"Collector","floor":33.0,"turns":10.0},{"damage":13.0,"enemies":"3 Shapes","floor":35.0,"turns":8.0},{"damage":3.0,"enemies":"3 Darklings","floor":36.0,"turns":8.0},{"damage":11.0,"enemies":"4 Shapes","floor":37.0,"turns":8.0},{"damage":53.0,"enemies":"Nemesis","floor":42.0,"turns":9.0},{"damage":35.0,"enemies":"Giant Head","floor":48.0,"turns":7.0},{"damage":53.0,"enemies":"Donu and Deca","floor":50.0,"turns":9.0},{"damage":84.0,"enemies":"Awakened One","floor":51.0,"turns":12.0},{"damage":58.0,"enemies":"Shield and Spear","floor":55.0,"turns":7.0},{"damage":81,"enemies":"The Heart","floor":56,"turns":8}],"seed_played":"5663202339991458522","potions_obtained":[{"floor":1.0,"key":"Regen Potion"},{"floor":5.0,"key":"SkillPotion"},{"floor":16.0,"key":"Ancient Potion"},{"floor":22.0,"key":"BloodPotion"},{"floor":24.0,"key":"AttackPotion"},{"floor":30.0,"key":"PowerPotion"},{"floor":48.0,"key":"Fire Potion"}],"is_trial":false,"path_per_floor":["M","$","M","?","M","E","M","?","T","?","R","E","$","E","R","B",null,"M","$","?","$","M","R","E","?","T","E","M","R","M","$","R","B",null,"M","M","M","?","$","R","$","E","T","?","$","T","R","E","R","B","B",null,"R","$","E","B"],"character_chosen":"IRONCLAD","items_purchased":["AttackPotion","Flash of Steel","LiquidBronze","Flame Barrier","Regen Potion","Corruption","War Paint","PowerPotion","Reaper","Paper Frog","Bag of Marbles","Regen Potion","Membership Card","Burning Pact","Swift Potion","SpeedPotion","Swift Potion","PowerPotion","Power Through","Pummel"],"campfire_rested":0,"item_purchase_floors":[2,13,13,19,21,31,31,31,39,39,39,39,41,41,41,45,45,54,54,54],"current_hp_per_floor":[78,78,77,77,81,57,61,54,54,43,43,49,49,29,29,23,67,54,54,54,54,53,53,54,54,54,57,57,57,57,57,57,8,45,52,57,57,69,69,69,69,62,62,62,62,62,62,46,46,47,20,55,55,55,46,0],"gold":42,"neow_bonus":"TEN_PERCENT_HP_BONUS","is_prod":false,"is_daily":false,"chose_seed":false,"campfire_upgraded":8,"win_rate":0,"timestamp":1547790453,"path_taken":["M","$","M","?","?","E","M","?","T","?","R","E","?","E","R","BOSS","M","$","?","$","M","R","E","?","T","E","M","R","M","$","R","BOSS","M","M","M","?","$","R","$","E","T","?","?","?","R","E","R","BOSS","BOSS","R","$","E","BOSS"],"build_version":"2019-01-16","purchased_purges":4,"victory":false,"max_hp_per_floor":[82,82,82,82,82,82,82,82,82,82,82,82,82,82,82,82,82,82,82,82,82,82,82,82,57,57,57,57,57,57,57,57,57,57,57,57,57,69,69,69,69,69,69,66,66,66,66,66,66,66,66,66,66,66,66,66],"card_choices":[{"not_picked":["Metallicize","Entrench"],"picked":"Iron Wave","floor":1.0},{"not_picked":["Cleave","Shrug It Off"],"picked":"Wild Strike","floor":3.0},{"not_picked":["Iron Wave","Second Wind"],"picked":"Perfected Strike","floor":5.0},{"not_picked":["Exhume","Sentinel"],"picked":"Pommel Strike","floor":6.0},{"not_picked":["Intimidate","Warcry"],"picked":"Spot Weakness","floor":7.0},{"not_picked":["Cleave","Flex"],"picked":"Disarm","floor":12.0},{"not_picked":["Body Slam","Rampage"],"picked":"Shrug It Off","floor":14.0},{"not_picked":["Double Tap","Exhume"],"picked":"Impervious","floor":16.0},{"not_picked":["Body Slam","Clash"],"picked":"Power Through+1","floor":18.0},{"not_picked":["Dropkick","Clothesline+1"],"picked":"Intimidate+1","floor":22.0},{"not_picked":["Pommel Strike","Heavy Blade"],"picked":"Armaments","floor":24.0},{"not_picked":["Iron Wave","Ghostly Armor"],"picked":"Demon Form","floor":27.0},{"not_picked":["Spot Weakness+1","Headbutt","Anger"],"picked":"SKIP","floor":28.0},{"not_picked":["Heavy Blade+1","Fiend Fire"],"picked":"True Grit+1","floor":30.0},{"not_picked":["Impervious","Exhume"],"picked":"Juggernaut","floor":33.0},{"not_picked":["Searing Blow","Pommel Strike"],"picked":"Shockwave","floor":35.0},{"not_picked":["Heavy Blade","Burning Pact"],"picked":"Evolve","floor":36.0},{"not_picked":["Sentinel+1","Evolve"],"picked":"Flame Barrier","floor":37.0},{"not_picked":["Reckless Charge","Fire Breathing+1","Thunderclap"],"picked":"SKIP","floor":42.0},{"not_picked":["Rage+1","Anger","Hemokinesis"],"picked":"SKIP","floor":48.0},{"not_picked":["Whirlwind+1","Bloodletting+1","Uppercut"],"picked":"SKIP","floor":55.0}],"player_experience":1238931,"relics_obtained":[{"floor":6.0,"key":"Centennial Puzzle"},{"floor":9.0,"key":"PreservedInsect"},{"floor":12.0,"key":"Darkstone Periapt"},{"floor":14.0,"key":"Regal Pillow"},{"floor":24.0,"key":"Old Coin"},{"floor":26.0,"key":"Bronze Scales"},{"floor":27.0,"key":"Bird Faced Urn"},{"floor":42.0,"key":"Bottled Tornado"},{"floor":46.0,"key":"Ancient Tea Set"},{"floor":48.0,"key":"Juzu Bracelet"},{"floor":55.0,"key":"Mercury Hourglass"}],"event_choices":[{"damage_healed":0.0,"max_hp_gain":0.0,"max_hp_loss":0.0,"gold_gain":50.0,"event_name":"Golden Shrine","player_choice":"Pray","floor":4.0,"gold_loss":0.0,"damage_taken":0.0},{"cards_removed":["Strike_R"],"damage_healed":0.0,"max_hp_gain":0.0,"max_hp_loss":0.0,"gold_gain":0.0,"event_name":"Golden Wing","player_choice":"Card Removal","floor":8.0,"gold_loss":0.0,"damage_taken":7.0},{"damage_healed":0.0,"max_hp_gain":0.0,"max_hp_loss":0.0,"gold_gain":75.0,"event_name":"World of Goop","player_choice":"Gather Gold","floor":10.0,"gold_loss":0.0,"damage_taken":11.0},{"damage_healed":0.0,"max_hp_gain":0.0,"max_hp_loss":0.0,"gold_gain":50.0,"event_name":"Nest","player_choice":"Stole From Cult","floor":20.0,"gold_loss":0.0,"damage_taken":0.0},{"damage_healed":0.0,"max_hp_gain":0.0,"max_hp_loss":25.0,"gold_gain":0.0,"event_name":"Vampires","player_choice":"Became a vampire","floor":25.0,"gold_loss":0.0,"damage_taken":0.0,"cards_obtained":["Bite","Bite","Bite","Bite","Bite"]},{"damage_healed":0.0,"max_hp_gain":0.0,"max_hp_loss":0.0,"gold_gain":999.0,"event_name":"MindBloom","player_choice":"Gold","floor":38.0,"gold_loss":0.0,"damage_taken":0.0,"cards_obtained":["Normality","Normality"]},{"damage_healed":0.0,"max_hp_gain":0.0,"max_hp_loss":3.0,"gold_gain":0.0,"event_name":"Winding Halls","player_choice":"Max HP","floor":44.0,"gold_loss":0.0,"damage_taken":0.0}],"is_beta":true,"boss_relics":[{"not_picked":["Black Blood","White Beast Statue"],"picked":"Coffee Dripper"},{"not_picked":["Lizard Tail","Tiny House"],"picked":"Mark of Pain"}],"items_purged_floors":[13,31,39,41],"is_endless":false,"potions_floor_spawned":[1,3,5,16,22,24,30,48],"killed_by":"The Heart","ascension_level":20}