{"gold_per_floor":[117,117,127,25,44,75,93,128,174,174,208,227,246,274,274,379,379,393,52,151,167,187,187,216,229,229,229,263,363,91,106,106,207,207,219,234,246,246,49,49,66,95,118,118,131,131],"floor_reached":46,"playtime":3001,"items_purged":["Strike_G","Strike_G"],"score":696,"play_id":"70bf0d2f-5c52-4958-9940-644b888ea322","local_time":"20190109194533","is_ascension_mode":true,"campfire_choices":[{"floor":10,"key":"REST"},{"data":"Predator","floor":15,"key":"SMITH"},{"data":"Footwork","floor":23,"key":"SMITH"},{"floor":27,"key":"REST"},{"floor":32,"key":"REST"},{"floor":40,"key":"REST"}],"neow_cost":"NONE","seed_source_timestamp":1141420180303,"circlet_count":0,"master_deck":["Defend_G","Defend_G","Defend_G","Defend_G","Defend_G","Strike_G","Strike_G","Strike_G","Survivor","Neutralize","Dagger Spray","Predator+1","Well Laid Plans","Quick Slash","Backflip","Cloak And Dagger","A Thousand Cuts","Footwork+1","Backstab","Infinite Blades","Escape Plan","Corpse Explosion","Dodge and Roll","Dash","Skim+1","Leap","Footwork","Escape Plan","Cloak And Dagger","Wraith Form v2","Flash of Steel","Caltrops","Cloak And Dagger","Doubt"],"relics":["Ring of the Serpent","Regal Pillow","NlothsMask","Blood Vial","Bottled Lightning","Strawberry","Odd Mushroom","Busted Crown","Bag of Preparation","PrismaticShard","Snake Skull","Boot","Paper Crane","Happy Flower"],"potions_floor_usage":[6,8,11,14,16,24,31,41,41,42,46],"damage_taken":[{"damage":1,"enemies":"Small Slimes","floor":1,"turns":4},{"damage":0,"enemies":"Cultist","floor":3,"turns":5},{"damage":0,"enemies":"2 Louse","floor":5,"turns":2},{"damage":30,"enemies":"Lagavulin","floor":6,"turns":6},{"damage":1,"enemies":"2 Fungi Beasts","floor":7,"turns":4},{"damage":5,"enemies":"3 Sentries","floor":8,"turns":7},{"damage":17,"enemies":"Gremlin Nob","floor":11,"turns":4},{"damage":1,"enemies":"Looter","floor":12,"turns":4},{"damage":21,"enemies":"Exordium Thugs","floor":13,"turns":5},{"damage":14,"enemies":"The Mushroom Lair","floor":14,"turns":4},{"damage":2,"enemies":"Slime Boss","floor":16,"turns":9},{"damage":23,"enemies":"Spheric Guardian","floor":18,"turns":4},{"damage":2,"enemies":"3 Byrds","floor":21,"turns":4},{"damage":1,"enemies":"3 Cultists","floor":22,"turns":4},{"damage":26,"enemies":"Gremlin Leader","floor":24,"turns":10},{"damage":0,"enemies":"Snecko","floor":25,"turns":4},{"damage":47,"enemies":"Slavers","floor":28,"turns":4},{"damage":2,"enemies":"Chosen and Byrds","floor":31,"turns":7},{"damage":43,"enemies":"Automaton","floor":33,"turns":14},{"damage":0,"enemies":"3 Shapes","floor":35,"turns":4},{"damage":8,"enemies":"3 Darklings","floor":36,"turns":5},{"damage":9,"enemies":"Sphere and 2 Shapes","floor":37,"turns":9},{"damage":0,"enemies":"Jaw Worm Horde","floor":41,"turns":4},{"damage":35,"enemies":"Reptomancer","floor":42,"turns":10},{"damage":13,"enemies":"3 Darklings","floor":45,"turns":5},{"damage":77,"enemies":"Giant Head","floor":46,"turns":11}],"seed_played":"-8902190093998247672","potions_obtained":[{"floor":1,"key":"Poison Potion"},{"floor":5,"key":"Energy Potion"},{"floor":6,"key":"FearPotion"},{"floor":8,"key":"AttackPotion"},{"floor":12,"key":"Regen Potion"},{"floor":21,"key":"GamblersBrew"},{"floor":31,"key":"Fruit Juice"},{"floor":36,"key":"Explosive Potion"},{"floor":37,"key":"PowerPotion"},{"floor":41,"key":"FearPotion"},{"floor":42,"key":"FearPotion"}],"is_trial":false,"path_per_floor":["M","?","M","$","M","E","M","E","T","R","E","M","M","?","R","B",null,"M","$","?","M","M","R","E","M","T","R","E","?","$","M","R","B",null,"M","M","M","?","$","R","M","E","T","?","M","E"],"character_chosen":"THE_SILENT","items_purchased":["Well Laid Plans","Quick Slash","Bag of Preparation","PrismaticShard","Footwork","Escape Plan","Cloak And Dagger","Caltrops","Cloak And Dagger"],"campfire_rested":4,"item_purchase_floors":[4,4,19,19,30,30,30,39,39],"current_hp_per_floor":[69,69,69,69,69,39,40,37,37,70,60,61,42,42,42,42,68,47,47,47,47,48,48,24,26,26,64,19,19,19,24,63,22,67,69,63,56,56,56,82,82,47,47,82,69,0],"gold":131,"neow_bonus":"RANDOM_COMMON_RELIC","is_prod":false,"is_daily":false,"chose_seed":false,"campfire_upgraded":2,"win_rate":0,"timestamp":1547081133,"path_taken":["M","?","M","?","M","E","M","E","T","R","E","M","M","?","R","BOSS","M","$","?","M","M","R","E","M","T","R","E","?","$","M","R","BOSS","M","M","M","?","$","R","M","E","T","?","M","E"],"build_version":"2019-01-08","purchased_purges":2,"victory":false,"max_hp_per_floor":[70,70,70,70,70,70,70,70,70,70,77,77,77,77,77,77,77,77,77,77,77,77,77,77,77,77,77,77,77,77,82,82,82,82,82,82,82,82,82,82,82,82,82,82,82,82],"card_choices":[{"not_picked":["Deadly Poison","Underhanded Strike"],"picked":"Dagger Spray","floor":1},{"not_picked":["Outmaneuver","Flying Knee"],"picked":"Predator","floor":3},{"not_picked":["Blade Dance","Prepared","Quick Slash"],"picked":"SKIP","floor":5},{"not_picked":["Tactician","Slice"],"picked":"Backflip","floor":6},{"not_picked":["Reflex","Dagger Spray"],"picked":"Cloak And Dagger","floor":7},{"not_picked":["Slice","Heel Hook"],"picked":"A Thousand Cuts","floor":8},{"not_picked":["Masterful Stab","Quick Slash"],"picked":"Footwork","floor":11},{"not_picked":["Underhanded Strike","Eviscerate"],"picked":"Backstab","floor":12},{"not_picked":["Slice","Quick Slash"],"picked":"Infinite Blades","floor":13},{"not_picked":["Quick Slash","All Out Attack"],"picked":"Escape Plan","floor":14},{"not_picked":["Storm of Steel","Glass Knife"],"picked":"Corpse Explosion","floor":16},{"not_picked":[],"picked":"Dodge and Roll","floor":18},{"not_picked":["Go for the Eyes+1"],"picked":"SKIP","floor":21},{"not_picked":[],"picked":"Dash","floor":22},{"not_picked":[],"picked":"Skim+1","floor":24},{"not_picked":[],"picked":"Leap","floor":25},{"not_picked":["Body Slam"],"picked":"SKIP","floor":28},{"not_picked":["Hemokinesis"],"picked":"SKIP","floor":31},{"not_picked":[],"picked":"Wraith Form v2","floor":33},{"not_picked":["Clothesline"],"picked":"SKIP","floor":35},{"not_picked":["Deadly Poison+1"],"picked":"SKIP","floor":36},{"not_picked":["Clash"],"picked":"SKIP","floor":37},{"not_picked":[],"picked":"Flash of Steel","floor":38},{"not_picked":["Anger"],"picked":"SKIP","floor":41},{"not_picked":["Headbutt"],"picked":"SKIP","floor":42},{"not_picked":["Beam Cell"],"picked":"SKIP","floor":45}],"player_experience":1219141,"relics_obtained":[{"floor":6,"key":"Blood Vial"},{"floor":8,"key":"Bottled Lightning"},{"floor":11,"key":"Strawberry"},{"floor":14,"key":"Odd Mushroom"},{"floor":24,"key":"Snake Skull"},{"floor":26,"key":"Boot"},{"floor":28,"key":"Paper Crane"},{"floor":42,"key":"Happy Flower"}],"event_choices":[{"damage_healed":0,"gold_gain":0,"player_choice":"Trade","damage_taken":0,"relics_obtained":["NlothsMask"],"max_hp_gain":0,"max_hp_loss":0,"event_name":"FaceTrader","floor":2,"gold_loss":0},{"damage_healed":0,"gold_gain":0,"player_choice":"Fought Mushrooms","damage_taken":0,"max_hp_gain":0,"max_hp_loss":0,"event_name":"Mushrooms","floor":14,"gold_loss":0},{"damage_healed":0,"gold_gain":99,"player_choice":"Stole From Cult","damage_taken":0,"max_hp_gain":0,"max_hp_loss":0,"event_name":"Nest","floor":20,"gold_loss":0},{"damage_healed":0,"gold_gain":100,"player_choice":"Pray","damage_taken":0,"max_hp_gain":0,"max_hp_loss":0,"event_name":"Golden Shrine","floor":29,"gold_loss":0},{"damage_healed":0,"gold_gain":0,"player_choice":"Memory 1","damage_taken":0,"max_hp_gain":0,"max_hp_loss":0,"event_name":"SensoryStone","floor":38,"gold_loss":0},{"damage_healed":35,"gold_gain":0,"player_choice":"Heal","damage_taken":0,"max_hp_gain":0,"max_hp_loss":0,"event_name":"MindBloom","floor":44,"gold_loss":0,"cards_obtained":["Doubt"]}],"is_beta":true,"boss_relics":[{"not_picked":["White Beast Statue","Runic Dome"],"picked":"Busted Crown"},{"not_picked":["Coffee Dripper","Lizard Tail"],"picked":"Ring of the Serpent"}],"items_purged_floors":[30,39],"is_endless":false,"potions_floor_spawned":[1,5,6,8,12,21,31,36,37,41,42],"killed_by":"Giant Head","ascension_level":5}