{"gold_per_floor":[113,131,150,74,85,111,111,121,199,214,214,242,242,273,273,348,348,288,288,288,203,203,203,203,203,203,203,203,203,132,132,132,132],"floor_reached":33,"playtime":1550,"items_purged":[],"score":499,"play_id":"f126bc46-ec78-4318-aad6-c93d1818e921","local_time":"20190107204338","is_ascension_mode":true,"campfire_choices":[{"data":"Immolate","floor":7,"key":"SMITH"},{"floor":11,"key":"REST"},{"floor":13,"key":"REST"},{"floor":15,"key":"REST"},{"data":"Barricade","floor":25,"key":"SMITH"},{"data":"Rampage","floor":28,"key":"SMITH"},{"floor":32,"key":"REST"}],"neow_cost":"NONE","seed_source_timestamp":606286271309499,"circlet_count":0,"master_deck":["AscendersBane","Strike_R","Strike_R","Strike_R","Defend_R","Defend_R","Defend_R","Defend_R","Bash","Immolate+1","Rampage+1","Shrug It Off","Evolve","Headbutt","Shrug It Off","Sentinel","Barricade+1","Pommel Strike","Flame Barrier","Pommel Strike","Feel No Pain","Dark Embrace","Armaments+1","Intimidate","Searing Blow","True Grit","Inflame+1","Immolate","Intimidate","RitualDagger","Feel No Pain"],"relics":["Burning Blood","Kunai","Incense Burner","Lantern","Ectoplasm","Shuriken","Darkstone Periapt","Peace Pipe","Paper Frog","Nloth\u0027s Gift"],"potions_floor_usage":[6,8,16,23,24],"damage_taken":[{"damage":1,"enemies":"2 Louse","floor":1,"turns":2},{"damage":6,"enemies":"Jaw Worm","floor":2,"turns":4},{"damage":0,"enemies":"Small Slimes","floor":3,"turns":3},{"damage":5,"enemies":"Exordium Wildlife","floor":5,"turns":3},{"damage":33,"enemies":"Gremlin Nob","floor":6,"turns":5},{"damage":6,"enemies":"Looter","floor":8,"turns":2},{"damage":16,"enemies":"Exordium Thugs","floor":10,"turns":5},{"damage":44,"enemies":"Lagavulin","floor":12,"turns":10},{"damage":15,"enemies":"3 Sentries","floor":14,"turns":4},{"damage":50,"enemies":"Slime Boss","floor":16,"turns":12},{"damage":1,"enemies":"2 Thieves","floor":18,"turns":4},{"damage":20,"enemies":"Spheric Guardian","floor":22,"turns":4},{"damage":27,"enemies":"Slavers","floor":23,"turns":9},{"damage":7,"enemies":"Snake Plant","floor":24,"turns":4},{"damage":0,"enemies":"Chosen and Byrds","floor":27,"turns":8},{"damage":123,"enemies":"Automaton","floor":33,"turns":14}],"seed_played":"2266440607672660006","potions_obtained":[{"floor":1,"key":"FearPotion"},{"floor":3,"key":"GamblersBrew"},{"floor":6,"key":"Explosive Potion"},{"floor":14,"key":"LiquidBronze"},{"floor":16,"key":"Regen Potion"},{"floor":23,"key":"LiquidBronze"},{"floor":24,"key":"FairyPotion"}],"is_trial":false,"path_per_floor":["M","M","M","$","M","E","R","M","T","M","R","E","R","E","R","B",null,"M","?","T","?","M","E","M","R","T","M","R","?","$","?","R","B"],"character_chosen":"IRONCLAD","items_purchased":["Evolve","Feel No Pain"],"campfire_rested":4,"item_purchase_floors":[4,30],"current_hp_per_floor":[73,73,75,75,75,48,48,48,48,38,60,22,44,35,57,13,60,65,65,65,65,51,45,44,44,44,50,50,44,44,44,66,0],"gold":132,"neow_bonus":"ONE_RANDOM_RARE_CARD","is_prod":false,"is_daily":false,"chose_seed":false,"campfire_upgraded":3,"win_rate":0,"timestamp":1546911818,"path_taken":["M","M","M","$","M","E","R","M","T","M","R","E","R","E","R","BOSS","M","?","?","?","M","E","M","R","T","?","R","?","$","?","R","BOSS"],"build_version":"2019-01-03v4","purchased_purges":0,"victory":false,"max_hp_per_floor":[75,75,75,75,75,75,75,75,75,75,75,75,75,75,75,75,75,75,75,75,75,75,75,75,75,75,75,75,75,75,75,75,75],"card_choices":[{"not_picked":["Pummel","Wild Strike"],"picked":"Rampage","floor":1},{"not_picked":["Warcry","Havoc"],"picked":"Shrug It Off","floor":2},{"not_picked":["Perfected Strike","Blood for Blood","Flex"],"picked":"SKIP","floor":3},{"not_picked":["Anger","Cleave","Clash"],"picked":"SKIP","floor":5},{"not_picked":["Brutality","Pommel Strike"],"picked":"Headbutt","floor":6},{"not_picked":["Thunderclap","Iron Wave"],"picked":"Shrug It Off","floor":8},{"not_picked":["Cleave","Perfected Strike"],"picked":"Sentinel","floor":10},{"not_picked":["Wild Strike","Rampage"],"picked":"Barricade","floor":11},{"not_picked":["Cleave","Heavy Blade"],"picked":"Pommel Strike","floor":12},{"not_picked":["Feel No Pain","Heavy Blade"],"picked":"Flame Barrier","floor":13},{"not_picked":["Metallicize","Rupture"],"picked":"Pommel Strike","floor":14},{"not_picked":["Pummel","Armaments"],"picked":"Feel No Pain","floor":15},{"not_picked":["Impervious","Demon Form"],"picked":"Dark Embrace","floor":16},{"not_picked":["Fire Breathing","Sever Soul"],"picked":"Armaments+1","floor":18},{"not_picked":["Headbutt","Pommel Strike"],"picked":"True Grit","floor":22},{"not_picked":["Twin Strike","Perfected Strike"],"picked":"Inflame+1","floor":23},{"not_picked":["Evolve","Bloodletting"],"picked":"Immolate","floor":24},{"not_picked":["Heavy Blade","Hemokinesis"],"picked":"Intimidate","floor":27}],"player_experience":1206295,"relics_obtained":[{"floor":6,"key":"Dream Catcher"},{"floor":9,"key":"Kunai"},{"floor":12,"key":"Incense Burner"},{"floor":14,"key":"Lantern"},{"floor":20,"key":"Shuriken"},{"floor":23,"key":"Peace Pipe"},{"floor":26,"key":"Paper Frog"}],"event_choices":[{"damage_healed":0,"gold_gain":0,"cards_transformed":["Strike_R","Strike_R"],"player_choice":"Became Test Subject","damage_taken":0,"max_hp_gain":0,"max_hp_loss":0,"event_name":"Drug Dealer","floor":19,"gold_loss":0,"cards_obtained":["Intimidate","Searing Blow"]},{"damage_healed":0,"gold_gain":0,"player_choice":"Obtained Relic","damage_taken":0,"relics_obtained":["Darkstone Periapt"],"max_hp_gain":0,"max_hp_loss":0,"event_name":"Addict","floor":21,"gold_loss":85},{"damage_healed":0,"gold_gain":0,"player_choice":"Joined the Cult","damage_taken":6,"max_hp_gain":0,"max_hp_loss":0,"event_name":"Nest","floor":29,"gold_loss":0,"cards_obtained":["RitualDagger"]},{"damage_healed":0,"gold_gain":0,"player_choice":"Traded Relic","damage_taken":0,"relics_obtained":["Nloth\u0027s Gift"],"max_hp_gain":0,"max_hp_loss":0,"event_name":"N\u0027loth","floor":31,"relics_lost":["Dream Catcher"],"gold_loss":0}],"is_beta":true,"boss_relics":[{"not_picked":["White Beast Statue","Black Blood"],"picked":"Ectoplasm"}],"items_purged_floors":[],"is_endless":false,"potions_floor_spawned":[1,3,6,14,16,23,24],"killed_by":"Automaton","ascension_level":15}