{"path_per_floor":["M","?","?","?","M","R","E","M","T","M","?","$","R","M","R","B",null,"M","M","M","M","$","R","M","$","T","M","R","M","R","?","R","B",null,"M","?","?","?","$","R","M","R","T","R"],"character_chosen":"IRONCLAD","items_purchased":["Ghostly Armor","Evolve","Ghostly Armor"],"gold_per_floor":[16,16,91,91,101,101,129,141,141,159,159,84,84,99,99,200,200,219,234,248,268,91,91,105,66,66,81,81,96,96,96,96,201,201,215,215,215,215,21,21,38,38,38,38],"floor_reached":45,"campfire_rested":4,"playtime":2004,"current_hp_per_floor":[71,71,60,60,60,60,44,50,50,55,55,55,55,45,80,57,80,80,80,68,8,8,47,46,46,46,43,43,49,49,49,80,46,80,62,52,52,52,52,52,27,66,66,66],"items_purged":["Strike_R","Defend_R","Normality"],"gold":38,"score":363,"play_id":"e63c90c6-8c91-4dba-bab8-81c9fe00dbaa","local_time":"20180302150532","is_prod":false,"is_daily":false,"is_ascension_mode":false,"campfire_upgraded":6,"timestamp":1520021132,"path_taken":["M","?","?","?","M","R","E","M","T","M","?","$","R","?","R","BOSS","M","M","M","M","$","R","M","$","T","M","R","M","R","?","R","BOSS","M","?","?","?","$","R","M","R","T","R","E"],"build_version":"2018-03-01-PROD1","purchased_purges":3,"victory":false,"master_deck":["Strike_R","Strike_R","Defend_R","Defend_R","Bash","Wild Strike+1","Headbutt","Barricade+1","Iron Wave","Body Slam+1","Ghostly Armor+1","Flex","Infernal Blade","Immolate","Flame Barrier+1","Havoc+1","Power Through+1","Thunderclap+1","Shrug It Off","Evolve+1","Body Slam","Body Slam","Writhe","Double Tap","Parasite","Decay","Madness","Madness","Ghostly Armor","Hemokinesis+1"],"max_hp_per_floor":[80,80,80,80,80,80,80,80,80,80,80,80,80,80,80,80,80,80,80,80,80,80,80,80,80,80,80,80,80,80,80,80,80,80,80,80,80,80,80,80,80,80,80,80],"relics":["Burning Blood","Sundial","Regal Pillow","Sozu","Torii","Frozen Egg 2","Calling Bell","Mummified Hand","Bird Faced Urn","Bag of Preparation","Du-Vu Doll"],"card_choices":[{"not_picked":["Bloodletting","Anger"],"picked":"Wild Strike"},{"not_picked":["Clothesline","Perfected Strike"],"picked":"Iron Wave"},{"not_picked":["Headbutt","Heavy Blade"],"picked":"Body Slam"},{"not_picked":["Disarm","Anger"],"picked":"Ghostly Armor"},{"not_picked":["True Grit","Exhume"],"picked":"Flex"},{"not_picked":["Shockwave","Carnage"],"picked":"Infernal Blade"},{"not_picked":["Brutality","Feed"],"picked":"Immolate"},{"not_picked":["Inflame","Carnage"],"picked":"Flame Barrier"},{"not_picked":["Perfected Strike","Shrug It Off"],"picked":"Havoc"},{"not_picked":["Flame Barrier","Anger"],"picked":"Power Through"},{"not_picked":["Infernal Blade","Clash"],"picked":"Thunderclap"},{"not_picked":["Pommel Strike","Havoc"],"picked":"Shrug It Off"},{"not_picked":["Dropkick","Perfected Strike"],"picked":"Body Slam"},{"not_picked":["Havoc","Anger"],"picked":"Body Slam"},{"not_picked":["Barricade","Immolate"],"picked":"Double Tap"},{"not_picked":["Combust","Perfected Strike"],"picked":"Hemokinesis"}],"player_experience":325695,"potions_floor_usage":[16,24,24],"damage_taken":[{"damage":15,"enemies":"Jaw Worm","floor":1,"turns":4},{"damage":6,"enemies":"Cultist","floor":5,"turns":3},{"damage":22,"enemies":"3 Sentries","floor":7,"turns":6},{"damage":0,"enemies":"Small Slimes","floor":8,"turns":2},{"damage":1,"enemies":"3 Louse","floor":10,"turns":4},{"damage":16,"enemies":"Large Slime","floor":14,"turns":7},{"damage":29,"enemies":"The Guardian","floor":16,"turns":12},{"damage":5,"enemies":"Shell Parasite","floor":18,"turns":6},{"damage":0,"enemies":"3 Byrds","floor":19,"turns":5},{"damage":18,"enemies":"Cultist and Chosen","floor":20,"turns":7},{"damage":66,"enemies":"3 Cultists","floor":21,"turns":9},{"damage":7,"enemies":"Centurion and Healer","floor":24,"turns":5},{"damage":9,"enemies":"Sentry and Sphere","floor":27,"turns":8},{"damage":0,"enemies":"Snake Plant","floor":29,"turns":4},{"damage":40,"enemies":"Automaton","floor":33,"turns":12},{"damage":24,"enemies":"Orb Walker","floor":35,"turns":3},{"damage":35,"enemies":"3 Shapes","floor":41,"turns":5},{"damage":70,"enemies":"2 Orb Walkers","floor":45,"turns":3}],"event_choices":[{"event_name":"Match and Keep!","player_choice":"2 cards matched","floor":2,"damage_taken":0},{"event_name":"World of Goop","player_choice":"Gather Gold","floor":3,"damage_taken":0},{"event_name":"Living Wall","player_choice":"Grow","floor":4,"damage_taken":0},{"event_name":"Purifier","player_choice":"One Purge","floor":11,"damage_taken":0},{"event_name":"The Mausoleum","player_choice":"Yes","floor":31,"damage_taken":0},{"event_name":"Winding Halls","player_choice":"Embrace Madness","floor":36,"damage_taken":0},{"event_name":"Tomb of Lord Red Mask","player_choice":"Ignored","floor":37,"damage_taken":0}],"boss_relics":[{"not_picked":["Tiny House","Eternal Feather"],"picked":"Sozu"},{"not_picked":["Runic Dome","Philosopher\u0027s Stone"],"picked":"Calling Bell"}],"potions_floor_spawned":[1,14,16,18,19,33,35],"seed_played":"2908661819715794645","killed_by":"2 Orb Walkers","ascension_level":0,"is_trial":false}