{"path_per_floor":["M","?","M","M","M","R","E","R","T","E","R","M","E","M","R","B",null,"M","M","$","M","?","E","R","E","T"],"character_chosen":"IRONCLAD","items_purchased":["Bottled Lightning"],"gold_per_floor":[110,110,120,138,156,156,182,182,206,238,238,257,291,306,306,406,406,406,361,34,34,34,34,34,34,34],"floor_reached":27,"campfire_rested":2,"playtime":964,"current_hp_per_floor":[77,77,71,70,65,65,53,53,53,69,69,78,61,56,96,20,96,95,78,78,60,60,33,76,59,59],"items_purged":["Defend_R"],"gold":34,"score":383,"play_id":"1b69b4d2-669e-46d7-9e9c-39599df5f4db","local_time":"20180305220317","is_prod":false,"is_daily":false,"is_ascension_mode":true,"campfire_upgraded":3,"timestamp":1520305397,"path_taken":["M","?","M","M","M","R","E","R","T","E","R","M","E","M","R","BOSS","M","M","$","M","?","E","R","E","T","E"],"build_version":"2018-03-01-PROD1","purchased_purges":1,"victory":false,"master_deck":["Strike_R","Strike_R","Strike_R","Defend_R","Defend_R","Defend_R","Bash","Flex+1","Headbutt+1","Cleave","Heavy Blade+1","Feed","Inflame","Headbutt","Double Tap","Hemokinesis","Limit Break","Headbutt+1"],"max_hp_per_floor":[80,80,80,80,80,80,80,80,80,90,90,93,96,96,96,96,96,96,96,96,96,96,96,96,96,96],"relics":["Burning Blood","Dream Catcher","Regal Pillow","Pear","Anchor","Ectoplasm","Bottled Lightning","Bag of Preparation","Molten Egg 2","Prayer Wheel"],"card_choices":[{"not_picked":["Heavy Blade","Iron Wave"],"picked":"Flex"},{"not_picked":["Twin Strike","Warcry"],"picked":"Headbutt"},{"not_picked":["Entrench","Twin Strike"],"picked":"Cleave"},{"not_picked":["Sword Boomerang","Clash"],"picked":"Heavy Blade"},{"not_picked":["Metallicize","Clash"],"picked":"Feed"},{"not_picked":["Shockwave","Armaments"],"picked":"Inflame"},{"not_picked":["Body Slam","Combust"],"picked":"Headbutt"},{"not_picked":["Dark Embrace","Juggernaut"],"picked":"Double Tap"},{"not_picked":["Warcry","Entrench"],"picked":"Hemokinesis"},{"not_picked":["Flex","Shrug It Off"],"picked":"Limit Break"},{"not_picked":["Iron Wave","Infernal Blade"],"picked":"Headbutt"}],"player_experience":419692,"potions_floor_usage":[7,7,12,18,18,21,23],"damage_taken":[{"damage":9,"enemies":"2 Louse","floor":1,"turns":3},{"damage":12,"enemies":"Small Slimes","floor":3,"turns":4},{"damage":7,"enemies":"Jaw Worm","floor":4,"turns":2},{"damage":11,"enemies":"Looter","floor":5,"turns":2},{"damage":18,"enemies":"Lagavulin","floor":7,"turns":5},{"damage":0,"enemies":"Gremlin Nob","floor":10,"turns":2},{"damage":0,"enemies":"2 Fungi Beasts","floor":12,"turns":1},{"damage":26,"enemies":"3 Sentries","floor":13,"turns":6},{"damage":11,"enemies":"Blue Slaver","floor":14,"turns":3},{"damage":82,"enemies":"Hexaghost","floor":16,"turns":9},{"damage":7,"enemies":"Chosen","floor":18,"turns":3},{"damage":23,"enemies":"2 Thieves","floor":19,"turns":3},{"damage":24,"enemies":"Snake Plant","floor":21,"turns":3},{"damage":33,"enemies":"Slavers","floor":23,"turns":4},{"damage":23,"enemies":"Book of Stabbing","floor":25,"turns":3},{"damage":65,"enemies":"Gremlin Leader","floor":27,"turns":4}],"event_choices":[{"event_name":"Living Wall","player_choice":"Forget","floor":2,"damage_taken":0},{"event_name":"Back to Basics","player_choice":"Elegance","floor":22,"damage_taken":0}],"boss_relics":[{"not_picked":["Calling Bell","Snecko Eye"],"picked":"Ectoplasm"}],"potions_floor_spawned":[3,4,10,13,16,19,21],"seed_played":"-8109712577491742149","killed_by":"Gremlin Leader","ascension_level":4,"is_trial":false}