{"path_per_floor":["M","?","M","M","T","E","R","E","T","M","M","$","$","M","R","B",null,"M","M"],"character_chosen":"IRONCLAD","items_purchased":["Paper Frog","Corruption","Corruption"],"gold_per_floor":[114,194,211,231,313,347,347,380,426,440,453,104,27,46,46,142,142,161,177,177],"floor_reached":20,"campfire_rested":1,"playtime":837,"current_hp_per_floor":[80,80,80,80,80,61,61,39,39,47,50,50,50,57,80,50,73,52,45,0],"items_purged":["Strike_R"],"gold":177,"score":233,"play_id":"6f817a00-97b7-4ff5-9c92-1e8e6040154c","local_time":"20180323220446","is_prod":false,"is_daily":false,"is_ascension_mode":true,"campfire_upgraded":1,"timestamp":1521857086,"path_taken":["M","?","?","M","?","E","R","E","T","M","M","?","$","M","R","BOSS","M","M","M"],"build_version":"2018-03-22v2","purchased_purges":1,"victory":false,"master_deck":["Strike_R","Strike_R","Strike_R","Strike_R","Defend_R","Defend_R","Defend_R","Defend_R","Bash","Clash+1","Spot Weakness","Second Wind","Sever Soul","Shrug It Off","Heavy Blade","Corruption","Corruption","Seeing Red","Rampage","Demon Form","Sword Boomerang+1","Fire Breathing+1"],"max_hp_per_floor":[80,80,80,80,80,80,80,80,80,80,80,80,80,80,80,80,80,80,80,80],"relics":["Burning Blood","NeowsBlessing","Meat on the Bone","Gambling Chip","Dream Catcher","Lantern","Paper Frog","Cursed Key"],"card_choices":[{"not_picked":["Clothesline","Infernal Blade"],"picked":"Clash","floor":1},{"not_picked":["Combust","Armaments"],"picked":"Spot Weakness","floor":3},{"not_picked":["Body Slam","Uppercut"],"picked":"Second Wind","floor":4},{"not_picked":["Perfected Strike","Carnage"],"picked":"Sever Soul","floor":6},{"not_picked":["Warcry","True Grit"],"picked":"Shrug It Off","floor":10},{"not_picked":["Reckless Charge","Body Slam"],"picked":"Heavy Blade","floor":11},{"not_picked":["Cleave","Warcry"],"picked":"Seeing Red","floor":14},{"not_picked":["Wild Strike","Uppercut"],"picked":"Rampage","floor":15},{"not_picked":["Feed","Dark Embrace"],"picked":"Demon Form","floor":16},{"not_picked":["Sever Soul","True Grit"],"picked":"Sword Boomerang","floor":18},{"not_picked":["Pommel Strike","Twin Strike"],"picked":"Fire Breathing","floor":19}],"player_experience":656078,"potions_floor_usage":[14,16,16],"damage_taken":[{"damage":0,"enemies":"2 Louse","floor":1,"turns":1},{"damage":0,"enemies":"Jaw Worm","floor":3,"turns":1},{"damage":0,"enemies":"Small Slimes","floor":4,"turns":2},{"damage":25,"enemies":"3 Sentries","floor":6,"turns":9},{"damage":40,"enemies":"Lagavulin","floor":8,"turns":5},{"damage":10,"enemies":"Exordium Thugs","floor":10,"turns":3},{"damage":3,"enemies":"Exordium Wildlife","floor":11,"turns":2},{"damage":20,"enemies":"Lots of Slimes","floor":14,"turns":4},{"damage":51,"enemies":"The Guardian","floor":16,"turns":10},{"damage":39,"enemies":"2 Thieves","floor":18,"turns":4},{"damage":25,"enemies":"Spheric Guardian","floor":19,"turns":4},{"damage":47,"enemies":"Chosen and Byrds","floor":20,"turns":5}],"event_choices":[{"event_name":"Golden Wing","player_choice":"Gained Gold","floor":2,"damage_taken":0}],"boss_relics":[{"not_picked":["Black Star","Philosopher\u0027s Stone"],"picked":"Cursed Key"}],"potions_floor_spawned":[3,4,8,11,16,19],"seed_played":"5592826695656426582","killed_by":"Chosen and Byrds","ascension_level":5,"is_trial":false}