{"gold_per_floor":[117,32,32,32,46,46,73,73,73,87,12,23,97,131,131,233,233,244,8,8,8,18,43,66,78,90,102,130,156,168,197,209,319,331,362,393,416,477,589,601,683,695,756,799,811,850,879,907,919,931,943,955,160,191,191],"floor_reached":56,"playtime":2725,"items_purged":["Strike_G"],"score":1422,"play_id":"06df8ffe-ad44-48bb-881f-bb8f748638b2","local_time":"20190103232637","is_ascension_mode":true,"campfire_choices":[{"data":"Dagger Spray","floor":6,"key":"SMITH"},{"floor":8,"key":"REST"},{"data":"Footwork","floor":15,"key":"SMITH"},{"floor":25,"key":"REST"},{"data":"After Image","floor":27,"key":"SMITH"},{"floor":32,"key":"REST"},{"data":"1","floor":40,"key":"LIFT"},{"data":"2","floor":42,"key":"LIFT"},{"floor":45,"key":"REST"},{"floor":49,"key":"RECALL"},{"data":"3","floor":52,"key":"LIFT"}],"neow_cost":"NONE","seed_source_timestamp":269171564208873,"circlet_count":0,"master_deck":["Defend_G","Defend_G","Defend_G","Defend_G","Defend_G","Strike_G","Strike_G","Strike_G","Survivor","Neutralize","Quick Slash","Footwork+1","Dagger Spray+1","Strike_G","Blade Dance","Sucker Punch","Noxious Fumes","Die Die Die","Dagger Spray","Cloak And Dagger+1","After Image+1","Infinite Blades","Well Laid Plans","Dodge and Roll+1","Crippling Poison+1","Noxious Fumes+1","Terror+1","Caltrops","Backflip+1","Cloak And Dagger+1","A Thousand Cuts","Dodge and Roll+1","Dodge and Roll+1","Dodge and Roll+1","Acrobatics+1","Infinite Blades","After Image+1","Infinite Blades"],"relics":["Ring of the Snake","Vajra","Centennial Puzzle","Ninja Scroll","Kunai","Toxic Egg 2","Sozu","Pen Nib","Tingsha","MawBank","Molten Egg 2","Fusion Hammer","Calipers","Girya","Happy Flower","Singing Bowl","Tough Bandages","Bird Faced Urn","Oddly Smooth Stone","DollysMirror","Mercury Hourglass"],"potions_floor_usage":[33],"damage_taken":[{"damage":1,"enemies":"Small Slimes","floor":1,"turns":4},{"damage":0,"enemies":"Cultist","floor":5,"turns":3},{"damage":40,"enemies":"Gremlin Nob","floor":7,"turns":5},{"damage":0,"enemies":"2 Louse","floor":10,"turns":1},{"damage":0,"enemies":"Looter","floor":12,"turns":2},{"damage":3,"enemies":"3 Sentries","floor":14,"turns":3},{"damage":9,"enemies":"The Guardian","floor":16,"turns":13},{"damage":0,"enemies":"Spheric Guardian","floor":18,"turns":2},{"damage":0,"enemies":"3 Byrds","floor":22,"turns":4},{"damage":24,"enemies":"Gremlin Leader","floor":23,"turns":6},{"damage":13,"enemies":"Snecko","floor":24,"turns":4},{"damage":7,"enemies":"Snake Plant","floor":28,"turns":4},{"damage":0,"enemies":"Chosen and Byrds","floor":29,"turns":4},{"damage":4,"enemies":"3 Cultists","floor":31,"turns":4},{"damage":12,"enemies":"Champ","floor":33,"turns":9},{"damage":1,"enemies":"Orb Walker","floor":35,"turns":3},{"damage":0,"enemies":"3 Darklings","floor":36,"turns":5},{"damage":0,"enemies":"Jaw Worm Horde","floor":37,"turns":3},{"damage":10,"enemies":"2 Orb Walkers","floor":38,"turns":4},{"damage":0,"enemies":"Mind Bloom Boss Battle","floor":39,"turns":6},{"damage":15,"enemies":"Reptomancer","floor":44,"turns":6},{"damage":2,"enemies":"Nemesis","floor":46,"turns":5},{"damage":2,"enemies":"Spire Growth","floor":47,"turns":4},{"damage":0,"enemies":"4 Shapes","floor":48,"turns":2},{"damage":1,"enemies":"Awakened One","floor":50,"turns":14},{"damage":9,"enemies":"Shield and Spear","floor":54,"turns":5},{"damage":42,"enemies":"The Heart","floor":55,"turns":9}],"seed_played":"-5952536329438775987","potions_obtained":[{"floor":10,"key":"SpeedPotion"},{"floor":16,"key":"SkillPotion"}],"is_trial":false,"path_per_floor":["M","$","?","$","M","R","E","R","T","M","$","M","T","E","R","B",null,"M","$","?","?","M","E","M","R","T","R","M","M","?","M","R","B",null,"M","M","M","?","?","R","T","R","T","E","R","E","M","M","R","B",null,"R","$","E","B",null],"character_chosen":"THE_SILENT","items_purchased":["Footwork","Dagger Spray","Die Die Die","Pen Nib","Well Laid Plans","Bird Faced Urn","Oddly Smooth Stone","DollysMirror","Infinite Blades"],"campfire_rested":4,"item_purchase_floors":[2,2,11,19,19,53,53,53,53],"current_hp_per_floor":[69,69,69,69,69,69,29,50,50,50,50,50,50,47,47,38,70,70,70,70,70,70,46,33,54,54,54,47,47,34,30,52,40,75,74,74,74,64,64,64,64,64,64,51,74,74,74,76,76,75,83,83,83,85,54],"gold":191,"neow_bonus":"RANDOM_COMMON_RELIC","is_prod":false,"is_daily":false,"chose_seed":false,"campfire_upgraded":3,"win_rate":0,"timestamp":1546575997,"path_taken":["M","$","?","?","M","R","E","R","T","?","$","M","?","E","R","BOSS","M","$","?","?","?","E","M","R","T","R","M","M","?","M","R","BOSS","M","M","M","?","?","R","?","R","T","E","R","E","M","M","R","BOSS","R","$","E","BOSS"],"build_version":"2019-01-03v2","purchased_purges":1,"victory":true,"max_hp_per_floor":[70,70,70,70,70,70,70,70,70,70,70,70,70,70,70,70,70,70,70,70,70,70,70,70,70,70,70,70,70,75,75,75,75,75,75,75,75,75,75,75,75,75,75,77,77,79,81,83,83,83,83,83,83,85,85],"card_choices":[{"not_picked":["Acrobatics","Underhanded Strike"],"picked":"Quick Slash","floor":1},{"not_picked":["Tactician","Slice"],"picked":"Blade Dance","floor":5},{"not_picked":["Underhanded Strike","Outmaneuver"],"picked":"Sucker Punch","floor":7},{"not_picked":["Sucker Punch","Grand Finale"],"picked":"Noxious Fumes","floor":10},{"not_picked":["Catalyst","Blade Dance"],"picked":"Dagger Spray","floor":12},{"not_picked":["Setup","Night Terror"],"picked":"Cloak And Dagger","floor":14},{"not_picked":["Doppelganger+1","Tools of the Trade"],"picked":"After Image","floor":16},{"not_picked":["Slice+1","Dodge and Roll+1"],"picked":"Infinite Blades","floor":18},{"not_picked":["Blade Dance+1","Crippling Poison+1"],"picked":"Dodge and Roll+1","floor":22},{"not_picked":["Blade Dance+1","Dodge and Roll+1"],"picked":"Crippling Poison+1","floor":22},{"not_picked":["Setup+1","Quick Slash"],"picked":"Noxious Fumes+1","floor":23},{"not_picked":["Sucker Punch","Quick Slash"],"picked":"Terror+1","floor":24},{"not_picked":["Underhanded Strike+1","Dagger Throw+1"],"picked":"Caltrops","floor":28},{"not_picked":["Adrenaline+1","Quick Slash+1"],"picked":"Backflip+1","floor":29},{"not_picked":["Backflip+1","Quick Slash+1"],"picked":"Cloak And Dagger+1","floor":31},{"not_picked":["Storm of Steel+1","Malaise+1"],"picked":"A Thousand Cuts","floor":33},{"not_picked":["Flying Knee+1","Dagger Spray+1"],"picked":"Dodge and Roll+1","floor":35},{"not_picked":["Masterful Stab+1","Setup+1"],"picked":"Dodge and Roll+1","floor":36},{"not_picked":["Dagger Throw+1","Predator+1"],"picked":"Dodge and Roll+1","floor":37},{"not_picked":["Flying Knee+1","Envenom"],"picked":"Acrobatics+1","floor":38},{"not_picked":["Dagger Spray+1","Dodge and Roll+1"],"picked":"Infinite Blades","floor":39},{"not_picked":["Acrobatics+1","Tools of the Trade","Underhanded Strike+1"],"picked":"Singing Bowl","floor":44},{"not_picked":["Prepared+1","Poisoned Stab+1","Leg Sweep+1"],"picked":"Singing Bowl","floor":46},{"not_picked":["Outmaneuver+1","Sucker Punch+1","Dagger Spray+1"],"picked":"Singing Bowl","floor":47},{"not_picked":["Deadly Poison+1","Quick Slash+1","Sucker Punch+1"],"picked":"Singing Bowl","floor":48},{"not_picked":["Skewer+1","Sucker Punch+1","Flechettes+1"],"picked":"Singing Bowl","floor":54}],"player_experience":1153735,"relics_obtained":[{"floor":7,"key":"Centennial Puzzle"},{"floor":9,"key":"Ninja Scroll"},{"floor":13,"key":"Kunai"},{"floor":14,"key":"Toxic Egg 2"},{"floor":23,"key":"MawBank"},{"floor":26,"key":"Molten Egg 2"},{"floor":38,"key":"Calipers"},{"floor":39,"key":"Girya"},{"floor":43,"key":"Happy Flower"},{"floor":44,"key":"Singing Bowl"},{"floor":46,"key":"Tough Bandages"},{"floor":54,"key":"Mercury Hourglass"}],"event_choices":[{"cards_removed":["Strike_G"],"damage_healed":0,"gold_gain":0,"player_choice":"Took Card","damage_taken":0,"max_hp_gain":0,"max_hp_loss":0,"event_name":"NoteForYourself","floor":3,"gold_loss":0,"cards_obtained":["Strike_G"]},{"damage_healed":0,"gold_gain":0,"player_choice":"Ignored","damage_taken":0,"max_hp_gain":0,"max_hp_loss":0,"event_name":"Vampires","floor":20,"gold_loss":0},{"damage_healed":0,"gold_gain":0,"player_choice":"Gave Potion","damage_taken":0,"relics_obtained":["Tingsha"],"max_hp_gain":0,"max_hp_loss":0,"event_name":"WeMeetAgain","floor":21,"gold_loss":0},{"damage_healed":0,"gold_gain":0,"player_choice":"Shed Blood","damage_taken":18,"max_hp_gain":5,"max_hp_loss":0,"event_name":"Forgotten Altar","floor":30,"gold_loss":0},{"damage_healed":0,"gold_gain":0,"player_choice":"Fight","damage_taken":0,"max_hp_gain":0,"max_hp_loss":0,"event_name":"Mysterious Sphere","floor":38,"gold_loss":0},{"damage_healed":0,"gold_gain":0,"player_choice":"Fight","damage_taken":0,"max_hp_gain":0,"max_hp_loss":0,"event_name":"MindBloom","floor":39,"gold_loss":0}],"is_beta":true,"boss_relics":[{"not_picked":["Lizard Tail","Velvet Choker"],"picked":"Sozu"},{"not_picked":["Snecko Eye","Calling Bell"],"picked":"Fusion Hammer"}],"items_purged_floors":[53],"is_endless":false,"potions_floor_spawned":[10,16,28,29,31,38,39,48],"ascension_level":3}