{"path_per_floor":["M","M","M","?","M","E","$","?","T","R","$","M","R","M","R","B",null,"M","M","$","?","$","R","M","R","T","M","E","?","M","T","R","B",null,"M"],"character_chosen":"THE_SILENT","items_purchased":["Apotheosis","Backflip","Slice","Infinite Blades"],"gold_per_floor":[112,123,138,213,194,223,33,33,33,33,7,17,17,27,27,125,125,125,125,79,79,0,0,0,0,0,0,0,0,0,0,0,0,0,0,0],"floor_reached":36,"campfire_rested":6,"playtime":1983,"current_hp_per_floor":[67,67,65,54,55,35,35,21,21,42,42,11,32,30,51,33,61,57,32,32,32,32,53,12,33,33,14,5,5,7,7,28,7,59,41,0],"items_purged":[],"gold":0,"score":480,"play_id":"e73c8373-2d06-4cc4-bf34-cf4ce626c92a","local_time":"20180323233546","is_prod":false,"is_daily":false,"is_ascension_mode":true,"campfire_upgraded":0,"timestamp":1521862546,"path_taken":["M","M","M","?","?","E","?","?","T","R","?","?","R","M","R","BOSS","M","M","$","?","?","R","M","R","T","M","E","?","M","?","R","BOSS","M","?"],"build_version":"2018-03-22v2","purchased_purges":0,"victory":false,"master_deck":["Defend_G","Defend_G","Defend_G","Defend_G","Defend_G","Strike_G","Strike_G","Strike_G","Strike_G","Strike_G+1","Survivor","Neutralize","Caltrops","Noxious Fumes","Cloak And Dagger","Calculated Gamble+1","Dodge and Roll+1","Apotheosis","Backflip","Endless Agony","Deflect","Glass Knife","Dagger Throw","Dagger Spray+1","Slice","Infinite Blades","Masterful Stab+1","Endless Agony","Well Laid Plans","Writhe","Cloak And Dagger","After Image","Deflect","Dagger Throw"],"max_hp_per_floor":[70,70,70,70,70,70,70,70,70,70,70,70,70,70,70,70,70,70,70,70,70,70,70,70,70,70,70,70,70,70,70,70,70,75,75,75],"relics":["Black Star","Dodecahedron","Blue Candle","Kunai","Ectoplasm","Tingsha","Blood Vial","Ancient Tea Set","Happy Flower","Unceasing Top","Tiny House"],"card_choices":[{"not_picked":["Prepared","Doppelganger"],"picked":"Caltrops","floor":1},{"not_picked":["Slice","Leg Sweep"],"picked":"Noxious Fumes","floor":2},{"not_picked":["Distraction","Deflect"],"picked":"Cloak And Dagger","floor":3},{"not_picked":["Accuracy","Distraction"],"picked":"Calculated Gamble","floor":5},{"not_picked":["Prepared","PiercingWail"],"picked":"Dodge and Roll","floor":6},{"not_picked":["Bane","Underhanded Strike"],"picked":"Endless Agony","floor":12},{"not_picked":["Flying Knee","Dodge and Roll"],"picked":"Deflect","floor":14},{"not_picked":["Wraith Form","Die Die Die"],"picked":"Glass Knife","floor":16},{"not_picked":["Poisoned Stab","Calculated Gamble"],"picked":"Dagger Throw","floor":18},{"not_picked":["Flying Knee","PiercingWail"],"picked":"Dagger Spray","floor":19},{"not_picked":["Outmaneuver","Choke"],"picked":"Masterful Stab","floor":24},{"not_picked":["Poisoned Stab","Dagger Spray"],"picked":"Endless Agony","floor":27},{"not_picked":["Masterful Stab","Flechettes"],"picked":"Well Laid Plans","floor":28},{"not_picked":["Quick Slash","Outmaneuver"],"picked":"Cloak And Dagger","floor":30},{"not_picked":["Glass Knife","Bullet Time"],"picked":"After Image","floor":33},{"not_picked":["Choke","Quick Slash"],"picked":"Deflect","floor":34},{"not_picked":["Riddle With Holes","Dodge and Roll"],"picked":"Dagger Throw","floor":35}],"player_experience":660308,"potions_floor_usage":[5,6,16,24,27,28,36],"damage_taken":[{"damage":3,"enemies":"Small Slimes","floor":1,"turns":4},{"damage":0,"enemies":"2 Louse","floor":2,"turns":3},{"damage":2,"enemies":"Cultist","floor":3,"turns":5},{"damage":11,"enemies":"Exordium Thugs","floor":5,"turns":5},{"damage":20,"enemies":"3 Sentries","floor":6,"turns":8},{"damage":31,"enemies":"Lots of Slimes","floor":12,"turns":5},{"damage":2,"enemies":"Blue Slaver","floor":14,"turns":5},{"damage":18,"enemies":"The Guardian","floor":16,"turns":13},{"damage":4,"enemies":"Spheric Guardian","floor":18,"turns":5},{"damage":25,"enemies":"3 Byrds","floor":19,"turns":5},{"damage":41,"enemies":"Snake Plant","floor":24,"turns":4},{"damage":19,"enemies":"3 Cultists","floor":27,"turns":6},{"damage":18,"enemies":"Book of Stabbing","floor":28,"turns":4},{"damage":0,"enemies":"Centurion and Healer","floor":30,"turns":7},{"damage":23,"enemies":"Collector","floor":33,"turns":11},{"damage":20,"enemies":"3 Shapes","floor":35,"turns":8},{"damage":49,"enemies":"Mysterious Sphere","floor":36,"turns":3}],"event_choices":[{"event_name":"World of Goop","player_choice":"Gather Gold","floor":4,"damage_taken":0},{"event_name":"Shining Light","player_choice":"Entered Light","floor":8,"damage_taken":0},{"event_name":"Drug Dealer","player_choice":"Ignored","floor":21,"damage_taken":0},{"event_name":"The Mausoleum","player_choice":"Yes","floor":29,"damage_taken":0},{"event_name":"Mysterious Sphere","player_choice":"Fight","floor":36,"damage_taken":0}],"boss_relics":[{"not_picked":["The Specimen","Question Card"],"picked":"Ectoplasm"},{"not_picked":["Runic Pyramid","Runic Dome"],"picked":"Tiny House"}],"potions_floor_spawned":[3,5,12,18,24,27],"seed_played":"5294760215310974522","killed_by":"Mysterious Sphere","ascension_level":5,"is_trial":false}