{"path_per_floor":["M","?","$","?","M","E","?","$","T","R","M","R","M","M","R","B",null,"M","?","$","?","M","E","R","E","T","R","M","R","M","M","R","B",null,"M","?","M","M","$","R","E","M","T","M","R","M","?","M","R"],"character_chosen":"THE_SILENT","items_purchased":["Well Laid Plans","Noxious Fumes","Juzu Bracelet","Acrobatics","Cloak And Dagger"],"gold_per_floor":[118,118,9,109,129,157,157,21,45,45,58,58,83,108,108,232,232,250,250,58,58,74,107,107,164,164,164,177,177,190,204,204,306,306,317,317,330,344,168,168,203,219,219,233,233,244,244,264,264],"floor_reached":50,"campfire_rested":3,"playtime":3828,"current_hp_per_floor":[70,70,70,70,70,40,40,40,47,47,47,47,47,36,59,41,77,76,76,76,76,62,43,43,24,38,65,53,53,58,60,60,27,91,43,80,80,67,67,67,56,61,61,52,52,49,49,43,67],"items_purged":["Strike_G","Injury","Injury"],"gold":264,"score":585,"play_id":"be261433-ebc3-4a75-82ec-ad33858c26a4","local_time":"20180306202739","is_prod":false,"is_daily":false,"is_ascension_mode":true,"campfire_upgraded":7,"timestamp":1520386059,"path_taken":["M","?","$","?","M","E","?","$","T","R","M","R","M","M","R","BOSS","M","?","$","?","M","E","R","E","T","R","M","R","M","M","R","BOSS","M","?","M","M","$","R","E","M","T","M","R","M","?","M","R","BOSS"],"build_version":"2018-03-01-PROD1","purchased_purges":4,"victory":false,"master_deck":["Defend_G","Defend_G","Defend_G","Defend_G","Defend_G","Strike_G","Strike_G","Strike_G","Survivor","Neutralize+1","After Image+1","Prepared","Well Laid Plans","Flying Knee","PiercingWail","Noxious Fumes+1","Flying Knee","Dagger Spray","Footwork+1","Glass Knife+1","Quick Slash+1","Flying Knee","Acrobatics","Dagger Throw+1","Distraction+1","Skewer+1","Flying Knee+1","Deflect","Adrenaline+1","Venomology+1","Dodge and Roll+1","Slice","Cloak And Dagger","Concentrate+1","Pain","Blur","Backflip","Dagger Throw+1"],"max_hp_per_floor":[70,70,70,70,70,70,70,70,77,77,77,77,77,77,77,77,77,77,77,77,77,77,77,77,77,91,91,91,91,91,91,91,91,91,91,80,80,80,80,80,80,80,80,80,80,80,80,80,80],"relics":["Ring of the Snake","Bottled Tornado","Bloody Idol","Strawberry","Cursed Key","Juzu Bracelet","Oddly Smooth Stone","Tiny Chest","Mango","White Beast Statue","Kunai","Blood Vial"],"card_choices":[{"not_picked":["Crippling Poison","Masterful Stab"],"picked":"Prepared"},{"not_picked":["Expertise","Well Laid Plans"],"picked":"Flying Knee"},{"not_picked":["Blur","Flying Knee"],"picked":"PiercingWail"},{"not_picked":["Masterful Stab","Cloak And Dagger"],"picked":"Flying Knee"},{"not_picked":["Prepared","Deadly Poison"],"picked":"Dagger Spray"},{"not_picked":["PiercingWail","Terror"],"picked":"Footwork"},{"not_picked":["Grand Finale","Burst"],"picked":"Glass Knife"},{"not_picked":["Underhanded Strike","Poisoned Stab"],"picked":"Quick Slash"},{"not_picked":["Noxious Fumes","Reflex"],"picked":"Dagger Throw"},{"not_picked":["PiercingWail","Grand Finale"],"picked":"Distraction"},{"not_picked":["After Image","Distraction"],"picked":"Skewer"},{"not_picked":["Sucker Punch","Deadly Poison"],"picked":"Flying Knee"},{"not_picked":["Poisoned Stab","Outmaneuver"],"picked":"Deflect"},{"not_picked":["Bouncing Flask","Backstab"],"picked":"Adrenaline"},{"not_picked":["Phantasmal Killer","Envenom"],"picked":"Venomology"},{"not_picked":["Sucker Punch","Backstab"],"picked":"Dodge and Roll"},{"not_picked":["Choke","Reflex"],"picked":"Slice"},{"not_picked":["Deadly Poison","Masterful Stab"],"picked":"Slice"},{"not_picked":["Flying Knee","Prepared"],"picked":"Concentrate"},{"not_picked":["Unload","PiercingWail"],"picked":"Blur"},{"not_picked":["Flying Knee","Footwork"],"picked":"Backflip"},{"not_picked":["Underhanded Strike","Quick Slash"],"picked":"Dagger Throw"}],"player_experience":426052,"potions_floor_usage":[6,16,18,23,25,31,31,35,41,41,41,42,42,44,44,46,48,48,50,50,50],"damage_taken":[{"damage":0,"enemies":"2 Louse","floor":1,"turns":3},{"damage":0,"enemies":"Small Slimes","floor":5,"turns":4},{"damage":30,"enemies":"Lagavulin","floor":6,"turns":9},{"damage":0,"enemies":"Cultist","floor":11,"turns":4},{"damage":0,"enemies":"2 Fungi Beasts","floor":13,"turns":4},{"damage":11,"enemies":"Lots of Slimes","floor":14,"turns":4},{"damage":18,"enemies":"Slime Boss","floor":16,"turns":10},{"damage":1,"enemies":"Chosen","floor":18,"turns":6},{"damage":19,"enemies":"3 Byrds","floor":22,"turns":4},{"damage":24,"enemies":"Book of Stabbing","floor":23,"turns":7},{"damage":29,"enemies":"Slavers","floor":25,"turns":6},{"damage":17,"enemies":"Snake Plant","floor":28,"turns":5},{"damage":0,"enemies":"3 Cultists","floor":30,"turns":5},{"damage":3,"enemies":"Slaver and Parasite","floor":31,"turns":6},{"damage":38,"enemies":"Automaton","floor":33,"turns":11},{"damage":53,"enemies":"3 Shapes","floor":35,"turns":6},{"damage":1,"enemies":"Orb Walker","floor":37,"turns":5},{"damage":18,"enemies":"4 Shapes","floor":38,"turns":7},{"damage":31,"enemies":"Nemesis","floor":41,"turns":10},{"damage":0,"enemies":"Sphere and 2 Shapes","floor":42,"turns":7},{"damage":16,"enemies":"3 Darklings","floor":44,"turns":5},{"damage":10,"enemies":"Maw","floor":46,"turns":9},{"damage":13,"enemies":"Sphere and 2 Shapes","floor":48,"turns":4},{"damage":70,"enemies":"Time Eater","floor":50,"turns":7}],"event_choices":[{"event_name":"Living Wall","player_choice":"Grow","floor":2,"damage_taken":0},{"event_name":"Golden Shrine","player_choice":"Pray","floor":4,"damage_taken":0},{"event_name":"Golden Idol","player_choice":"Take Wound","floor":7,"damage_taken":0},{"event_name":"Transmorgrifier","player_choice":"Transform","floor":19,"damage_taken":0},{"event_name":"Forgotten Altar","player_choice":"Gave Idol","floor":21,"damage_taken":0},{"event_name":"The Moai Head","player_choice":"Heal","floor":36,"damage_taken":0}],"boss_relics":[{"not_picked":["Sozu","Eternal Feather"],"picked":"Cursed Key"},{"not_picked":["Tiny House","Orrery"],"picked":"White Beast Statue"}],"potions_floor_spawned":[1,6,14,22,23,28,30,33,35,37,38,41,42,44,46,48],"seed_played":"-1770159765904700065","killed_by":"Time Eater","ascension_level":3,"is_trial":false}