{"gold_per_floor":[113,113,128,3,21,21,47,47,47,58,90,90,90,110,110,184,184,104,104,104,29,29,29,29,29,29,29,29,29,29,29,29,29,29,29,29,29,0,0,0],"floor_reached":40,"playtime":3155,"items_purged":["Parasite"],"score":958,"play_id":"96d86ebc-a7dc-4de0-861b-f0d84c54d737","local_time":"20190117183002","is_ascension_mode":true,"campfire_choices":[{"floor":6.0,"key":"REST"},{"data":"Neutralize","floor":8.0,"key":"SMITH"},{"data":"Footwork","floor":12.0,"key":"SMITH"},{"data":"Glass Knife","floor":15.0,"key":"SMITH"},{"floor":23.0,"key":"REST"},{"data":"Skewer","floor":32,"key":"SMITH"}],"neow_cost":"CURSE","seed_source_timestamp":73826710874794,"circlet_count":0,"master_deck":["AscendersBane","Defend_G","Defend_G","Defend_G+1","Defend_G","Defend_G","Strike_G","Strike_G","Strike_G","Strike_G","Survivor","Neutralize+1","Choke+1","Dash","Deflect","Footwork+1","Terror+1","Dagger Spray","PiercingWail+1","Neutralize","Skewer+1","Backflip+1","Malaise+1","Infinite Blades+1","Cloak And Dagger+1","PiercingWail+1","Leg Sweep+1","Backflip+1","Deadly Poison+1","Well Laid Plans","Deflect+1","Venomology+1","Dodge and Roll+1","Dodge and Roll+1"],"special_seed":0,"relics":["Ring of the Snake","Bird Faced Urn","Toxic Egg 2","The Courier","Ectoplasm","Oddly Smooth Stone","Art of War","Nloth\u0027s Gift","Kunai","Cursed Key","Red Mask"],"potions_floor_usage":[31,33,39,40,40],"damage_taken":[{"damage":10.0,"enemies":"Small Slimes","floor":1.0,"turns":6.0},{"damage":1.0,"enemies":"2 Louse","floor":3.0,"turns":3.0},{"damage":0.0,"enemies":"Cultist","floor":5.0,"turns":3.0},{"damage":12.0,"enemies":"3 Sentries","floor":7.0,"turns":15.0},{"damage":2.0,"enemies":"3 Louse","floor":10.0,"turns":4.0},{"damage":34.0,"enemies":"Lagavulin","floor":11.0,"turns":11.0},{"damage":0.0,"enemies":"Looter","floor":14.0,"turns":4.0},{"damage":11.0,"enemies":"Hexaghost","floor":16.0,"turns":9.0},{"damage":17.0,"enemies":"2 Thieves","floor":18.0,"turns":5.0},{"damage":0.0,"enemies":"Spheric Guardian","floor":19.0,"turns":3.0},{"damage":4.0,"enemies":"3 Cultists","floor":20.0,"turns":5.0},{"damage":1.0,"enemies":"Centurion and Healer","floor":24.0,"turns":6.0},{"damage":5.0,"enemies":"Gremlin Leader","floor":25.0,"turns":6.0},{"damage":34.0,"enemies":"Slavers","floor":27.0,"turns":8.0},{"damage":0,"enemies":"Gremlin Leader","floor":31,"turns":5},{"damage":35,"enemies":"Collector","floor":33,"turns":18},{"damage":3,"enemies":"Orb Walker","floor":35,"turns":2},{"damage":20,"enemies":"3 Darklings","floor":36,"turns":8},{"damage":7,"enemies":"4 Shapes","floor":39,"turns":4},{"damage":45,"enemies":"Reptomancer","floor":40,"turns":3}],"seed_played":"1108725993920646371","potions_obtained":[{"floor":1.0,"key":"Dexterity Potion"},{"floor":3.0,"key":"Ancient Potion"},{"floor":7.0,"key":"Regen Potion"},{"floor":11.0,"key":"LiquidBronze"},{"floor":20.0,"key":"SkillPotion"},{"floor":27.0,"key":"Energy Potion"},{"floor":31,"key":"SkillPotion"}],"is_trial":false,"path_per_floor":["M","?","M","$","M","R","E","R","T","M","E","R","?","M","R","B",null,"M","M","M","?","$","R","M","E","T","E","?","?","$","E","R","B",null,"M","M","?","?","M","E"],"character_chosen":"THE_SILENT","items_purchased":["Deflect"],"campfire_rested":2,"item_purchase_floors":[4],"current_hp_per_floor":[49,29,28,28,28,46,36,36,36,48,16,16,16,18,18,9,50,35,39,39,39,39,57,60,58,58,28,28,28,28,34,34,5,49,52,38,38,38,35,0],"gold":0,"neow_bonus":"ONE_RARE_RELIC","is_prod":false,"is_daily":false,"chose_seed":false,"campfire_upgraded":4,"win_rate":0,"timestamp":1547778602,"path_taken":["M","?","M","$","M","R","E","R","T","M","E","R","?","M","R","BOSS","M","M","?","?","$","R","M","E","T","E","?","?","$","E","R","BOSS","M","?","?","?","M","E"],"build_version":"2019-01-16","purchased_purges":1,"victory":false,"max_hp_per_floor":[66,66,66,63,63,63,63,63,63,63,63,63,63,63,63,63,63,63,63,63,63,63,63,63,63,63,63,63,63,63,63,63,63,63,63,63,63,63,63,63],"card_choices":[{"not_picked":["Setup","Deflect"],"picked":"Choke","floor":1.0},{"not_picked":["Distraction","Predator"],"picked":"Dash","floor":3.0},{"not_picked":["Bane","Tactician"],"picked":"Footwork","floor":5.0},{"not_picked":["Acrobatics","Distraction"],"picked":"Terror","floor":7.0},{"not_picked":["Deflect+1","Eviscerate"],"picked":"Dagger Spray","floor":10.0},{"not_picked":["Blade Dance+1","Night Terror+1"],"picked":"PiercingWail+1","floor":11.0},{"not_picked":["Slice","Dash"],"picked":"Backflip+1","floor":14.0},{"not_picked":["Burst+1","Tools of the Trade"],"picked":"Malaise+1","floor":16.0},{"not_picked":["Expertise+1","Quick Slash"],"picked":"Infinite Blades+1","floor":18.0},{"not_picked":["Calculated Gamble+1","Bane"],"picked":"Cloak And Dagger+1","floor":19.0},{"not_picked":["Dash","Flechettes"],"picked":"PiercingWail+1","floor":20.0},{"not_picked":["Slice","Cloak And Dagger+1"],"picked":"Leg Sweep+1","floor":24.0},{"not_picked":["Die Die Die","Grand Finale"],"picked":"Backflip+1","floor":25.0},{"not_picked":["Accuracy","Acrobatics+1"],"picked":"Deadly Poison+1","floor":27.0},{"not_picked":["PiercingWail+1","Slice"],"picked":"Deflect+1","floor":31},{"not_picked":["Die Die Die","Glass Knife"],"picked":"Venomology+1","floor":33},{"not_picked":["Bane","Backstab"],"picked":"Dodge and Roll+1","floor":35},{"not_picked":["Riddle With Holes","Sucker Punch","Quick Slash"],"picked":"SKIP","floor":36},{"not_picked":["Acrobatics+1","Calculated Gamble+1"],"picked":"Dodge and Roll+1","floor":39}],"player_experience":1235776,"relics_obtained":[{"floor":7.0,"key":"Toxic Egg 2"},{"floor":9.0,"key":"The Courier"},{"floor":11.0,"key":"Boot"},{"floor":25.0,"key":"Oddly Smooth Stone"},{"floor":26.0,"key":"Art of War"},{"floor":31,"key":"Kunai"}],"event_choices":[{"damage_healed":0.0,"max_hp_gain":0.0,"max_hp_loss":0.0,"gold_gain":0.0,"event_name":"Shining Light","player_choice":"Entered Light","floor":2.0,"gold_loss":0.0,"damage_taken":20.0,"cards_upgraded":["Choke","Defend_G"]},{"damage_healed":0.0,"max_hp_gain":0.0,"max_hp_loss":0.0,"gold_gain":0.0,"event_name":"Match and Keep!","player_choice":"3 cards matched","floor":13.0,"gold_loss":0.0,"damage_taken":0.0,"cards_obtained":["Neutralize","Glass Knife","Skewer"]},{"cards_removed":["Strike_G"],"damage_healed":0.0,"max_hp_gain":0.0,"max_hp_loss":0.0,"gold_gain":0.0,"event_name":"Beggar","player_choice":"Gave Gold","floor":21.0,"gold_loss":75.0,"damage_taken":0.0},{"damage_healed":0.0,"max_hp_gain":0.0,"max_hp_loss":0.0,"gold_gain":0.0,"event_name":"The Library","player_choice":"Read","floor":28.0,"gold_loss":0.0,"damage_taken":0.0,"cards_obtained":["Well Laid Plans"]},{"damage_healed":0.0,"max_hp_gain":0.0,"max_hp_loss":0.0,"gold_gain":0.0,"event_name":"N\u0027loth","player_choice":"Traded Relic","floor":29.0,"relics_lost":["Boot"],"gold_loss":0.0,"damage_taken":0.0,"relics_obtained":["Nloth\u0027s Gift"]},{"cards_removed":["Glass Knife"],"damage_healed":0,"gold_gain":0,"player_choice":"Removed Attack","damage_taken":0,"max_hp_gain":0,"max_hp_loss":0,"event_name":"Falling","floor":37,"gold_loss":0},{"damage_healed":0,"gold_gain":0,"player_choice":"Paid","damage_taken":0,"relics_obtained":["Red Mask"],"max_hp_gain":0,"max_hp_loss":0,"event_name":"Tomb of Lord Red Mask","floor":38,"gold_loss":29}],"is_beta":true,"boss_relics":[{"not_picked":["Coffee Dripper","Tiny House"],"picked":"Ectoplasm"},{"not_picked":["Ring of the Serpent","Lizard Tail"],"picked":"Cursed Key"}],"items_purged_floors":[4],"is_endless":false,"potions_floor_spawned":[1,3,7,11,20,24,27,31,36],"killed_by":"Reptomancer","ascension_level":20}