{"path_per_floor":["M","M","M","?","M","R","E","R","T","E","R","M","R","M","R","B",null,"M","?","M","?","?","E","R","E","T","R","M","E","$","E","R","B",null],"character_chosen":"THE_SILENT","items_purchased":["Calculated Gamble+1","Blade Dance+1","Question Card"],"gold_per_floor":[114,127,140,140,155,155,185,185,185,213,213,226,226,237,237,335,335,353,353,365,365,365,394,394,424,450,450,461,495,142,169,169,264,264,264],"floor_reached":35,"campfire_rested":1,"playtime":2452,"item_purchase_floors":[30,30,30],"current_hp_per_floor":[63,60,52,52,52,52,31,31,31,19,40,39,39,45,45,41,63,47,34,42,42,42,42,56,56,56,56,56,45,45,40,40,32,75,0],"items_purged":[],"gold":264,"score":704,"play_id":"1e5155ea-1152-4bba-b946-4b7a08113040","local_time":"20180610153521","is_prod":false,"is_daily":false,"chose_seed":true,"is_ascension_mode":true,"campfire_upgraded":3,"win_rate":0,"timestamp":1528659321,"campfire_choices":[{"data":"Wraith Form v2","floor":6,"key":"SMITH"},{"data":"Skewer","floor":8,"key":"SMITH"},{"floor":11,"key":"REST"},{"data":"Night Terror","floor":13,"key":"SMITH"},{"floor":15,"key":"DIG"},{"floor":24,"key":"DIG"},{"floor":27,"key":"DIG"},{"floor":32,"key":"DIG"}],"path_taken":["M","M","M","?","M","R","E","R","T","E","R","?","R","?","R","BOSS","M","?","M","?","?","E","R","E","T","R","M","E","$","E","R","BOSS","M"],"build_version":"2018-06-08","seed_source_timestamp":619289029874150,"purchased_purges":0,"victory":false,"master_deck":["Defend_G","Defend_G+1","Defend_G","Defend_G","Defend_G","Strike_G","Strike_G","Strike_G","Strike_G","Survivor","Neutralize+1","Deflect","Wraith Form v2+1","Deflect","Deadly Poison","Skewer+1","Noxious Fumes","Night Terror+1","Dash","Night Terror+1","Setup+1","Prepared+1","Noxious Fumes","Endless Agony","Acrobatics+1","Noxious Fumes","Well Laid Plans+1","Dagger Throw+1","Calculated Gamble+1","Blade Dance+1","Setup+1","Tools of the Trade"],"max_hp_per_floor":[70,70,70,70,70,70,70,70,70,70,70,70,70,70,70,70,70,70,75,75,75,75,75,89,89,89,89,89,89,89,89,89,89,89,89],"relics":["Ring of the Snake","Boot","Ninja Scroll","Meat on the Bone","Shovel","Bottled Flame","Sozu","Orichalcum","Mango","War Paint","Dream Catcher","Darkstone Periapt","Toxic Egg 2","Question Card","Kunai","Potion Belt","Black Star"],"card_choices":[{"not_picked":["Accuracy","Backflip"],"picked":"Deflect","floor":1},{"not_picked":["Dodge and Roll","Prepared"],"picked":"Wraith Form v2","floor":2},{"not_picked":["Quick Slash","Acrobatics"],"picked":"Deflect","floor":3},{"not_picked":["Accuracy","Dodge and Roll"],"picked":"Deadly Poison","floor":5},{"not_picked":["Dagger Throw","Prepared"],"picked":"Skewer","floor":7},{"not_picked":["Underhanded Strike","Cloak And Dagger"],"picked":"Noxious Fumes","floor":10},{"not_picked":["Prepared","Backflip"],"picked":"Night Terror","floor":12},{"not_picked":["Prepared","Crippling Poison"],"picked":"Dash","floor":14},{"not_picked":["Envenom","Phantasmal Killer"],"picked":"Night Terror","floor":16},{"not_picked":["Deadly Poison","Distraction+1"],"picked":"Setup+1","floor":18},{"not_picked":["Eviscerate","PiercingWail"],"picked":"Prepared+1","floor":20},{"not_picked":["Quick Slash","Predator"],"picked":"Acrobatics+1","floor":23},{"not_picked":["PiercingWail","Underhanded Strike"],"picked":"Noxious Fumes","floor":25},{"not_picked":["Predator","Outmaneuver"],"picked":"Well Laid Plans+1","floor":28},{"not_picked":["Endless Agony","Eviscerate"],"picked":"Dagger Throw+1","floor":29},{"not_picked":["Slice","Eviscerate","PiercingWail+1"],"picked":"Setup+1","floor":31},{"not_picked":["After Image","Grand Finale","Corpse Explosion"],"picked":"Tools of the Trade","floor":33}],"player_experience":417542,"potions_floor_usage":[23,29,31],"damage_taken":[{"damage":0,"enemies":"2 Louse","floor":1,"turns":4},{"damage":3,"enemies":"Cultist","floor":2,"turns":6},{"damage":8,"enemies":"Jaw Worm","floor":3,"turns":5},{"damage":0,"enemies":"Red Slaver","floor":5,"turns":7},{"damage":21,"enemies":"Lagavulin","floor":7,"turns":11},{"damage":24,"enemies":"Gremlin Nob","floor":10,"turns":4},{"damage":1,"enemies":"Gremlin Gang","floor":12,"turns":4},{"damage":6,"enemies":"Exordium Thugs","floor":14,"turns":5},{"damage":16,"enemies":"Hexaghost","floor":16,"turns":16},{"damage":28,"enemies":"Spheric Guardian","floor":18,"turns":7},{"damage":4,"enemies":"Shell Parasite","floor":20,"turns":6},{"damage":12,"enemies":"Slavers","floor":23,"turns":10},{"damage":0,"enemies":"Gremlin Leader","floor":25,"turns":9},{"damage":0,"enemies":"Snecko","floor":28,"turns":5},{"damage":11,"enemies":"Book of Stabbing","floor":29,"turns":7},{"damage":17,"enemies":"Slavers","floor":31,"turns":7},{"damage":20,"enemies":"Automaton","floor":33,"turns":11},{"damage":75,"enemies":"Flame Bruiser 1 Orb","floor":35,"turns":6}],"relics_obtained":[{"floor":7,"key":"Ninja Scroll"},{"floor":9,"key":"Meat on the Bone"},{"floor":10,"key":"Shovel"},{"floor":15,"key":"Bottled Flame"},{"floor":23,"key":"Orichalcum"},{"floor":24,"key":"Mango"},{"floor":25,"key":"War Paint"},{"floor":26,"key":"Dream Catcher"},{"floor":27,"key":"Darkstone Periapt"},{"floor":29,"key":"Toxic Egg 2"},{"floor":31,"key":"Kunai"},{"floor":32,"key":"Potion Belt"}],"event_choices":[{"event_name":"Upgrade Shrine","player_choice":"Upgraded","floor":4,"damage_taken":0},{"event_name":"Forgotten Altar","player_choice":"Shed Blood","floor":19,"damage_taken":0},{"event_name":"The Library","player_choice":"Read","floor":21,"damage_taken":0},{"event_name":"Transmorgrifier","player_choice":"Transform","floor":22,"damage_taken":0}],"boss_relics":[{"not_picked":["Astrolabe","White Beast Statue"],"picked":"Sozu"},{"not_picked":["Runic Pyramid","Calling Bell"],"picked":"Black Star"}],"items_purged_floors":[],"potions_floor_spawned":[2,12,14,18,23,25,29],"seed_played":"-8623042705149605899","killed_by":"Flame Bruiser 1 Orb","ascension_level":9,"potions_obtained":[{"floor":2,"key":"PowerPotion"},{"floor":12,"key":"LiquidBronze"},{"floor":14,"key":"GhostInAJar"}],"is_trial":false}