{"gold_per_floor":[118,135,152,152,327,327,367,367,391,391,412,448,448,467,467,467],"floor_reached":16,"playtime":781,"items_purged":[],"score":176,"play_id":"76bc6d65-b09e-43b3-a55d-2f22e5b97cf9","local_time":"20181215102330","is_ascension_mode":true,"campfire_choices":[{"data":"Whirlwind","floor":6,"key":"SMITH"},{"floor":8,"key":"REST"},{"floor":15,"key":"REST"}],"neow_cost":"NONE","seed_source_timestamp":2561196091214982,"circlet_count":0,"master_deck":["AscendersBane","Strike_R","Strike_R","Strike_R","Strike_R","Strike_R","Defend_R","Defend_R","Defend_R","Defend_R","Bash","Reaper","Dual Wield","Shrug It Off","Whirlwind+1","Doubt","Headbutt","Immolate","Clothesline+1"],"relics":["Burning Blood","Golden Idol","Art of War","Anchor","Mummified Hand","Lantern","Molten Egg 2"],"potions_floor_usage":[7,7],"damage_taken":[{"damage":13,"enemies":"Jaw Worm","floor":1,"turns":5},{"damage":10,"enemies":"Small Slimes","floor":2,"turns":4},{"damage":5,"enemies":"Cultist","floor":3,"turns":4},{"damage":37,"enemies":"Gremlin Nob","floor":7,"turns":5},{"damage":19,"enemies":"Blue Slaver","floor":11,"turns":5},{"damage":37,"enemies":"3 Sentries","floor":12,"turns":6},{"damage":0,"enemies":"2 Fungi Beasts","floor":14,"turns":2},{"damage":78,"enemies":"Slime Boss","floor":16,"turns":12}],"seed_played":"-1328442620089277768","potions_obtained":[{"floor":1,"key":"Fire Potion"},{"floor":3,"key":"Poison Potion"}],"is_trial":false,"path_per_floor":["M","M","M","?","?","R","E","R","T","T","M","E","?","M","R","B"],"character_chosen":"IRONCLAD","items_purchased":[],"campfire_rested":2,"item_purchase_floors":[],"current_hp_per_floor":[65,67,68,68,68,68,40,62,62,62,49,33,33,39,61,0],"gold":467,"neow_bonus":"ONE_RANDOM_RARE_CARD","is_prod":false,"is_daily":false,"chose_seed":false,"campfire_upgraded":1,"win_rate":0,"timestamp":1544887410,"path_taken":["M","M","M","?","?","R","E","R","T","?","?","E","?","M","R","BOSS"],"build_version":"2018-12-13","purchased_purges":0,"victory":false,"max_hp_per_floor":[80,80,80,74,74,74,74,74,74,74,74,74,74,74,74,74],"card_choices":[{"not_picked":["Fire Breathing","Burning Pact"],"picked":"Dual Wield","floor":1},{"not_picked":["True Grit","Warcry"],"picked":"Shrug It Off","floor":2},{"not_picked":["Armaments","True Grit"],"picked":"Whirlwind","floor":3},{"not_picked":["Perfected Strike","Thunderclap"],"picked":"Headbutt","floor":7},{"not_picked":["Combust","Havoc","Pummel"],"picked":"SKIP","floor":11},{"not_picked":["Flex","Iron Wave"],"picked":"Immolate","floor":12},{"not_picked":["Power Through","Cleave+1"],"picked":"Clothesline+1","floor":14}],"player_experience":965378,"relics_obtained":[{"floor":7,"key":"Art of War"},{"floor":9,"key":"Anchor"},{"floor":10,"key":"Mummified Hand"},{"floor":12,"key":"Lantern"}],"event_choices":[{"damage_healed":0,"gold_gain":0,"player_choice":"Lose Max HP","damage_taken":0,"relics_obtained":["Golden Idol"],"max_hp_gain":0,"max_hp_loss":6,"event_name":"Golden Idol","floor":4,"gold_loss":0},{"damage_healed":0,"gold_gain":175,"player_choice":"AGREE","damage_taken":0,"max_hp_gain":0,"max_hp_loss":0,"event_name":"Liars Game","floor":5,"gold_loss":0,"cards_obtained":["Doubt"]},{"damage_healed":0,"gold_gain":0,"player_choice":"Searched \u00271\u0027 times","damage_taken":0,"relics_obtained":["Molten Egg 2"],"max_hp_gain":0,"max_hp_loss":0,"event_name":"Dead Adventurer","floor":13,"gold_loss":0}],"is_beta":true,"boss_relics":[],"items_purged_floors":[],"is_endless":false,"potions_floor_spawned":[1,3],"killed_by":"Slime Boss","ascension_level":12}