{"path_per_floor":["M","M","?","M","M","R","M","R","T","?","$","M","M","M","R","B",null,"M"],"character_chosen":"IRONCLAD","items_purchased":["Limit Break"],"gold_per_floor":[118,130,130,140,157,157,168,168,168,168,7,23,33,49,49,153,153,163],"floor_reached":19,"campfire_rested":0,"playtime":1581,"current_hp_per_floor":[80,80,80,80,76,76,79,79,79,63,63,62,61,63,63,17,80,29],"items_purged":[],"gold":163,"score":163,"play_id":"92402a08-87f6-4db8-a00c-f5c31cf64c02","is_prod":false,"is_daily":false,"is_ascension_mode":false,"campfire_upgraded":3,"path_taken":["M","M","?","M","M","R","M","R","T","?","?","M","M","M","R","BOSS","M","M"],"build_version":"2018-02-15-PROD1","purchased_purges":0,"victory":false,"master_deck":["Strike_R","Strike_R+1","Strike_R","Strike_R","Strike_R","Defend_R+1","Defend_R","Defend_R","Defend_R","Bash","Intimidate","Cleave","Blind","Berserk","Cleave+1","Headbutt+1","Infernal Blade","Limit Break+1","Rampage","Heavy Blade","Demon Form","Inflame"],"max_hp_per_floor":[80,80,80,80,80,80,80,80,80,80,80,80,80,80,80,80,80,80],"relics":["Burning Blood","Dream Catcher","Black Star"],"card_choices":[{"not_picked":["Impervious","Clothesline"],"picked":"Intimidate"},{"not_picked":["Infernal Blade","Flame Barrier"],"picked":"Cleave"},{"not_picked":["Twin Strike","Combust"],"picked":"Cleave"},{"not_picked":["Sword Boomerang","Sever Soul"],"picked":"Headbutt"},{"not_picked":["Clash","Twin Strike"],"picked":"Infernal Blade"},{"not_picked":["Clash","Armaments"],"picked":"Rampage"},{"not_picked":["Pommel Strike","Cleave"],"picked":"Heavy Blade"},{"not_picked":["Berserk","Limit Break"],"picked":"Demon Form"},{"not_picked":["Infernal Blade","Perfected Strike"],"picked":"Inflame"}],"player_experience":27888,"potions_floor_usage":[16,16,16,19],"damage_taken":[{"damage":0,"enemies":"Small Slimes","floor":1,"turns":6},{"damage":2,"enemies":"Cultist","floor":2,"turns":4},{"damage":5,"enemies":"Jaw Worm","floor":4,"turns":5},{"damage":10,"enemies":"Red Slaver","floor":5,"turns":6},{"damage":3,"enemies":"Exordium Wildlife","floor":7,"turns":2},{"damage":7,"enemies":"Blue Slaver","floor":12,"turns":3},{"damage":7,"enemies":"Looter","floor":13,"turns":2},{"damage":4,"enemies":"2 Fungi Beasts","floor":14,"turns":3},{"damage":52,"enemies":"Slime Boss","floor":16,"turns":10},{"damage":57,"enemies":"3 Byrds","floor":18,"turns":7},{"damage":29,"enemies":"Shell Parasite","floor":19,"turns":6}],"event_choices":[{"event_name":"Match and Keep!","player_choice":"2 cards matched","floor":3,"damage_taken":0},{"event_name":"Shining Light","player_choice":"Entered Light","floor":10,"damage_taken":0}],"boss_relics":[{"not_picked":["Question Card","Ectoplasm"],"picked":"Black Star"}],"potions_floor_spawned":[1,4,5,12,16],"seed_played":"1591909585735473781","killed_by":"Shell Parasite","ascension_level":0,"is_trial":false}