{"path_per_floor":["M","M","M","M","$","R","E","R","T","R","M","M","R","M","R","B",null,"M","$","M","?","M","R","?","?","T","R","M","R","M","?","R","B",null,"M","$","?","M","?","R","M","M","T","$","$","R","T","M","R"],"character_chosen":"THE_SILENT","items_purchased":["Backflip","Terror","Footwork","Flying Knee","Bronze Scales","Die Die Die","Footwork"],"gold_per_floor":[116,136,151,170,2,2,36,36,36,36,6,24,24,38,38,138,138,156,32,29,29,42,42,42,42,123,123,143,143,157,157,157,261,261,271,47,47,67,0,0,11,21,100,11,11,11,37,50,50],"floor_reached":50,"campfire_rested":5,"playtime":4891,"current_hp_per_floor":[77,77,76,76,76,76,65,65,65,65,65,65,65,61,61,58,77,62,62,45,45,36,59,59,43,43,66,45,68,68,68,68,63,77,36,36,67,66,66,66,27,8,8,8,8,28,28,27,47],"items_purged":["Strike_G","Strike_G"],"gold":50,"score":417,"play_id":"ac8a31dd-8831-43ee-9b9f-8908bc1cd4b0","is_prod":false,"is_daily":false,"is_ascension_mode":false,"campfire_upgraded":7,"path_taken":["M","M","M","M","$","R","E","R","T","R","M","M","R","M","R","BOSS","M","$","M","?","M","R","?","?","T","R","?","R","M","?","R","BOSS","M","$","?","M","?","R","M","M","T","?","$","R","?","?","R","BOSS"],"build_version":"2018-02-15-PROD1","purchased_purges":2,"victory":false,"master_deck":["Defend_G+1","Defend_G+1","Defend_G+1","Defend_G+1","Defend_G+1","Strike_G+1","Strike_G+1","Strike_G+1","Survivor","Neutralize+1","Acrobatics","Poisoned Stab+1","Noxious Fumes","Outmaneuver+1","Backflip+1","Terror","Burst+1","Acrobatics","Poisoned Stab+1","Noxious Fumes","Tools of the Trade","Poisoned Stab","Footwork","Flying Knee+1","Bane+1","Backflip+1","Burst","Outmaneuver","Die Die Die","Quick Slash+1","Prepared+1","Footwork","Bane"],"max_hp_per_floor":[77,77,77,77,77,77,77,77,77,77,77,77,77,77,77,77,77,77,77,77,77,77,77,77,77,77,77,77,77,77,77,77,77,77,77,77,67,67,67,67,67,67,67,67,67,67,67,67,67],"relics":["Ring of the Snake","Strawberry","Bag of Marbles","Thread and Needle","Sozu","Nilry\u0027s Codex","Matryoshka","Black Star","Bronze Scales","Red Mask","Smiling Mask","Centennial Puzzle","Omamori","Oddly Smooth Stone"],"card_choices":[{"not_picked":["Malaise","Dagger Spray"],"picked":"Acrobatics"},{"not_picked":["Night Terror","Dagger Spray"],"picked":"Poisoned Stab"},{"not_picked":["Riddle With Holes","Predator"],"picked":"Noxious Fumes"},{"not_picked":["Sucker Punch","Masterful Stab"],"picked":"Outmaneuver"},{"not_picked":["Backflip","Flying Knee"],"picked":"Burst"},{"not_picked":["Noxious Fumes","Deflect"],"picked":"Acrobatics"},{"not_picked":["Backflip","All Out Attack"],"picked":"Poisoned Stab"},{"not_picked":["Backstab","Slice"],"picked":"Noxious Fumes"},{"not_picked":["Venomology","Night Terror"],"picked":"Tools of the Trade"},{"not_picked":["Heel Hook","PiercingWail"],"picked":"Poisoned Stab"},{"not_picked":["Dodge and Roll","Outmaneuver"],"picked":"Bane"},{"not_picked":["Outmaneuver","Finisher"],"picked":"Backflip"},{"not_picked":["Phantasmal Killer","Envenom"],"picked":"Burst"},{"not_picked":["Quick Slash","Slice"],"picked":"Outmaneuver"},{"not_picked":["Deflect","Outmaneuver"],"picked":"Quick Slash"},{"not_picked":["Bane","Distraction"],"picked":"Prepared"},{"not_picked":["Deflect","Flechettes"],"picked":"Bane"}],"player_experience":60053,"potions_floor_usage":[7,14,16,16],"damage_taken":[{"damage":0,"enemies":"Small Slimes","floor":1,"turns":4},{"damage":0,"enemies":"2 Louse","floor":2,"turns":5},{"damage":1,"enemies":"Cultist","floor":3,"turns":4},{"damage":0,"enemies":"Blue Slaver","floor":4,"turns":5},{"damage":11,"enemies":"Lagavulin","floor":7,"turns":6},{"damage":0,"enemies":"Looter","floor":11,"turns":4},{"damage":0,"enemies":"Exordium Wildlife","floor":12,"turns":5},{"damage":4,"enemies":"Exordium Thugs","floor":14,"turns":4},{"damage":3,"enemies":"Hexaghost","floor":16,"turns":7},{"damage":15,"enemies":"Chosen","floor":18,"turns":6},{"damage":17,"enemies":"2 Thieves","floor":20,"turns":5},{"damage":9,"enemies":"Centurion and Healer","floor":22,"turns":8},{"damage":21,"enemies":"Snecko","floor":28,"turns":5},{"damage":0,"enemies":"Snake Plant","floor":30,"turns":3},{"damage":5,"enemies":"Champ","floor":33,"turns":8},{"damage":41,"enemies":"3 Darklings","floor":35,"turns":6},{"damage":1,"enemies":"Orb Walker","floor":38,"turns":4},{"damage":39,"enemies":"Sphere and 2 Shapes","floor":41,"turns":5},{"damage":19,"enemies":"4 Shapes","floor":42,"turns":6},{"damage":1,"enemies":"3 Darklings","floor":48,"turns":5},{"damage":55,"enemies":"Donu and Deca","floor":50,"turns":6}],"event_choices":[{"event_name":"Back to Basics","player_choice":"Simplicity","floor":21,"damage_taken":0},{"event_name":"Upgrade Shrine","player_choice":"Upgraded","floor":24,"damage_taken":0},{"event_name":"Cursed Tome","player_choice":"Obtained Book","floor":25,"damage_taken":0},{"event_name":"Vampires","player_choice":"Ignored","floor":31,"damage_taken":0},{"event_name":"The Moai Head","player_choice":"Heal","floor":37,"damage_taken":0},{"event_name":"Tomb of Lord Red Mask","player_choice":"Paid","floor":39,"damage_taken":0}],"boss_relics":[{"not_picked":["Snecko Eye","Tiny House"],"picked":"Sozu"},{"not_picked":["Runic Pyramid","Astrolabe"],"picked":"Black Star"}],"potions_floor_spawned":[1,3,4,7,14,18,20,28,42,48],"seed_played":"183522987769617106","killed_by":"Donu and Deca","ascension_level":0,"is_trial":false}