{"gold_per_floor":[116,116,116,135,112,112,140,140,140,140,155,169,196,210,210,210],"floor_reached":16,"playtime":557,"items_purged":[],"score":165,"play_id":"b3c6fe60-bee7-4a80-a213-72b8cf4061bc","local_time":"20180630142801","is_ascension_mode":true,"campfire_choices":[{"floor":6,"key":"REST"},{"floor":8,"key":"REST"},{"floor":15,"key":"REST"}],"neow_cost":"NONE","seed_source_timestamp":1359173980553642,"circlet_count":0,"master_deck":["Defend_G","Defend_G","Defend_G","Defend_G+1","Defend_G","Strike_G","Strike_G","Strike_G","Strike_G","Strike_G","Survivor","Neutralize","AscendersBane","Phantasmal Killer","Dash+1","Dagger Spray","Flying Knee","Blade Dance","Leg Sweep","Skewer","Footwork+1","Deflect+1"],"relics":["Ring of the Snake","Frozen Egg 2","Ninja Scroll","Pear","Question Card","Toxic Egg 2"],"potions_floor_usage":[7,16],"damage_taken":[{"damage":8,"enemies":"2 Louse","floor":1,"turns":5},{"damage":3,"enemies":"Jaw Worm","floor":4,"turns":5},{"damage":35,"enemies":"Lagavulin","floor":7,"turns":7},{"damage":0,"enemies":"Cultist","floor":11,"turns":2},{"damage":8,"enemies":"3 Louse","floor":12,"turns":4},{"damage":5,"enemies":"Gremlin Nob","floor":13,"turns":4},{"damage":3,"enemies":"Blue Slaver","floor":14,"turns":3},{"damage":61,"enemies":"The Guardian","floor":16,"turns":13}],"seed_played":"-8563100736151470968","potions_obtained":[{"floor":1,"key":"LiquidBronze"},{"floor":11,"key":"SmokeBomb"},{"floor":13,"key":"AttackPotion"}],"is_trial":false,"path_per_floor":["M","?","T","M","$","R","E","R","T","?","M","M","E","M","R"],"character_chosen":"THE_SILENT","items_purchased":["Flying Knee"],"campfire_rested":3,"item_purchase_floors":[5],"current_hp_per_floor":[55,41,41,38,38,59,24,45,55,52,52,44,39,36,60,0],"gold":210,"neow_bonus":"ONE_RANDOM_RARE_CARD","is_prod":false,"is_daily":false,"chose_seed":false,"campfire_upgraded":0,"win_rate":0,"timestamp":1530383281,"path_taken":["M","?","?","M","$","R","E","R","T","?","M","M","E","M","R","BOSS"],"build_version":"2018-06-29","purchased_purges":0,"victory":false,"max_hp_per_floor":[70,70,70,70,70,70,70,70,80,80,80,80,80,80,80,80],"card_choices":[{"not_picked":["Dodge and Roll","Dagger Throw"],"picked":"Dash","floor":1},{"not_picked":["Bane","All Out Attack"],"picked":"Dagger Spray","floor":4},{"not_picked":["Acrobatics","Underhanded Strike"],"picked":"Blade Dance","floor":7},{"not_picked":["PiercingWail","Dash","Dodge and Roll"],"picked":"Leg Sweep","floor":11},{"not_picked":["All Out Attack","Bane","Dagger Spray"],"picked":"Skewer","floor":12},{"not_picked":["Leg Sweep","Flying Knee","Outmaneuver"],"picked":"Footwork+1","floor":13},{"not_picked":["Catalyst+1","Sucker Punch","Deadly Poison+1"],"picked":"Deflect+1","floor":14}],"player_experience":481513,"relics_obtained":[{"floor":3,"key":"Frozen Egg 2"},{"floor":7,"key":"Ninja Scroll"},{"floor":9,"key":"Pear"},{"floor":13,"key":"Toxic Egg 2"}],"event_choices":[{"event_name":"Shining Light","player_choice":"Entered Light","floor":2,"damage_taken":0},{"event_name":"Scrap Ooze","player_choice":"success","floor":10,"damage_taken":3}],"boss_relics":[],"items_purged_floors":[],"is_endless":false,"potions_floor_spawned":[1,11,13],"killed_by":"The Guardian","ascension_level":10}