{"gold_per_floor":[112,37,37,37,11,42,42,42,42,81,81,116,116,132,132,226,226,244,267,267,96,117,117,136,136],"floor_reached":25,"playtime":1029,"items_purged":[],"score":534,"play_id":"531cd50f-0cd9-4e75-aea8-5bc1946d5290","local_time":"20181226165118","is_ascension_mode":true,"campfire_choices":[{"data":"Go for the Eyes","floor":8.0,"key":"SMITH"},{"data":"Buffer","floor":11.0,"key":"SMITH"},{"data":"Go for the Eyes","floor":13.0,"key":"SMITH"},{"data":"Loop","floor":15.0,"key":"SMITH"},{"data":"Hyperbeam","floor":23.0,"key":"SMITH"}],"neow_cost":"NONE","seed_source_timestamp":418507325217994,"circlet_count":0,"master_deck":["AscendersBane","Strike_B","Strike_B","Strike_B","Defend_B","Defend_B","Defend_B","Defend_B","Zap","Dualcast","Ball Lightning","Go for the Eyes+1","Buffer+1","Stack","Go for the Eyes+1","Loop+1","Hyperbeam+1","Consume","Cold Snap","Ghostly","Ghostly","Ghostly","Genetic Algorithm+1","Chill"],"special_seed":0,"relics":["Cracked Core","NeowsBlessing","Golden Idol","Question Card","Matryoshka","Lantern","Meat on the Bone","Cursed Key","Happy Flower"],"potions_floor_usage":[25,25],"damage_taken":[{"damage":0.0,"enemies":"Jaw Worm","floor":1.0,"turns":1.0},{"damage":0.0,"enemies":"Gremlin Nob","floor":6.0,"turns":1.0},{"damage":0.0,"enemies":"Lagavulin","floor":10.0,"turns":1.0},{"damage":16.0,"enemies":"Gremlin Nob","floor":12.0,"turns":5.0},{"damage":0.0,"enemies":"Small Slimes","floor":14.0,"turns":3.0},{"damage":49.0,"enemies":"The Guardian","floor":16.0,"turns":12.0},{"damage":33.0,"enemies":"2 Thieves","floor":18.0,"turns":3.0},{"damage":16.0,"enemies":"Spheric Guardian","floor":19.0,"turns":4.0},{"damage":0.0,"enemies":"Snecko","floor":22.0,"turns":5.0},{"damage":4.0,"enemies":"Centurion and Healer","floor":24.0,"turns":7.0},{"damage":27,"enemies":"Gremlin Leader","floor":25,"turns":2}],"seed_played":"2019619472358108366","potions_obtained":[{"floor":1.0,"key":"Dexterity Potion"},{"floor":16.0,"key":"PowerPotion"},{"floor":22.0,"key":"Fire Potion"}],"is_trial":false,"path_per_floor":["M","?","?","$","E","$","R","T","E","R","E","R","M","R","B",null,"M","M","?","$","M","R","M"],"character_chosen":"DEFECT","items_purchased":["Go for the Eyes","Happy Flower"],"campfire_rested":0,"item_purchase_floors":[5,21],"current_hp_per_floor":[64,64,64,69,69,69,69,69,69,69,69,53,53,53,53,16,56,35,31,31,31,31,31,27,0],"gold":136,"neow_bonus":"THREE_ENEMY_KILL","is_prod":false,"is_daily":false,"chose_seed":false,"campfire_upgraded":5,"win_rate":0,"timestamp":1545871878,"path_taken":["M","?","?","?","?","E","$","R","T","E","R","E","R","M","R","BOSS","M","M","?","$","M","R","M","E"],"build_version":"2018-12-25","purchased_purges":0,"victory":false,"max_hp_per_floor":[71,71,64,69,69,69,69,69,69,69,69,69,69,69,69,69,69,69,69,34,34,34,34,34,34],"card_choices":[{"not_picked":["Blizzard","Beam Cell"],"picked":"Ball Lightning","floor":1.0},{"not_picked":["Redo","Stack"],"picked":"Buffer","floor":6.0},{"not_picked":["Streamline","Force Field","Heatsinks"],"picked":"Stack","floor":10.0},{"not_picked":["Compile Driver","Hologram","Double Energy"],"picked":"Go for the Eyes","floor":12.0},{"not_picked":["Buffer","Sweeping Beam","Rebound"],"picked":"Loop","floor":14.0},{"not_picked":["Multi-Cast","Amplify","Thunder Strike"],"picked":"Hyperbeam","floor":16.0},{"not_picked":["Go for the Eyes","Loop","Conserve Battery"],"picked":"Consume","floor":18.0},{"not_picked":["Streamline","Compile Driver+1","Gash"],"picked":"Cold Snap","floor":19.0},{"not_picked":["Consume","Compile Driver","Reprogram"],"picked":"Genetic Algorithm+1","floor":22.0},{"not_picked":["Compile Driver","Turbo","Barrage"],"picked":"Chill","floor":24.0}],"player_experience":1161508,"relics_obtained":[{"floor":6.0,"key":"Question Card"},{"floor":9.0,"key":"Matryoshka"},{"floor":10.0,"key":"Lantern"},{"floor":12.0,"key":"Meat on the Bone"}],"event_choices":[{"cards_removed":["Strike_B"],"damage_healed":0.0,"max_hp_gain":0.0,"max_hp_loss":0.0,"gold_gain":0.0,"event_name":"The Cleric","player_choice":"Card Removal","floor":2.0,"gold_loss":75.0,"damage_taken":0.0},{"damage_healed":0.0,"max_hp_gain":0.0,"max_hp_loss":7.0,"gold_gain":0.0,"event_name":"Golden Idol","player_choice":"Lose Max HP","floor":3.0,"gold_loss":0.0,"damage_taken":0.0,"relics_obtained":["Golden Idol"]},{"damage_healed":0.0,"max_hp_gain":5.0,"max_hp_loss":0.0,"gold_gain":0.0,"event_name":"Big Fish","player_choice":"Donut","floor":4.0,"gold_loss":0.0,"damage_taken":0.0},{"damage_healed":0.0,"max_hp_gain":0.0,"max_hp_loss":35.0,"gold_gain":0.0,"event_name":"Ghosts","player_choice":"Became a Ghost","floor":20.0,"gold_loss":0.0,"damage_taken":0.0,"cards_obtained":["Ghostly","Ghostly","Ghostly"]}],"is_beta":true,"boss_relics":[{"not_picked":["Runic Dome","Calling Bell"],"picked":"Cursed Key"}],"items_purged_floors":[],"is_endless":false,"potions_floor_spawned":[1,16,22],"killed_by":"Gremlin Leader","ascension_level":20}