{"gold_per_floor":[113,125,139,158,158,158,184,184,209,209,237,247,247,260,260,337,337,350,360,360,360,10,10,40,40,40,40,71,71,91,106,106,180,180,192,112,126,26,38,38,38,38,38,138,138],"floor_reached":45,"playtime":2521,"items_purged":["Strike_R","Strike_R","Strike_R"],"score":922,"play_id":"8c1652fd-d4cd-41aa-99f3-ecdc0eb521d1","local_time":"20190119093803","is_ascension_mode":true,"campfire_choices":[{"data":"Rampage","floor":6.0,"key":"SMITH"},{"data":"Shockwave","floor":8.0,"key":"SMITH"},{"data":"Inflame","floor":10.0,"key":"SMITH"},{"data":"Combust","floor":13.0,"key":"SMITH"},{"data":"Shrug It Off","floor":15.0,"key":"SMITH"},{"data":"Bludgeon","floor":23.0,"key":"SMITH"},{"data":"True Grit","floor":25.0,"key":"SMITH"},{"floor":27.0,"key":"REST"},{"floor":29.0,"key":"REST"},{"floor":32.0,"key":"REST"},{"floor":40.0,"key":"REST"},{"floor":42.0,"key":"REST"}],"neow_cost":"TEN_PERCENT_HP_LOSS","seed_source_timestamp":212881544488601,"circlet_count":0,"master_deck":["AscendersBane","Defend_R","Defend_R","Defend_R","Defend_R","Bash+1","Anger","Rampage+1","Inflame+1","Headbutt","Shockwave+1","Combust+1","Shrug It Off+1","Inflame","Bludgeon+1","True Grit+1","Sword Boomerang","Whirlwind+1","Double Tap","Shrug It Off+1","Rage","Evolve"],"special_seed":0,"relics":["Burning Blood","Red Skull","Art of War","Philosopher\u0027s Stone","Gremlin Horn","Nunchaku","Self Forming Clay","The Courier","Mark of Pain","PreservedInsect","Pocketwatch"],"potions_floor_usage":[],"damage_taken":[{"damage":1.0,"enemies":"Cultist","floor":1.0,"turns":3.0},{"damage":10.0,"enemies":"Small Slimes","floor":2.0,"turns":4.0},{"damage":1.0,"enemies":"2 Louse","floor":3.0,"turns":2.0},{"damage":0.0,"enemies":"Lots of Slimes","floor":4.0,"turns":1.0},{"damage":30.0,"enemies":"3 Sentries","floor":7.0,"turns":9.0},{"damage":10.0,"enemies":"Lagavulin","floor":11.0,"turns":5.0},{"damage":11.0,"enemies":"Looter","floor":12.0,"turns":2.0},{"damage":0.0,"enemies":"Large Slime","floor":14.0,"turns":5.0},{"damage":22.0,"enemies":"The Guardian","floor":16.0,"turns":7.0},{"damage":9.0,"enemies":"Chosen","floor":18.0,"turns":4.0},{"damage":12.0,"enemies":"Shell Parasite","floor":19.0,"turns":3.0},{"damage":29.0,"enemies":"Book of Stabbing","floor":24.0,"turns":4.0},{"damage":27.0,"enemies":"Slavers","floor":28.0,"turns":5.0},{"damage":10.0,"enemies":"Centurion and Healer","floor":30.0,"turns":3.0},{"damage":7.0,"enemies":"Sentry and Sphere","floor":31.0,"turns":3.0},{"damage":25.0,"enemies":"Collector","floor":33.0,"turns":6.0},{"damage":33.0,"enemies":"3 Darklings","floor":35.0,"turns":4.0},{"damage":0.0,"enemies":"3 Shapes","floor":37.0,"turns":2.0},{"damage":37.0,"enemies":"Maw","floor":39.0,"turns":7.0},{"damage":10.0,"enemies":"Mind Bloom Boss Battle","floor":44.0,"turns":5.0},{"damage":60,"enemies":"Writhing Mass","floor":45,"turns":4}],"seed_played":"3492879178982446679","potions_obtained":[{"floor":3.0,"key":"AttackPotion"},{"floor":4.0,"key":"Explosive Potion"},{"floor":12.0,"key":"Block Potion"},{"floor":16.0,"key":"Fire Potion"},{"floor":18.0,"key":"LiquidBronze"},{"floor":30.0,"key":"Fire Potion"},{"floor":33.0,"key":"FearPotion"},{"floor":39.0,"key":"Weak Potion"}],"is_trial":false,"path_per_floor":["M","M","M","M","?","R","E","R","T","R","E","M","R","M","R","B",null,"M","M","?","?","$","R","E","R","T","R","E","R","M","M","R","B",null,"M","$","M","$","M","R","$","R","T","?","M"],"character_chosen":"IRONCLAD","items_purchased":["Gremlin Horn"],"campfire_rested":5,"item_purchase_floors":[22],"current_hp_per_floor":[68,64,68,68,68,68,44,44,44,44,40,35,35,41,41,25,57,54,48,48,48,48,48,25,25,25,45,24,44,40,39,59,40,61,34,34,40,40,9,29,29,49,49,45,0],"gold":138,"neow_bonus":"REMOVE_TWO","is_prod":false,"is_daily":false,"chose_seed":false,"campfire_upgraded":7,"win_rate":0,"timestamp":1547919483,"path_taken":["M","M","?","M","?","R","E","R","T","R","E","M","R","M","R","BOSS","M","M","?","?","$","R","E","R","T","R","E","R","M","M","R","BOSS","M","$","M","$","M","R","?","R","T","?","M"],"build_version":"2019-01-17","purchased_purges":3,"victory":false,"max_hp_per_floor":[68,68,68,68,68,68,68,68,68,68,68,68,68,68,68,68,68,68,68,68,68,68,68,68,68,68,68,68,68,68,68,68,68,68,68,68,68,68,68,68,68,68,68,68,68],"card_choices":[{"not_picked":["Warcry","True Grit"],"picked":"Anger","floor":1.0},{"not_picked":["Clothesline","Perfected Strike"],"picked":"Rampage","floor":2.0},{"not_picked":["Combust","Twin Strike"],"picked":"Inflame","floor":3.0},{"not_picked":["Thunderclap","Clash"],"picked":"Headbutt","floor":4.0},{"not_picked":["Heavy Blade","Barricade"],"picked":"Shockwave","floor":7.0},{"not_picked":["Cleave","Warcry"],"picked":"Combust","floor":11.0},{"not_picked":["Ghostly Armor","Headbutt"],"picked":"Shrug It Off","floor":12.0},{"not_picked":["Havoc","Pommel Strike"],"picked":"Inflame","floor":14.0},{"not_picked":["Exhume","Dark Embrace"],"picked":"Bludgeon","floor":16.0},{"not_picked":["Rampage","Heavy Blade","Blood for Blood"],"picked":"SKIP","floor":18.0},{"not_picked":["Infernal Blade","Hemokinesis+1","Metallicize"],"picked":"SKIP","floor":19.0},{"not_picked":["Dual Wield+1","Headbutt"],"picked":"True Grit","floor":24.0},{"not_picked":["Entrench","Burning Pact"],"picked":"Sword Boomerang","floor":28.0},{"not_picked":["Body Slam","Fire Breathing","Sword Boomerang"],"picked":"SKIP","floor":30.0},{"not_picked":["Fire Breathing","Hemokinesis"],"picked":"Whirlwind+1","floor":31.0},{"not_picked":["Berserk","Immolate"],"picked":"Double Tap","floor":33.0},{"not_picked":["Pommel Strike+1","Havoc"],"picked":"Shrug It Off+1","floor":35.0},{"not_picked":["Second Wind","Anger+1"],"picked":"Rage","floor":37.0},{"not_picked":["Flex","Clothesline"],"picked":"Evolve","floor":39.0}],"player_experience":1256326,"relics_obtained":[{"floor":7.0,"key":"Red Skull"},{"floor":11.0,"key":"Art of War"},{"floor":24.0,"key":"Nunchaku"},{"floor":26.0,"key":"Self Forming Clay"},{"floor":28.0,"key":"The Courier"},{"floor":43.0,"key":"PreservedInsect"},{"floor":44.0,"key":"Pocketwatch"}],"event_choices":[{"damage_healed":0.0,"max_hp_gain":0.0,"max_hp_loss":0.0,"gold_gain":0.0,"event_name":"Accursed Blacksmith","player_choice":"Forge","floor":5.0,"gold_loss":0.0,"damage_taken":0.0,"cards_upgraded":["Bash"]},{"damage_healed":0.0,"max_hp_gain":0.0,"max_hp_loss":0.0,"gold_gain":0.0,"event_name":"Vampires","player_choice":"Ignored","floor":20.0,"gold_loss":0.0,"damage_taken":0.0},{"damage_healed":0.0,"max_hp_gain":0.0,"max_hp_loss":0.0,"gold_gain":0.0,"event_name":"N\u0027loth","player_choice":"Ignored","floor":21.0,"gold_loss":0.0,"damage_taken":0.0},{"damage_healed":0.0,"max_hp_gain":0.0,"max_hp_loss":0.0,"gold_gain":0.0,"event_name":"MindBloom","player_choice":"Fight","floor":44.0,"gold_loss":0.0,"damage_taken":0.0}],"is_beta":true,"boss_relics":[{"not_picked":["White Beast Statue","Sozu"],"picked":"Philosopher\u0027s Stone"},{"not_picked":["Calling Bell","Coffee Dripper"],"picked":"Mark of Pain"}],"items_purged_floors":[22,36,38],"is_endless":false,"potions_floor_spawned":[3,4,12,16,18,30,33,39],"killed_by":"Writhing Mass","ascension_level":20}