{"path_per_floor":["M","T","M","M","$","R","E","R","T","E","?","M","?","M","R","B",null,"M","$","?","?","M","R","?","M","T","M","$"],"character_chosen":"IRONCLAD","items_purchased":["Armaments","Feel No Pain","Paper Frog","Finesse"],"gold_per_floor":[109,136,148,166,113,113,139,139,196,221,221,237,237,252,252,349,349,359,24,24,24,30,30,30,49,127,141,48,48],"floor_reached":29,"campfire_rested":3,"playtime":1154,"current_hp_per_floor":[68,68,57,60,60,60,40,64,64,26,18,15,15,14,38,25,66,13,13,39,39,13,37,37,13,13,13,13,0],"items_purged":[],"gold":48,"score":326,"play_id":"2acacbef-0069-4fa4-a11f-476e7352c477","local_time":"20180417201147","is_prod":false,"is_daily":false,"chose_seed":false,"is_ascension_mode":true,"campfire_upgraded":1,"timestamp":1524010307,"path_taken":["M","?","M","M","?","R","E","R","T","E","?","?","?","?","R","BOSS","M","$","?","?","M","R","?","M","T","?","$","M"],"build_version":"2018-04-16","seed_source_timestamp":473009924793374,"purchased_purges":0,"victory":false,"master_deck":["Strike_R","Strike_R","Strike_R","Strike_R","Strike_R","Defend_R","Defend_R","Defend_R","Defend_R","Bash","Barricade+1","Spot Weakness","Body Slam+1","Seeing Red","Armaments","Headbutt","Thunderclap","Sentinel","True Grit","Power Through","Juggernaut","Feel No Pain","Headbutt+1","Injury","Disarm+1","Writhe","Shockwave","Warcry+1","Finesse"],"max_hp_per_floor":[80,80,80,80,80,80,80,80,80,80,80,80,80,80,80,80,80,80,80,80,80,80,80,80,80,80,80,80,80],"relics":["Burning Blood","Vajra","Prayer Wheel","Tiny Chest","Lantern","Cursed Key","Paper Frog","Ornamental Fan"],"card_choices":[{"not_picked":["Warcry","Pommel Strike"],"picked":"Spot Weakness","floor":1},{"not_picked":["Twin Strike","Heavy Blade"],"picked":"Body Slam","floor":3},{"not_picked":["Dark Embrace","Flex"],"picked":"Seeing Red","floor":4},{"not_picked":["Spot Weakness","Bloodletting"],"picked":"Headbutt","floor":7},{"not_picked":["Sentinel","Bloodletting"],"picked":"Thunderclap","floor":9},{"not_picked":["Thunderclap","Hemokinesis"],"picked":"Sentinel","floor":10},{"not_picked":["Burning Pact","Warcry"],"picked":"True Grit","floor":12},{"not_picked":["Thunderclap","Brutality"],"picked":"Power Through","floor":14},{"not_picked":["Double Tap","Feed"],"picked":"Juggernaut","floor":16},{"not_picked":["Sword Boomerang","Pummel"],"picked":"Headbutt","floor":22},{"not_picked":["Ghostly Armor","Shockwave"],"picked":"Disarm","floor":25},{"not_picked":["Warcry","Sever Soul"],"picked":"Shockwave","floor":26},{"not_picked":["Heavy Blade","Armaments"],"picked":"Warcry","floor":27}],"player_experience":238417,"potions_floor_usage":[10,16,16,22,25],"damage_taken":[{"damage":10,"enemies":"Cultist","floor":1,"turns":5},{"damage":17,"enemies":"Small Slimes","floor":3,"turns":4},{"damage":3,"enemies":"Jaw Worm","floor":4,"turns":5},{"damage":26,"enemies":"3 Sentries","floor":7,"turns":8},{"damage":47,"enemies":"Lagavulin","floor":10,"turns":6},{"damage":9,"enemies":"Red Slaver","floor":12,"turns":3},{"damage":7,"enemies":"Large Slime","floor":14,"turns":5},{"damage":19,"enemies":"Hexaghost","floor":16,"turns":9},{"damage":59,"enemies":"Shell Parasite","floor":18,"turns":8},{"damage":32,"enemies":"2 Thieves","floor":22,"turns":5},{"damage":30,"enemies":"3 Cultists","floor":25,"turns":6},{"damage":6,"enemies":"Snake Plant","floor":27,"turns":6},{"damage":27,"enemies":"Cultist and Chosen","floor":29,"turns":3}],"event_choices":[{"event_name":"Wheel of Change","player_choice":"Damage","floor":11,"damage_taken":0},{"event_name":"Shining Light","player_choice":"Ignored","floor":13,"damage_taken":0},{"event_name":"The Library","player_choice":"Heal","floor":20,"damage_taken":0},{"event_name":"Addict","player_choice":"Ignored","floor":21,"damage_taken":0},{"event_name":"Accursed Blacksmith","player_choice":"Forge","floor":24,"damage_taken":0}],"boss_relics":[{"not_picked":["Black Blood","Black Star"],"picked":"Cursed Key"}],"potions_floor_spawned":[1,7,12,18,22],"seed_played":"2045319937543142205","killed_by":"Cultist and Chosen","ascension_level":8,"is_trial":false}