{"gold_per_floor":[114,114,125,44,219,251,251,278,323,323,338,323,323,339,339,339],"floor_reached":16,"playtime":528,"items_purged":[],"score":169,"play_id":"f617528d-7e42-4c69-952c-c3d62e3d20df","local_time":"20190126221651","is_ascension_mode":true,"campfire_choices":[{"data":"Footwork","floor":7,"key":"SMITH"},{"floor":15,"key":"REST"}],"neow_cost":"NONE","seed_source_timestamp":32263899044041,"circlet_count":0,"master_deck":["Defend_G","Defend_G","Defend_G","Defend_G","Defend_G","Strike_G","Strike_G","Strike_G","Strike_G","Strike_G","Survivor","Neutralize","Footwork+1","Crippling Poison","Doubt","Backstab","Expertise","Acrobatics","PiercingWail","Dagger Spray"],"relics":["Ring of the Snake","NeowsBlessing","Bottled Tornado","Mango","Bottled Lightning","Snake Skull","CultistMask"],"potions_floor_usage":[8,11,16,16],"damage_taken":[{"damage":0,"enemies":"Cultist","floor":1,"turns":1},{"damage":0,"enemies":"Small Slimes","floor":3,"turns":1},{"damage":0,"enemies":"Lagavulin","floor":6,"turns":1},{"damage":62,"enemies":"Gremlin Nob","floor":8,"turns":7},{"damage":1,"enemies":"Jaw Worm","floor":11,"turns":3},{"damage":3,"enemies":"Exordium Thugs","floor":12,"turns":6},{"damage":0,"enemies":"Looter","floor":14,"turns":4},{"damage":45,"enemies":"The Guardian","floor":16,"turns":19}],"seed_played":"6240982263655333877","potions_obtained":[{"floor":1,"key":"Strength Potion"},{"floor":3,"key":"LiquidBronze"},{"floor":8,"key":"Poison Potion"},{"floor":12,"key":"Regen Potion"}],"is_trial":false,"path_per_floor":["M","T","M","$","?","E","R","E","T","?","M","M","?","M","R","B"],"character_chosen":"THE_SILENT","items_purchased":["Crippling Poison"],"campfire_rested":1,"item_purchase_floors":[4],"current_hp_per_floor":[70,70,70,70,70,84,84,22,22,22,21,18,18,18,43,13],"gold":339,"neow_bonus":"THREE_ENEMY_KILL","is_prod":false,"is_daily":false,"chose_seed":false,"campfire_upgraded":1,"win_rate":0,"timestamp":1548559011,"path_taken":["M","?","?","$","?","E","R","E","T","?","M","?","?","M","R","BOSS"],"build_version":"2019-01-23","purchased_purges":0,"victory":false,"max_hp_per_floor":[70,70,70,70,70,84,84,84,84,84,84,84,84,84,84,84],"card_choices":[{"not_picked":["PiercingWail","Escape Plan"],"picked":"Footwork","floor":1},{"not_picked":["Bane","Accuracy","Infinite Blades"],"picked":"SKIP","floor":3},{"not_picked":["Expertise","Underhanded Strike"],"picked":"Backstab","floor":6},{"not_picked":["Distraction","Sucker Punch"],"picked":"Expertise","floor":8},{"not_picked":["Prepared","Poisoned Stab","Dagger Throw"],"picked":"SKIP","floor":11},{"not_picked":["Sucker Punch","Eviscerate"],"picked":"Acrobatics","floor":12},{"not_picked":["PiercingWail","Prepared"],"picked":"Dagger Spray","floor":14}],"player_experience":147465,"relics_obtained":[{"floor":2,"key":"Bottled Tornado"},{"floor":6,"key":"Mango"},{"floor":8,"key":"Bottled Lightning"},{"floor":9,"key":"Snake Skull"}],"event_choices":[{"damage_healed":0,"gold_gain":175,"player_choice":"AGREE","damage_taken":0,"max_hp_gain":0,"max_hp_loss":0,"event_name":"Liars Game","floor":5,"gold_loss":0,"cards_obtained":["Doubt"]},{"damage_healed":0,"gold_gain":0,"player_choice":"Trade","damage_taken":0,"relics_obtained":["CultistMask"],"max_hp_gain":0,"max_hp_loss":0,"event_name":"FaceTrader","floor":10,"gold_loss":0},{"damage_healed":0,"gold_gain":0,"player_choice":"1 cards matched","damage_taken":0,"max_hp_gain":0,"max_hp_loss":0,"event_name":"Match and Keep!","floor":13,"gold_loss":0,"cards_obtained":["PiercingWail"]}],"is_beta":false,"boss_relics":[],"items_purged_floors":[],"is_endless":false,"potions_floor_spawned":[1,3,8,12],"killed_by":"The Guardian","ascension_level":5}