{"gold_per_floor":[111,36,53,69,84,84,112,127,127,202,102,130,130,141,141,242,242,257,8,8,18,117,117,143,163,163,163,39,39,55,55,55,153,153,163,163,182,39,54,54,54,64,64,77,77,104,104,124,124,124],"floor_reached":50,"playtime":2500,"items_purged":["Doubt","Strike_R"],"score":532,"play_id":"658b8959-6d84-4b83-a713-9fb992ef8ea8","local_time":"20181230210824","is_ascension_mode":false,"campfire_choices":[{"data":"Uppercut","floor":6,"key":"SMITH"},{"floor":13,"key":"REST"},{"floor":15,"key":"REST"},{"floor":23,"key":"REST"},{"data":"Barricade","floor":27,"key":"SMITH"},{"data":"Power Through","floor":29,"key":"SMITH"},{"data":"Armaments","floor":32,"key":"SMITH"},{"data":"Body Slam","floor":40,"key":"SMITH"},{"data":"Feel No Pain","floor":45,"key":"SMITH"},{"floor":47,"key":"REST"},{"floor":49,"key":"RECALL"}],"neow_cost":"CURSE","seed_source_timestamp":20820789655017,"circlet_count":0,"master_deck":["Defend_R+1","Defend_R+1","Defend_R+1","Defend_R+1","Bash","Uppercut+1","Cleave","Rage","Body Slam+1","Rampage","Anger","Dual Wield","Shrug It Off","Barricade+1","True Grit","Shrug It Off","Bite","Bite","Bite","Bite","Power Through+1","Disarm","Battle Trance","Armaments+1","Impervious","Ghostly Armor+1","Armaments+1","Feel No Pain+1","Impervious","Body Slam+1","Feel No Pain+1","Headbutt","Body Slam+1"],"relics":["Burning Blood","Torii","Oddly Smooth Stone","Blue Candle","Cursed Key","ClockworkSouvenir","Red Mask","Bottled Lightning","Velvet Choker","Singing Bowl"],"potions_floor_usage":[7,8,16,24,24,25,33,33,37,37,42,42,46,50],"damage_taken":[{"damage":12,"enemies":"Cultist","floor":1,"turns":6},{"damage":1,"enemies":"Jaw Worm","floor":3,"turns":4},{"damage":8,"enemies":"Small Slimes","floor":4,"turns":3},{"damage":1,"enemies":"Looter","floor":5,"turns":4},{"damage":40,"enemies":"Lagavulin","floor":7,"turns":6},{"damage":7,"enemies":"Large Slime","floor":8,"turns":5},{"damage":20,"enemies":"3 Sentries","floor":12,"turns":8},{"damage":1,"enemies":"Blue Slaver","floor":14,"turns":4},{"damage":22,"enemies":"The Guardian","floor":16,"turns":14},{"damage":8,"enemies":"Shell Parasite","floor":18,"turns":6},{"damage":29,"enemies":"2 Thieves","floor":21,"turns":5},{"damage":23,"enemies":"Masked Bandits","floor":24,"turns":9},{"damage":0,"enemies":"3 Cultists","floor":25,"turns":6},{"damage":1,"enemies":"Centurion and Healer","floor":30,"turns":9},{"damage":31,"enemies":"Automaton","floor":33,"turns":11},{"damage":0,"enemies":"Orb Walker","floor":35,"turns":2},{"damage":29,"enemies":"3 Darklings","floor":37,"turns":21},{"damage":1,"enemies":"Spire Growth","floor":39,"turns":8},{"damage":1,"enemies":"Sphere and 2 Shapes","floor":42,"turns":7},{"damage":16,"enemies":"Transient","floor":44,"turns":5},{"damage":26,"enemies":"Reptomancer","floor":46,"turns":9},{"damage":0,"enemies":"3 Darklings","floor":48,"turns":7},{"damage":78,"enemies":"Donu and Deca","floor":50,"turns":7}],"seed_played":"-7666371034551642092","potions_obtained":[{"floor":1,"key":"SteroidPotion"},{"floor":5,"key":"Explosive Potion"},{"floor":8,"key":"Weak Potion"},{"floor":12,"key":"Strength Potion"},{"floor":14,"key":"SkillPotion"},{"floor":24,"key":"Poison Potion"},{"floor":25,"key":"EntropicBrew"},{"floor":35,"key":"Block Potion"},{"floor":37,"key":"Block Potion"},{"floor":39,"key":"FearPotion"},{"floor":44,"key":"Energy Potion"}],"is_trial":false,"path_per_floor":["M","$","M","M","M","R","E","M","T","?","$","E","R","M","R","B",null,"M","$","?","M","?","R","?","M","T","R","$","R","M","?","R","B",null,"M","?","M","$","M","R","?","M","T","M","R","E","R","M","R","B"],"character_chosen":"IRONCLAD","items_purchased":["Shrug It Off","ClockworkSouvenir","Battle Trance","Armaments","Feel No Pain","Impervious"],"campfire_rested":4,"item_purchase_floors":[19,19,28,28,38,38],"current_hp_per_floor":[74,74,79,77,80,80,46,45,45,34,34,20,44,49,73,57,80,78,78,56,41,41,56,54,56,56,56,56,56,56,56,56,44,56,56,56,56,56,56,56,56,56,56,49,49,40,56,58,58,0],"gold":124,"neow_bonus":"ONE_RARE_RELIC","is_prod":false,"is_daily":false,"chose_seed":false,"campfire_upgraded":6,"win_rate":0,"timestamp":1546222104,"path_taken":["M","$","M","?","M","R","E","M","T","?","$","E","R","M","R","BOSS","M","$","?","M","?","R","?","M","T","R","?","R","M","?","R","BOSS","M","?","M","$","M","R","?","M","T","M","R","E","R","?","R","BOSS"],"build_version":"2018-12-25","purchased_purges":2,"victory":false,"max_hp_per_floor":[80,80,80,80,80,80,80,80,80,80,80,80,80,80,80,80,80,80,80,56,56,56,56,56,56,56,56,56,56,56,56,56,56,56,56,56,56,56,56,56,56,56,56,56,56,56,56,58,58,58],"card_choices":[{"not_picked":["Hemokinesis","True Grit"],"picked":"Uppercut","floor":1},{"not_picked":["Dropkick","Dual Wield"],"picked":"Cleave","floor":3},{"not_picked":["Burning Pact","Perfected Strike"],"picked":"Rage","floor":4},{"not_picked":["Sentinel","Evolve"],"picked":"Body Slam","floor":5},{"not_picked":["Pummel","Corruption"],"picked":"Rampage","floor":7},{"not_picked":["Wild Strike","Perfected Strike"],"picked":"Anger","floor":8},{"not_picked":["Twin Strike","Sword Boomerang"],"picked":"Dual Wield","floor":12},{"not_picked":["Sword Boomerang","Fire Breathing"],"picked":"Shrug It Off","floor":14},{"not_picked":["Offering","Impervious"],"picked":"Barricade","floor":16},{"not_picked":["Anger","Thunderclap+1"],"picked":"True Grit","floor":18},{"not_picked":["Cleave","Seeing Red"],"picked":"Power Through","floor":21},{"not_picked":["Searing Blow","Wild Strike+1"],"picked":"Disarm","floor":24},{"not_picked":["Clothesline","Wild Strike","Anger"],"picked":"SKIP","floor":25},{"not_picked":["Brutality","Dual Wield","Sword Boomerang+1"],"picked":"SKIP","floor":30},{"not_picked":["Berserk","Reaper"],"picked":"Impervious","floor":33},{"not_picked":["Perfected Strike","Infernal Blade+1"],"picked":"Ghostly Armor+1","floor":35},{"not_picked":["Inflame","Clothesline"],"picked":"Armaments+1","floor":37},{"not_picked":["Bloodletting+1","Flex+1"],"picked":"Body Slam+1","floor":39},{"not_picked":["Havoc+1","Disarm+1"],"picked":"Feel No Pain+1","floor":42},{"not_picked":["Pommel Strike","Blood for Blood"],"picked":"Headbutt","floor":44},{"not_picked":["Hemokinesis","Inflame"],"picked":"Body Slam+1","floor":46},{"not_picked":["Perfected Strike","Fire Breathing+1","Carnage+1"],"picked":"Singing Bowl","floor":48}],"player_experience":1095603,"relics_obtained":[{"floor":7,"key":"Oddly Smooth Stone"},{"floor":12,"key":"Blue Candle"},{"floor":24,"key":"Red Mask"},{"floor":26,"key":"Bottled Lightning"},{"floor":46,"key":"Singing Bowl"}],"event_choices":[{"damage_healed":0,"gold_gain":75,"player_choice":"Gather Gold","damage_taken":11,"max_hp_gain":0,"max_hp_loss":0,"event_name":"World of Goop","floor":10,"gold_loss":0},{"damage_healed":0,"gold_gain":0,"player_choice":"Became a vampire","damage_taken":0,"max_hp_gain":0,"max_hp_loss":24,"event_name":"Vampires","floor":20,"gold_loss":0,"cards_obtained":["Bite","Bite","Bite","Bite","Bite"]},{"damage_healed":0,"gold_gain":99,"player_choice":"Stole From Cult","damage_taken":0,"max_hp_gain":0,"max_hp_loss":0,"event_name":"Nest","floor":22,"gold_loss":0},{"damage_healed":0,"gold_gain":0,"player_choice":"Fought Bandits","damage_taken":0,"max_hp_gain":0,"max_hp_loss":0,"event_name":"Masked Bandits","floor":24,"gold_loss":0},{"damage_healed":0,"gold_gain":0,"player_choice":"Simplicity","damage_taken":0,"max_hp_gain":0,"max_hp_loss":0,"event_name":"Back to Basics","floor":31,"gold_loss":0,"cards_upgraded":["Defend_R","Defend_R","Defend_R","Defend_R"]},{"cards_removed":["Bite"],"damage_healed":0,"gold_gain":0,"player_choice":"Removed Attack","damage_taken":0,"max_hp_gain":0,"max_hp_loss":0,"event_name":"Falling","floor":36,"gold_loss":0},{"cards_removed":["Doubt"],"damage_healed":0,"gold_gain":0,"player_choice":"Removed Curses","damage_taken":0,"max_hp_gain":0,"max_hp_loss":0,"event_name":"Fountain of Cleansing","floor":41,"gold_loss":0}],"is_beta":true,"boss_relics":[{"not_picked":["Runic Cube","Runic Dome"],"picked":"Cursed Key"},{"not_picked":["Philosopher\u0027s Stone","Snecko Eye"],"picked":"Velvet Choker"}],"items_purged_floors":[2,11],"is_endless":false,"potions_floor_spawned":[1,5,8,12,14,24,25,35,37,39,44],"killed_by":"Donu and Deca","ascension_level":0}