{"gold_per_floor":[110,128,147,147,147,147,159,187,187,187,203,203,225,241,241,344,344,362,381,17,17,17,17,17],"floor_reached":24,"playtime":804,"items_purged":["Strike_B"],"score":304,"play_id":"9be87bd9-b0e4-4746-8780-e6c14362ab46","local_time":"20181219005844","is_ascension_mode":true,"campfire_choices":[{"data":"Zap","floor":6,"key":"SMITH"},{"floor":10,"key":"REST"},{"floor":12,"key":"REST"},{"floor":15,"key":"REST"},{"floor":23,"key":"REST"}],"neow_cost":"NONE","seed_source_timestamp":306132022804678,"circlet_count":0,"master_deck":["AscendersBane","Strike_B","Strike_B","Strike_B","Defend_B","Defend_B","Defend_B","Defend_B","Zap+1","Dualcast","Consume","Auto Shields","Go for the Eyes","Capacitor","Biased Cognition","Undo+1","Leap+1","Ball Lightning","Biased Cognition","Cold Snap+1","Hologram+1","Bandage Up+1","Loop","Coolheaded+1","Conserve Battery+1","Decay"],"relics":["Cracked Core","NeowsBlessing","Toxic Egg 2","Boot","PreservedInsect","Matryoshka","Odd Mushroom","Inserter"],"potions_floor_usage":[8,13,16,19,24,24],"damage_taken":[{"damage":0,"enemies":"Cultist","floor":1,"turns":1},{"damage":0,"enemies":"Small Slimes","floor":2,"turns":1},{"damage":0,"enemies":"2 Louse","floor":3,"turns":1},{"damage":0,"enemies":"Blue Slaver","floor":7,"turns":4},{"damage":35,"enemies":"3 Sentries","floor":8,"turns":7},{"damage":4,"enemies":"Large Slime","floor":11,"turns":6},{"damage":30,"enemies":"The Mushroom Lair","floor":13,"turns":5},{"damage":0,"enemies":"2 Fungi Beasts","floor":14,"turns":3},{"damage":45,"enemies":"Slime Boss","floor":16,"turns":9},{"damage":7,"enemies":"Chosen","floor":18,"turns":5},{"damage":19,"enemies":"3 Byrds","floor":19,"turns":3},{"damage":67,"enemies":"3 Cultists","floor":24,"turns":6}],"seed_played":"-4438621174576354460","potions_obtained":[{"floor":1,"key":"FocusPotion"},{"floor":2,"key":"SteroidPotion"},{"floor":11,"key":"Poison Potion"},{"floor":14,"key":"Weak Potion"},{"floor":16,"key":"Weak Potion"},{"floor":18,"key":"PowerPotion"}],"is_trial":false,"path_per_floor":["M","M","M","T","?","R","M","E","T","R","M","R","?","M","R","B",null,"M","M","$","?","?","R","M"],"character_chosen":"DEFECT","items_purchased":["Bandage Up+1","Loop","Block Potion","Coolheaded+1","Conserve Battery+1"],"campfire_rested":4,"item_purchase_floors":[20,20,20,20,20],"current_hp_per_floor":[68,68,68,68,61,61,61,26,26,48,44,66,36,36,58,13,60,53,34,34,34,34,56,0],"gold":17,"neow_bonus":"THREE_ENEMY_KILL","is_prod":false,"is_daily":false,"chose_seed":false,"campfire_upgraded":1,"win_rate":0,"timestamp":1545199124,"path_taken":["M","M","M","?","?","R","M","E","T","R","M","R","?","M","R","BOSS","M","M","$","?","?","R","M"],"build_version":"2018-12-17","purchased_purges":1,"victory":false,"max_hp_per_floor":[75,75,75,75,75,75,75,75,75,75,75,75,75,75,75,75,75,75,75,75,75,75,75,75],"card_choices":[{"not_picked":["Cold Snap","Turbo"],"picked":"Consume","floor":1},{"not_picked":["White Noise","Cold Snap"],"picked":"Auto Shields","floor":2},{"not_picked":["Auto Shields","Reprogram"],"picked":"Go for the Eyes","floor":3},{"not_picked":["Ball Lightning","Loop"],"picked":"Capacitor","floor":7},{"not_picked":["Chill+1","Hologram+1"],"picked":"Biased Cognition","floor":8},{"not_picked":["Gash","Rebound"],"picked":"Undo+1","floor":11},{"not_picked":["Go for the Eyes","Sweeping Beam"],"picked":"Leap+1","floor":13},{"not_picked":["Scrape","Hello World"],"picked":"Ball Lightning","floor":14},{"not_picked":["Amplify+1","Multi-Cast+1"],"picked":"Biased Cognition","floor":16},{"not_picked":["Beam Cell","Streamline"],"picked":"Cold Snap+1","floor":18},{"not_picked":["Beam Cell","Coolheaded+1"],"picked":"Hologram+1","floor":19}],"player_experience":1020767,"relics_obtained":[{"floor":4,"key":"Toxic Egg 2"},{"floor":8,"key":"PreservedInsect"},{"floor":9,"key":"Matryoshka"},{"floor":13,"key":"Odd Mushroom"}],"event_choices":[{"damage_healed":0,"gold_gain":0,"player_choice":"Success","damage_taken":7,"relics_obtained":["Boot"],"max_hp_gain":0,"max_hp_loss":0,"event_name":"Scrap Ooze","floor":5,"gold_loss":0},{"damage_healed":0,"gold_gain":0,"player_choice":"Fought Mushrooms","damage_taken":0,"max_hp_gain":0,"max_hp_loss":0,"event_name":"Mushrooms","floor":13,"gold_loss":0},{"damage_healed":0,"gold_gain":0,"player_choice":"Ignored","damage_taken":0,"max_hp_gain":0,"max_hp_loss":0,"event_name":"Beggar","floor":21,"gold_loss":0},{"damage_healed":0,"gold_gain":0,"player_choice":"Smashed Altar","damage_taken":0,"max_hp_gain":0,"max_hp_loss":0,"event_name":"Forgotten Altar","floor":22,"gold_loss":0,"cards_obtained":["Decay"]}],"is_beta":true,"boss_relics":[{"not_picked":["Astrolabe","FrozenCore"],"picked":"Inserter"}],"items_purged_floors":[20],"is_endless":false,"potions_floor_spawned":[1,2,7,11,14,16,18],"killed_by":"3 Cultists","ascension_level":11}