{"path_per_floor":["M","?","M","M","T","E","M","M","T","R","M","R","$","M","R","B",null,"M","?","$","M","M","E","M","R","T","E","M","M","R","$","R","B",null,"M","M","?","M","M","R","?","M","T","$","E","R","T","?","R"],"character_chosen":"IRONCLAD","items_purchased":["Cleave","Thunderclap","Shrug It Off","Ghostly Armor","Feel No Pain","Jack Of All Trades"],"gold_per_floor":[20,20,31,49,49,82,92,106,106,106,116,116,15,30,30,133,133,145,145,70,90,108,137,156,156,156,191,211,223,223,53,53,156,156,174,187,234,250,266,266,266,281,281,27,54,54,77,0,0],"floor_reached":50,"campfire_rested":5,"playtime":2426,"current_hp_per_floor":[80,80,80,80,80,54,28,30,30,30,33,33,33,39,63,50,80,70,70,70,70,55,48,45,45,45,20,23,21,45,45,68,51,77,73,77,53,53,50,50,50,32,32,32,27,50,50,50,73],"items_purged":["Strike_R","Parasite","Pain"],"gold":0,"score":541,"play_id":"ff18e118-76fb-4eea-9228-1f2a28315a55","local_time":"20180310225231","is_prod":false,"is_daily":false,"is_ascension_mode":false,"campfire_upgraded":1,"timestamp":1520740351,"path_taken":["M","?","M","M","?","E","M","M","T","R","M","R","$","M","R","BOSS","M","?","$","M","M","E","M","R","T","E","M","M","R","$","R","BOSS","M","M","?","?","?","R","?","M","T","$","E","R","?","?","R","BOSS"],"build_version":"2018-03-09","purchased_purges":3,"victory":false,"master_deck":["Strike_R","Strike_R","Strike_R+1","Strike_R","Defend_R","Defend_R","Defend_R","Bash","Rampage","Disarm","Corruption","Iron Wave","Flex","Armaments","Twin Strike+1","Cleave","Flex","Offering+1","Inflame","Rampage","Thunderclap","Shrug It Off","Clash","Spot Weakness+1","Dark Embrace","Ghostly Armor","Pommel Strike+1","Metallicize+1","Flex+1","Ghostly Armor","Impervious","Twin Strike+1","Shrug It Off+1","Inflame","Clash+1","Dual Wield","Feel No Pain","Jack Of All Trades","Pommel Strike+1","Writhe"],"max_hp_per_floor":[80,80,80,80,80,80,80,80,80,80,80,80,80,80,80,80,80,80,80,80,80,80,80,80,80,80,80,80,80,80,77,77,77,77,77,77,77,77,77,77,77,77,77,77,77,77,77,77,77],"relics":["Burning Blood","Girya","Bag of Marbles","Self Forming Clay","Sundial","Cursed Key","Toolbox","Blood Vial","Torii","Mark of Pain","Gambling Chip","Shovel","Whetstone","Omamori","Red Mask"],"card_choices":[{"not_picked":["Headbutt","Wild Strike"],"picked":"Rampage"},{"not_picked":["Blood for Blood","Wild Strike"],"picked":"Disarm"},{"not_picked":["Heavy Blade","Clothesline"],"picked":"Corruption"},{"not_picked":["Warcry","Reckless Charge"],"picked":"Iron Wave"},{"not_picked":["Second Wind","Bludgeon"],"picked":"Flex"},{"not_picked":["Perfected Strike","Headbutt"],"picked":"Armaments"},{"not_picked":["Clothesline","Fire Breathing"],"picked":"Twin Strike"},{"not_picked":["Sentinel","Flame Barrier"],"picked":"Flex"},{"not_picked":["Brutality","Bludgeon"],"picked":"Offering"},{"not_picked":["Disarm","Headbutt"],"picked":"Inflame"},{"not_picked":["Pommel Strike","Sever Soul"],"picked":"Clash"},{"not_picked":["Shrug It Off","Rupture"],"picked":"Spot Weakness"},{"not_picked":["Wild Strike","Twin Strike"],"picked":"Dark Embrace"},{"not_picked":["True Grit","Body Slam"],"picked":"Ghostly Armor"},{"not_picked":["Body Slam","Headbutt"],"picked":"Pommel Strike"},{"not_picked":["Twin Strike","Shrug It Off"],"picked":"Metallicize"},{"not_picked":["Exhume","Wild Strike"],"picked":"Flex"},{"not_picked":["Juggernaut","Double Tap"],"picked":"Impervious"},{"not_picked":["Perfected Strike","Wild Strike"],"picked":"Twin Strike"},{"not_picked":["Cleave","Perfected Strike"],"picked":"Shrug It Off"},{"not_picked":["Havoc","Warcry"],"picked":"Inflame"},{"not_picked":["Wild Strike","Sever Soul"],"picked":"Clash"},{"not_picked":["Clash","Inflame"],"picked":"Dual Wield"},{"not_picked":["Body Slam","Dropkick"],"picked":"Pommel Strike"}],"player_experience":525716,"potions_floor_usage":[7,16,21,23,23,27,29,33,39,39,45],"damage_taken":[{"damage":0,"enemies":"Small Slimes","floor":1,"turns":4},{"damage":2,"enemies":"2 Louse","floor":3,"turns":3},{"damage":6,"enemies":"Cultist","floor":4,"turns":4},{"damage":32,"enemies":"Lagavulin","floor":6,"turns":5},{"damage":32,"enemies":"Exordium Thugs","floor":7,"turns":7},{"damage":4,"enemies":"Blue Slaver","floor":8,"turns":5},{"damage":3,"enemies":"Exordium Wildlife","floor":11,"turns":5},{"damage":0,"enemies":"Looter","floor":14,"turns":2},{"damage":19,"enemies":"The Guardian","floor":16,"turns":10},{"damage":16,"enemies":"3 Byrds","floor":18,"turns":5},{"damage":6,"enemies":"Spheric Guardian","floor":21,"turns":3},{"damage":21,"enemies":"Snake Plant","floor":22,"turns":3},{"damage":22,"enemies":"Slavers","floor":23,"turns":4},{"damage":9,"enemies":"Cultist and Chosen","floor":24,"turns":4},{"damage":45,"enemies":"Gremlin Leader","floor":27,"turns":5},{"damage":5,"enemies":"Snecko","floor":28,"turns":3},{"damage":10,"enemies":"Slaver and Parasite","floor":29,"turns":5},{"damage":40,"enemies":"Collector","floor":33,"turns":9},{"damage":10,"enemies":"3 Shapes","floor":35,"turns":5},{"damage":1,"enemies":"Orb Walker","floor":36,"turns":3},{"damage":30,"enemies":"Mysterious Sphere","floor":37,"turns":6},{"damage":8,"enemies":"4 Shapes","floor":38,"turns":3},{"damage":15,"enemies":"Maw","floor":39,"turns":7},{"damage":26,"enemies":"Sphere and 2 Shapes","floor":42,"turns":4},{"damage":13,"enemies":"2 Orb Walkers","floor":45,"turns":3},{"damage":75,"enemies":"Time Eater","floor":50,"turns":6}],"event_choices":[{"event_name":"The Cleric","player_choice":"Leave","floor":2,"damage_taken":0},{"event_name":"The Library","player_choice":"Read","floor":19,"damage_taken":0},{"event_name":"Mysterious Sphere","player_choice":"Fight","floor":37,"damage_taken":0},{"event_name":"Tomb of Lord Red Mask","player_choice":"Paid","floor":48,"damage_taken":0}],"boss_relics":[{"not_picked":["Black Star","Velvet Choker"],"picked":"Cursed Key"},{"not_picked":["Runic Cube","Lizard Tail"],"picked":"Mark of Pain"}],"potions_floor_spawned":[1,6,11,14,16,18,24,28,29,36,38,39],"seed_played":"1115416706828260088","killed_by":"Time Eater","ascension_level":0,"is_trial":false}