{"gold_per_floor":[111,121,121,136,147,147,174,174,174,188,200,217,217,217,217,314,314,326,326,346,32,32,32,44,7,7,7,26,60,79,111,111,111],"floor_reached":33,"playtime":1701,"items_purged":[],"score":473,"play_id":"fe258588-3d29-44ec-abb7-e27cc00f678f","local_time":"20181228185106","is_ascension_mode":true,"campfire_choices":[{"floor":6,"key":"REST"},{"data":"Creative AI","floor":8,"key":"SMITH"},{"floor":13,"key":"REST"},{"data":"Go for the Eyes","floor":15,"key":"SMITH"},{"data":"1","floor":23,"key":"LIFT"},{"data":"2","floor":32,"key":"LIFT"}],"neow_cost":"NONE","seed_source_timestamp":1569424002769,"circlet_count":0,"master_deck":["AscendersBane","Defend_B","Defend_B","Defend_B","Defend_B","Zap+1","Dualcast","Conserve Battery+1","Go for the Eyes+1","Scrape","Gash","Creative AI+1","Steam","Glacier","Auto Shields","Biased Cognition","Bite","Bite","Bite","Bite","Bite","Reinforced Body+1","Sweeping Beam+1","Storm","Force Field","Compile Driver+1","Redo+1","Steam"],"relics":["Cracked Core","Unceasing Top","Bird Faced Urn","Eternal Feather","FossilizedHelix","Girya","Torii","Lantern","Anchor"],"potions_floor_usage":[5,10,29,29,31,31],"damage_taken":[{"damage":7,"enemies":"Small Slimes","floor":1,"turns":3},{"damage":0,"enemies":"2 Louse","floor":2,"turns":3},{"damage":0,"enemies":"Cultist","floor":4,"turns":4},{"damage":0,"enemies":"Exordium Wildlife","floor":5,"turns":4},{"damage":25,"enemies":"Lagavulin","floor":7,"turns":6},{"damage":12,"enemies":"Lots of Slimes","floor":10,"turns":5},{"damage":4,"enemies":"Large Slime","floor":11,"turns":6},{"damage":0,"enemies":"Blue Slaver","floor":12,"turns":3},{"damage":32,"enemies":"Slime Boss","floor":16,"turns":12},{"damage":40,"enemies":"3 Byrds","floor":18,"turns":8},{"damage":15,"enemies":"Shell Parasite","floor":20,"turns":9},{"damage":16,"enemies":"Snake Plant","floor":24,"turns":8},{"damage":26,"enemies":"Chosen and Byrds","floor":28,"turns":8},{"damage":48,"enemies":"Slavers","floor":29,"turns":7},{"damage":14,"enemies":"Shelled Parasite and Fungi","floor":30,"turns":11},{"damage":11,"enemies":"Book of Stabbing","floor":31,"turns":8},{"damage":61,"enemies":"Collector","floor":33,"turns":5}],"seed_played":"-3547157579077756151","potions_obtained":[{"floor":2,"key":"AttackPotion"},{"floor":7,"key":"Poison Potion"},{"floor":16,"key":"FocusPotion"},{"floor":24,"key":"Regen Potion"},{"floor":29,"key":"FearPotion"},{"floor":30,"key":"Explosive Potion"}],"is_trial":false,"path_per_floor":["M","M","?","M","M","R","E","R","T","M","M","M","R","?","R","B",null,"M","?","M","$","?","R","M","$","T","?","M","E","M","E","R","B"],"character_chosen":"DEFECT","items_purchased":["FossilizedHelix","Storm"],"campfire_rested":2,"item_purchase_floors":[21,25],"current_hp_per_floor":[61,61,46,46,46,68,43,43,43,35,39,39,61,54,54,34,65,37,37,52,52,52,52,48,48,48,48,50,37,52,51,52,0],"gold":111,"neow_bonus":"UPGRADE_CARD","is_prod":false,"is_daily":false,"chose_seed":false,"campfire_upgraded":2,"win_rate":0,"timestamp":1546041066,"path_taken":["M","M","?","M","M","R","E","R","T","M","M","M","R","?","R","BOSS","M","?","M","$","?","R","M","$","T","?","M","E","M","E","R","BOSS"],"build_version":"2018-12-25","purchased_purges":0,"victory":false,"max_hp_per_floor":[75,75,75,75,75,75,75,75,75,75,75,75,75,75,75,75,75,75,52,52,52,52,52,52,52,52,52,52,52,52,52,52,52],"card_choices":[{"not_picked":["Gash","Doom and Gloom"],"picked":"Conserve Battery","floor":1},{"not_picked":["Turbo","Hologram"],"picked":"Go for the Eyes","floor":2},{"not_picked":["Leap","Turbo"],"picked":"Scrape","floor":4},{"not_picked":["Stack","Steam Power"],"picked":"Gash","floor":5},{"not_picked":["Hologram","Auto Shields"],"picked":"Creative AI","floor":7},{"not_picked":["Aggregate","Cold Snap"],"picked":"Steam","floor":10},{"not_picked":["Reinforced Body","Blizzard"],"picked":"Glacier","floor":11},{"not_picked":["Cold Snap","Rip and Tear"],"picked":"Auto Shields","floor":12},{"not_picked":["Reboot","Meteor Strike"],"picked":"Biased Cognition","floor":16},{"not_picked":["Hologram","FTL","Barrage"],"picked":"SKIP","floor":18},{"not_picked":["Barrage+1","Beam Cell"],"picked":"Reinforced Body+1","floor":20},{"not_picked":["Capacitor","Leap+1"],"picked":"Sweeping Beam+1","floor":24},{"not_picked":["Conserve Battery","Undo"],"picked":"Compile Driver+1","floor":28},{"not_picked":["Cold Snap","Aggregate"],"picked":"Redo+1","floor":29},{"not_picked":["Multi-Cast","Sweeping Beam+1"],"picked":"Steam","floor":30},{"not_picked":["Go for the Eyes+1","Hologram","Rip and Tear"],"picked":"SKIP","floor":31}],"player_experience":1045294,"relics_obtained":[{"floor":7,"key":"Unceasing Top"},{"floor":9,"key":"Bird Faced Urn"},{"floor":26,"key":"Torii"},{"floor":29,"key":"Lantern"},{"floor":31,"key":"Anchor"}],"event_choices":[{"damage_healed":0,"gold_gain":0,"player_choice":"Entered Light","damage_taken":15,"max_hp_gain":0,"max_hp_loss":0,"event_name":"Shining Light","floor":3,"gold_loss":0,"cards_upgraded":["Conserve Battery","Strike_B"]},{"cards_removed":["Strike_B"],"damage_healed":0,"gold_gain":0,"player_choice":"Card Removal","damage_taken":7,"max_hp_gain":0,"max_hp_loss":0,"event_name":"Golden Wing","floor":14,"gold_loss":0},{"damage_healed":0,"gold_gain":0,"player_choice":"Became a vampire","damage_taken":0,"max_hp_gain":0,"max_hp_loss":23,"event_name":"Vampires","floor":19,"gold_loss":0,"cards_obtained":["Bite","Bite","Bite","Bite","Bite"]},{"damage_healed":0,"gold_gain":0,"player_choice":"Opened","damage_taken":0,"relics_obtained":["Girya"],"max_hp_gain":0,"max_hp_loss":0,"event_name":"The Mausoleum","floor":22,"gold_loss":0},{"damage_healed":0,"gold_gain":0,"player_choice":"Read","damage_taken":0,"max_hp_gain":0,"max_hp_loss":0,"event_name":"The Library","floor":27,"gold_loss":0,"cards_obtained":["Force Field"]}],"is_beta":true,"boss_relics":[{"not_picked":["Calling Bell","Runic Pyramid"],"picked":"Eternal Feather"}],"items_purged_floors":[],"is_endless":false,"potions_floor_spawned":[2,7,16,24,29,30],"killed_by":"Collector","ascension_level":11}