{"path_per_floor":["M","?","?","M","M","R","?","?","T","$","M","M","M","E","R","B",null,"M","?","$","M","M","R","E","R","T","?","M","R","?","M","R"],"character_chosen":"IRONCLAD","items_purchased":["Shrug It Off","True Grit","Flex"],"gold_per_floor":[17,92,92,117,132,132,132,132,132,4,23,43,57,97,97,216,216,239,239,62,46,71,71,111,111,111,111,134,134,134,158,158],"floor_reached":33,"campfire_rested":4,"playtime":1718,"current_hp_per_floor":[76,65,65,71,70,70,70,70,84,84,90,87,73,59,87,10,94,84,84,84,75,73,73,18,46,46,46,23,51,51,16,44],"items_purged":["Defend_R","Injury"],"gold":158,"score":294,"play_id":"d72dd087-5f97-4c6d-a902-f801dd18d983","local_time":"20180303032148","is_prod":false,"is_daily":false,"is_ascension_mode":true,"campfire_upgraded":2,"timestamp":1520065308,"path_taken":["M","?","?","M","M","R","?","?","T","?","M","M","?","E","R","BOSS","M","?","$","M","M","R","E","R","T","?","M","R","?","M","R","BOSS"],"build_version":"2018-03-01-PROD1","purchased_purges":2,"victory":false,"master_deck":["Strike_R+1","Strike_R+1","Strike_R+1","Strike_R+1","Defend_R+1","Defend_R+1","Bash","Perfected Strike+1","Injury","Whirlwind","Battle Trance+1","Injury","Shrug It Off+1","Wild Strike","Thunderclap","Power Through+1","Hemokinesis","Fiend Fire","Wild Strike","True Grit","Flex","Sentinel","Double Tap","Dark Embrace","Headbutt","Battle Trance+1","Anger+1"],"max_hp_per_floor":[80,80,80,80,80,80,80,80,94,94,94,94,94,94,94,94,94,94,94,94,94,94,94,94,94,94,94,94,94,94,94,94],"relics":["Burning Blood","Golden Idol","Centennial Puzzle","Mango","Omamori","Calling Bell","Gremlin Horn","War Paint","Ornamental Fan","Blood Vial","Bag of Preparation","Girya"],"card_choices":[{"not_picked":["Bludgeon","Twin Strike"],"picked":"Perfected Strike"},{"not_picked":["Disarm","Clothesline"],"picked":"Whirlwind"},{"not_picked":["Sword Boomerang","Combust"],"picked":"Battle Trance"},{"not_picked":["Shrug It Off","Iron Wave"],"picked":"Wild Strike"},{"not_picked":["Dual Wield","Perfected Strike"],"picked":"Thunderclap"},{"not_picked":["Havoc","Juggernaut"],"picked":"Power Through"},{"not_picked":["Cleave","Intimidate"],"picked":"Hemokinesis"},{"not_picked":["Double Tap","Immolate"],"picked":"Fiend Fire"},{"not_picked":["Rage","Havoc"],"picked":"Wild Strike"},{"not_picked":["Cleave","Headbutt"],"picked":"Sentinel"},{"not_picked":["True Grit","Iron Wave"],"picked":"Double Tap"},{"not_picked":["True Grit","Clothesline"],"picked":"Dark Embrace"},{"not_picked":["Warcry","Cleave"],"picked":"Headbutt"},{"not_picked":["Pummel","True Grit"],"picked":"Anger"}],"player_experience":349745,"potions_floor_usage":[12,16,22,22,24,31,33],"damage_taken":[{"damage":10,"enemies":"Small Slimes","floor":1,"turns":5},{"damage":0,"enemies":"Cultist","floor":4,"turns":2},{"damage":7,"enemies":"Jaw Worm","floor":5,"turns":3},{"damage":0,"enemies":"3 Louse","floor":11,"turns":1},{"damage":9,"enemies":"Exordium Thugs","floor":12,"turns":4},{"damage":20,"enemies":"Large Slime","floor":13,"turns":5},{"damage":20,"enemies":"Gremlin Nob","floor":14,"turns":4},{"damage":83,"enemies":"Slime Boss","floor":16,"turns":11},{"damage":16,"enemies":"Spheric Guardian","floor":18,"turns":4},{"damage":17,"enemies":"2 Thieves","floor":21,"turns":4},{"damage":13,"enemies":"Snake Plant","floor":22,"turns":2},{"damage":63,"enemies":"Book of Stabbing","floor":24,"turns":6},{"damage":31,"enemies":"Chosen and Byrds","floor":28,"turns":5},{"damage":43,"enemies":"Sentry and Sphere","floor":31,"turns":6},{"damage":47,"enemies":"Collector","floor":33,"turns":3}],"event_choices":[{"event_name":"World of Goop","player_choice":"Gather Gold","floor":2,"damage_taken":0},{"event_name":"Golden Idol","player_choice":"Take Wound","floor":3,"damage_taken":0},{"event_name":"Accursed Blacksmith","player_choice":"Forge","floor":7,"damage_taken":0},{"event_name":"Dead Adventurer","player_choice":"Searched \u00271\u0027 times","floor":8,"damage_taken":0},{"event_name":"The Mausoleum","player_choice":"Yes","floor":19,"damage_taken":0},{"event_name":"Back to Basics","player_choice":"Simplicity","floor":27,"damage_taken":0},{"event_name":"Duplicator","player_choice":"One dupe","floor":30,"damage_taken":0}],"boss_relics":[{"not_picked":["Orrery","Runic Cube"],"picked":"Calling Bell"}],"potions_floor_spawned":[1,12,13,16,22,28,31],"seed_played":"-4858525009282063523","killed_by":"Collector","ascension_level":2,"is_trial":false}