{"path_per_floor":["M","M","?","?","$","R","E","M","T","E","M","R","M","M","R","B",null,"M","M","$","M","M","E","R","E","T","M","R","M","M","$","R"],"character_chosen":"THE_SILENT","items_purchased":["Underhanded Strike","Glass Knife"],"gold_per_floor":[119,137,137,137,62,62,102,123,123,154,168,168,183,206,206,337,337,337,337,214,214,214,214,214,214,214,214,214,214,214,63,63],"floor_reached":33,"campfire_rested":3,"playtime":1916,"current_hp_per_floor":[70,70,70,70,70,70,39,38,38,45,45,45,45,44,68,55,80,78,78,78,46,46,41,41,33,33,18,42,42,38,38,62],"items_purged":["Injury","Strike_G"],"gold":63,"score":301,"play_id":"cc3ab814-5c61-4b57-b5a3-eb0726de9048","local_time":"20180316205701","is_prod":false,"is_daily":false,"is_ascension_mode":false,"campfire_upgraded":3,"timestamp":1521248221,"path_taken":["M","M","?","?","$","R","E","M","T","E","M","R","M","M","R","BOSS","M","M","$","M","M","E","R","E","T","M","R","M","M","$","R","BOSS"],"build_version":"2018-03-15v2","purchased_purges":2,"victory":false,"master_deck":["Defend_G","Defend_G","Defend_G","Defend_G","Defend_G","Strike_G","Strike_G","Strike_G","Strike_G","Survivor","Neutralize+1","Dash","Backflip","Caltrops","Die Die Die","A Thousand Cuts+1","Prepared","Adrenaline+1","Dagger Spray","Burst","Prepared+1","Quick Slash","Underhanded Strike","Cloak And Dagger","Cloak And Dagger+1","Dagger Throw+1","Slice+1","PiercingWail","Underhanded Strike+1","Glass Knife"],"max_hp_per_floor":[70,70,70,70,70,70,70,70,70,80,80,80,80,80,80,80,80,80,80,80,80,80,80,80,80,80,80,80,80,80,80,80],"relics":["Ring of the Snake","Golden Idol","Pen Nib","Sundial","Pear","Ectoplasm","Tingsha","Ancient Tea Set","Tiny Chest"],"card_choices":[{"not_picked":["Deflect","Reflex"],"picked":"Dash"},{"not_picked":["Slice","Dagger Throw"],"picked":"Backflip"},{"not_picked":["Bane","Deadly Poison"],"picked":"Caltrops"},{"not_picked":["Bouncing Flask","Prepared"],"picked":"Die Die Die"},{"not_picked":["Flying Knee","Eviscerate"],"picked":"A Thousand Cuts"},{"not_picked":["Bane","Slice"],"picked":"Prepared"},{"not_picked":["Quick Slash","Malaise"],"picked":"Adrenaline"},{"not_picked":["Poisoned Stab","Quick Slash"],"picked":"Dagger Spray"},{"not_picked":["Storm of Steel","Night Terror"],"picked":"Burst"},{"not_picked":["Concentrate","Well Laid Plans"],"picked":"Prepared"},{"not_picked":["Dash","Deadly Poison"],"picked":"Quick Slash"},{"not_picked":["Acrobatics","Prepared"],"picked":"Cloak And Dagger"},{"not_picked":["Poisoned Stab","Dagger Spray"],"picked":"Cloak And Dagger"},{"not_picked":["Bouncing Flask","Infinite Blades"],"picked":"Dagger Throw"},{"not_picked":["Deadly Poison","Footwork"],"picked":"Slice"},{"not_picked":["Bane","Quick Slash"],"picked":"PiercingWail"},{"not_picked":["Dodge and Roll","Deflect"],"picked":"Underhanded Strike"}],"player_experience":581359,"potions_floor_usage":[10,13,16,19,23,23,25,33,33],"damage_taken":[{"damage":0,"enemies":"Cultist","floor":1,"turns":5},{"damage":0,"enemies":"Jaw Worm","floor":2,"turns":4},{"damage":31,"enemies":"Gremlin Nob","floor":7,"turns":6},{"damage":1,"enemies":"2 Louse","floor":8,"turns":2},{"damage":3,"enemies":"3 Sentries","floor":10,"turns":5},{"damage":0,"enemies":"Blue Slaver","floor":11,"turns":4},{"damage":0,"enemies":"Large Slime","floor":13,"turns":4},{"damage":1,"enemies":"2 Fungi Beasts","floor":14,"turns":2},{"damage":13,"enemies":"The Guardian","floor":16,"turns":11},{"damage":2,"enemies":"Shell Parasite","floor":18,"turns":4},{"damage":0,"enemies":"Chosen","floor":19,"turns":5},{"damage":32,"enemies":"Snecko","floor":21,"turns":6},{"damage":0,"enemies":"3 Cultists","floor":22,"turns":3},{"damage":5,"enemies":"Book of Stabbing","floor":23,"turns":5},{"damage":8,"enemies":"Gremlin Leader","floor":25,"turns":6},{"damage":15,"enemies":"Snake Plant","floor":27,"turns":4},{"damage":0,"enemies":"Snecko","floor":29,"turns":3},{"damage":4,"enemies":"Chosen and Byrds","floor":30,"turns":4},{"damage":70,"enemies":"Champ","floor":33,"turns":12}],"event_choices":[{"event_name":"Golden Idol","player_choice":"Take Wound","floor":3,"damage_taken":0},{"event_name":"Liars Game","player_choice":"disagreed","floor":4,"damage_taken":0}],"boss_relics":[{"not_picked":["Lizard Tail","Runic Pyramid"],"picked":"Ectoplasm"}],"potions_floor_spawned":[7,10,11,16,19,22,23,29],"seed_played":"-8364537552558461008","killed_by":"Champ","ascension_level":0,"is_trial":false}