{"gold_per_floor":[115,115,36,89,103,128,128,162,187,216,216,227,227,32,32,108,108,122,122,122,122,132,132,163,163,189,189,199,209,225,241,241,314,314,325,342,360,360],"floor_reached":38,"playtime":1521,"items_purged":[],"score":768,"play_id":"fe08b783-a6b3-4c02-805f-6beab00212f6","local_time":"20190103205213","is_ascension_mode":true,"campfire_choices":[{"data":"Perfected Strike","floor":7,"key":"SMITH"},{"data":"Armaments","floor":13,"key":"SMITH"},{"data":"Bash","floor":15,"key":"SMITH"},{"floor":23,"key":"REST"},{"floor":25,"key":"REST"},{"floor":27,"key":"REST"},{"floor":32,"key":"REST"}],"neow_cost":"NONE","seed_source_timestamp":261123957512867,"circlet_count":0,"master_deck":["AscendersBane","Strike_R","Strike_R","Strike_R","Strike_R","Defend_R","Defend_R+1","Defend_R","Defend_R","Bash+1","Pummel","Disarm+1","Perfected Strike+1","Carnage","Perfected Strike","Armaments+1","Cleave","Immolate","Fire Breathing","Spot Weakness","Shrug It Off","Shrug It Off","True Grit","Clothesline","Demon Form","Power Through","Barricade","True Grit","Dark Embrace"],"relics":["Burning Blood","NeowsBlessing","War Paint","StoneCalendar","Blood Vial","Art of War","Vajra","Medical Kit","Velvet Choker","Enchiridion","Dream Catcher","Bronze Scales","Snecko Eye"],"potions_floor_usage":[18,33,33,37],"damage_taken":[{"damage":0,"enemies":"Jaw Worm","floor":1,"turns":1},{"damage":0,"enemies":"Cultist","floor":5,"turns":1},{"damage":0,"enemies":"3 Sentries","floor":6,"turns":1},{"damage":32,"enemies":"Gremlin Nob","floor":8,"turns":4},{"damage":34,"enemies":"Lagavulin","floor":10,"turns":5},{"damage":5,"enemies":"Small Slimes","floor":12,"turns":2},{"damage":15,"enemies":"Hexaghost","floor":16,"turns":12},{"damage":13,"enemies":"3 Byrds","floor":18,"turns":3},{"damage":28,"enemies":"2 Thieves","floor":22,"turns":3},{"damage":49,"enemies":"Book of Stabbing","floor":24,"turns":6},{"damage":5,"enemies":"Cultist and Chosen","floor":28,"turns":4},{"damage":6,"enemies":"3 Cultists","floor":29,"turns":4},{"damage":12,"enemies":"Sentry and Sphere","floor":30,"turns":6},{"damage":11,"enemies":"Snake Plant","floor":31,"turns":3},{"damage":68,"enemies":"Collector","floor":33,"turns":9},{"damage":6,"enemies":"3 Shapes","floor":35,"turns":4},{"damage":3,"enemies":"Orb Walker","floor":36,"turns":4},{"damage":11,"enemies":"Jaw Worm Horde","floor":37,"turns":2},{"damage":71,"enemies":"Writhing Mass","floor":38,"turns":5}],"seed_played":"-4471129283344778024","potions_obtained":[{"floor":6,"key":"GamblersBrew"},{"floor":10,"key":"Explosive Potion"},{"floor":21,"key":"EntropicBrew"},{"floor":33,"key":"SteroidPotion"},{"floor":36,"key":"Fire Potion"}],"is_trial":false,"path_per_floor":["M","?","$","T","M","E","R","E","T","E","?","M","R","$","R","B",null,"M","?","?","?","M","R","E","R","T","R","M","M","M","M","R","B",null,"M","M","M","M"],"character_chosen":"IRONCLAD","items_purchased":["Disarm","Medical Kit"],"campfire_rested":4,"item_purchase_floors":[3,14],"current_hp_per_floor":[74,74,74,74,75,75,75,49,49,23,48,51,51,51,51,44,67,62,41,56,56,36,58,17,39,39,61,64,66,62,59,75,13,60,62,67,64,0],"gold":360,"neow_bonus":"THREE_ENEMY_KILL","is_prod":false,"is_daily":false,"chose_seed":false,"campfire_upgraded":3,"win_rate":0,"timestamp":1546566733,"path_taken":["M","?","?","?","M","E","R","E","T","E","?","M","R","$","R","BOSS","M","?","?","?","M","R","E","R","T","R","M","?","M","M","R","BOSS","M","M","M","M"],"build_version":"2019-01-02","purchased_purges":0,"victory":false,"max_hp_per_floor":[75,75,75,75,75,75,75,75,75,75,75,75,75,75,75,75,75,75,75,75,75,75,75,75,75,75,75,75,75,75,75,75,75,75,75,75,75,75],"card_choices":[{"not_picked":["Perfected Strike","Thunderclap"],"picked":"Pummel","floor":1},{"not_picked":["Headbutt","Havoc"],"picked":"Perfected Strike","floor":5},{"not_picked":["Thunderclap","Sentinel"],"picked":"Carnage","floor":6},{"not_picked":["Shrug It Off","Pommel Strike"],"picked":"Perfected Strike","floor":8},{"not_picked":["Iron Wave","Entrench"],"picked":"Armaments","floor":10},{"not_picked":["Double Tap","Anger"],"picked":"Cleave","floor":12},{"not_picked":["Berserk","Exhume"],"picked":"Immolate","floor":16},{"not_picked":["Burning Pact","Warcry"],"picked":"Fire Breathing","floor":18},{"not_picked":["Flex","Twin Strike"],"picked":"Spot Weakness","floor":22},{"not_picked":["Clash","Iron Wave","Flex"],"picked":"SKIP","floor":24},{"not_picked":["Burning Pact","Anger+1"],"picked":"Shrug It Off","floor":25},{"not_picked":["Anger","Seeing Red"],"picked":"Shrug It Off","floor":27},{"not_picked":["Perfected Strike","Bloodletting+1"],"picked":"True Grit","floor":28},{"not_picked":["Heavy Blade","Perfected Strike","Sentinel"],"picked":"SKIP","floor":29},{"not_picked":["Shrug It Off","Spot Weakness"],"picked":"Clothesline","floor":30},{"not_picked":["Dropkick+1","Iron Wave"],"picked":"Demon Form","floor":31},{"not_picked":["Pummel","Twin Strike"],"picked":"Power Through","floor":32},{"not_picked":["Double Tap","Demon Form"],"picked":"Barricade","floor":33},{"not_picked":["Wild Strike","Thunderclap"],"picked":"True Grit","floor":35},{"not_picked":["Clash","Twin Strike+1"],"picked":"Dark Embrace","floor":36},{"not_picked":["Twin Strike","Havoc","Hemokinesis"],"picked":"SKIP","floor":37}],"player_experience":1149398,"relics_obtained":[{"floor":4,"key":"War Paint"},{"floor":6,"key":"StoneCalendar"},{"floor":8,"key":"Blood Vial"},{"floor":9,"key":"Art of War"},{"floor":10,"key":"Vajra"},{"floor":19,"key":"Enchiridion"},{"floor":24,"key":"Dream Catcher"},{"floor":26,"key":"Bronze Scales"}],"event_choices":[{"cards_removed":["Strike_R"],"damage_healed":0,"gold_gain":0,"player_choice":"Purged","damage_taken":0,"max_hp_gain":0,"max_hp_loss":0,"event_name":"Purifier","floor":2,"gold_loss":0},{"damage_healed":25,"gold_gain":0,"player_choice":"Banana","damage_taken":0,"max_hp_gain":0,"max_hp_loss":0,"event_name":"Big Fish","floor":11,"gold_loss":0},{"damage_healed":0,"gold_gain":0,"player_choice":"Obtained Book","damage_taken":21,"max_hp_gain":0,"max_hp_loss":0,"event_name":"Cursed Tome","floor":19,"gold_loss":0},{"damage_healed":15,"gold_gain":0,"player_choice":"Heal","damage_taken":0,"max_hp_gain":0,"max_hp_loss":0,"event_name":"The Library","floor":20,"gold_loss":0},{"damage_healed":0,"gold_gain":0,"player_choice":"Got Potions","damage_taken":0,"max_hp_gain":0,"max_hp_loss":0,"event_name":"Lab","floor":21,"gold_loss":0}],"is_beta":true,"boss_relics":[{"not_picked":["Busted Crown","Runic Dome"],"picked":"Velvet Choker"},{"not_picked":["Calling Bell","Runic Cube"],"picked":"Snecko Eye"}],"items_purged_floors":[],"is_endless":false,"potions_floor_spawned":[6,10,12,24,29,31,33,35,36],"killed_by":"Writhing Mass","ascension_level":15}