{"gold_per_floor":[15,15,26,26,26,70,70,88,133,133,146,146,146],"floor_reached":13,"playtime":276,"items_purged":[],"score":129,"play_id":"d43e7ca3-727b-4486-b704-70f65f1753ec","local_time":"20181228211209","is_ascension_mode":true,"campfire_choices":[{"floor":10,"key":"REST"},{"floor":12,"key":"REST"}],"neow_cost":"NO_GOLD","seed_source_timestamp":11458227473553,"circlet_count":0,"master_deck":["AscendersBane","Strike_B","Strike_B","Defend_B","Defend_B","Defend_B","Defend_B","Zap","Dualcast","Biased Cognition","Beam Cell","Self Repair","Recycle","Barrage","Rainbow"],"relics":["Cracked Core","Golden Idol","Centennial Puzzle","Orichalcum"],"potions_floor_usage":[11],"damage_taken":[{"damage":9,"enemies":"Jaw Worm","floor":1,"turns":3},{"damage":0,"enemies":"2 Louse","floor":3,"turns":2},{"damage":41,"enemies":"Lagavulin","floor":6,"turns":6},{"damage":6,"enemies":"Cultist","floor":8,"turns":4},{"damage":33,"enemies":"Lots of Slimes","floor":11,"turns":5},{"damage":38,"enemies":"Gremlin Gang","floor":13,"turns":3}],"seed_played":"-7802698269173477211","potions_obtained":[{"floor":1,"key":"Dexterity Potion"},{"floor":6,"key":"SpeedPotion"}],"is_trial":false,"path_per_floor":["M","?","M","?","?","E","?","M","T","R","M","R","M"],"character_chosen":"DEFECT","items_purchased":[],"campfire_rested":2,"item_purchase_floors":[],"current_hp_per_floor":[59,59,59,52,52,18,18,19,19,39,13,33,0],"gold":146,"neow_bonus":"THREE_RARE_CARDS","is_prod":false,"is_daily":false,"chose_seed":false,"campfire_upgraded":0,"win_rate":0,"timestamp":1546049529,"path_taken":["M","?","M","?","?","E","?","M","T","R","?","R","M"],"build_version":"2018-12-25","purchased_purges":0,"victory":false,"max_hp_per_floor":[75,75,75,75,69,69,69,69,69,69,69,69,69],"card_choices":[{"not_picked":["Seek","Multi-Cast"],"picked":"Biased Cognition","floor":0},{"not_picked":["Reprogram","Hologram"],"picked":"Beam Cell","floor":1},{"not_picked":["Go for the Eyes","Scrape"],"picked":"Self Repair","floor":3},{"not_picked":["Barrage","FTL"],"picked":"Recycle","floor":6},{"not_picked":["Rebound","Turbo"],"picked":"Barrage","floor":8},{"not_picked":["Reprogram","Streamline"],"picked":"Rainbow","floor":11}],"player_experience":1054906,"relics_obtained":[{"floor":6,"key":"Centennial Puzzle"},{"floor":9,"key":"Orichalcum"}],"event_choices":[{"damage_healed":0,"gold_gain":0,"player_choice":"Leave","damage_taken":0,"max_hp_gain":0,"max_hp_loss":0,"event_name":"The Cleric","floor":2,"gold_loss":0},{"cards_removed":["Strike_B"],"damage_healed":0,"gold_gain":0,"player_choice":"Card Removal","damage_taken":7,"max_hp_gain":0,"max_hp_loss":0,"event_name":"Golden Wing","floor":4,"gold_loss":0},{"damage_healed":0,"gold_gain":0,"player_choice":"Lose Max HP","damage_taken":0,"relics_obtained":["Golden Idol"],"max_hp_gain":0,"max_hp_loss":6,"event_name":"Golden Idol","floor":5,"gold_loss":0},{"cards_removed":["Strike_B"],"damage_healed":0,"gold_gain":0,"player_choice":"Offered Basic","damage_taken":0,"max_hp_gain":0,"max_hp_loss":0,"event_name":"Bonfire Elementals","floor":7,"gold_loss":0}],"is_beta":true,"boss_relics":[],"items_purged_floors":[],"is_endless":false,"potions_floor_spawned":[1,6],"killed_by":"Gremlin Gang","ascension_level":11}