{"gold_per_floor":[218,235,235,246,31,31,58,81,119,147,159],"floor_reached":11,"playtime":384,"items_purged":[],"score":146,"play_id":"822195ec-76ce-48d5-8398-580466761017","local_time":"20190214013903","is_ascension_mode":true,"campfire_choices":[{"floor":6,"key":"REST"}],"neow_cost":"NONE","seed_source_timestamp":42728147947003,"circlet_count":0,"master_deck":["AscendersBane","Strike_B","Strike_B","Strike_B","Strike_B","Defend_B","Defend_B","Defend_B","Defend_B","Zap","Dualcast","Tempest","Capacitor","Loop","Loop","Barrage","Coolheaded","Conserve Battery"],"relics":["Cracked Core","PreservedInsect","Blood Vial","MawBank","DataDisk"],"potions_floor_usage":[10,11],"damage_taken":[{"damage":19,"enemies":"Small Slimes","floor":1,"turns":4},{"damage":1,"enemies":"Cultist","floor":2,"turns":3},{"damage":7,"enemies":"Jaw Worm","floor":4,"turns":3},{"damage":35,"enemies":"3 Sentries","floor":7,"turns":7},{"damage":9,"enemies":"2 Fungi Beasts","floor":8,"turns":3},{"damage":12,"enemies":"Looter","floor":10,"turns":3},{"damage":10,"enemies":"Gremlin Gang","floor":11,"turns":1}],"seed_played":"8444672127475884997","potions_obtained":[{"floor":1,"key":"LiquidBronze"},{"floor":2,"key":"Swift Potion"},{"floor":8,"key":"Poison Potion"}],"is_trial":false,"path_per_floor":["M","M","?","M","$","R","E","M","T","M","M"],"character_chosen":"DEFECT","items_purchased":["Blood Vial","Loop"],"campfire_rested":1,"item_purchase_floors":[5,5],"current_hp_per_floor":[45,44,44,37,37,58,25,18,18,8,0],"gold":159,"neow_bonus":"HUNDRED_GOLD","is_prod":false,"is_daily":false,"chose_seed":false,"campfire_upgraded":0,"win_rate":0,"timestamp":1550126343,"path_taken":["M","M","?","M","$","R","E","?","T","M","M"],"build_version":"2019-01-23","purchased_purges":0,"victory":false,"max_hp_per_floor":[71,71,71,71,71,71,71,71,71,71,71],"card_choices":[{"not_picked":["Redo","Steam"],"picked":"Tempest","floor":1},{"not_picked":["Skim","Go for the Eyes"],"picked":"Capacitor","floor":2},{"not_picked":["Stack","Beam Cell"],"picked":"Loop","floor":4},{"not_picked":["Stack","Beam Cell"],"picked":"Barrage","floor":7},{"not_picked":["Gash","Ball Lightning"],"picked":"Coolheaded","floor":8},{"not_picked":["Barrage","Melter"],"picked":"Conserve Battery","floor":10}],"player_experience":281654,"relics_obtained":[{"floor":7,"key":"MawBank"},{"floor":9,"key":"DataDisk"}],"event_choices":[{"damage_healed":0,"gold_gain":0,"player_choice":"Gave Potion","damage_taken":0,"relics_obtained":["PreservedInsect"],"max_hp_gain":0,"max_hp_loss":0,"event_name":"WeMeetAgain","floor":3,"gold_loss":0}],"is_beta":false,"boss_relics":[],"items_purged_floors":[],"is_endless":false,"potions_floor_spawned":[1,2,8],"killed_by":"Gremlin Gang","ascension_level":19}