{"path_per_floor":["M","M","M","?","M","E","R","E","T","?","M","M","R","M","R"],"character_chosen":"IRONCLAD","items_purchased":[],"gold_per_floor":[113,132,142,92,109,142,142,177,177,177,191,206,206,216,216],"floor_reached":16,"campfire_rested":2,"playtime":893,"current_hp_per_floor":[80,75,78,78,74,36,60,47,47,47,53,53,53,47,71],"items_purged":[],"gold":216,"score":114,"play_id":"25ec8ee7-c33d-4e41-9021-591edbb0a138","is_prod":false,"is_daily":false,"is_ascension_mode":false,"campfire_upgraded":1,"path_taken":["M","M","?","?","M","E","R","E","T","?","?","M","R","M","R","BOSS"],"build_version":"2018-02-22-PROD2","purchased_purges":0,"victory":false,"master_deck":["Strike_R","Strike_R","Strike_R","Strike_R","Strike_R","Defend_R","Defend_R","Defend_R","Defend_R","Bash","Perfected Strike","Flex","Warcry+1","Cleave","Armaments+1","Perfected Strike","Flex","Cleave"],"max_hp_per_floor":[80,80,80,80,80,80,80,80,80,80,80,80,80,80,80],"relics":["Burning Blood","Peace Pipe","Ginger","Oddly Smooth Stone","Du-Vu Doll"],"card_choices":[{"not_picked":["Disarm","Sword Boomerang"],"picked":"Perfected Strike"},{"not_picked":["Hemokinesis","Dark Embrace"],"picked":"Flex"},{"not_picked":["Body Slam","Havoc"],"picked":"Warcry"},{"not_picked":["Armaments","Wild Strike"],"picked":"Cleave"},{"not_picked":["Infernal Blade","Havoc"],"picked":"Armaments"},{"not_picked":["Pommel Strike","Cleave"],"picked":"Perfected Strike"},{"not_picked":["Heavy Blade","Infernal Blade"],"picked":"Flex"},{"not_picked":["Fire Breathing","Battle Trance"],"picked":"Cleave"}],"player_experience":240298,"potions_floor_usage":[6,8,11,16],"damage_taken":[{"damage":5,"enemies":"Cultist","floor":1,"turns":4},{"damage":11,"enemies":"2 Louse","floor":2,"turns":3},{"damage":3,"enemies":"Small Slimes","floor":3,"turns":3},{"damage":10,"enemies":"Looter","floor":5,"turns":3},{"damage":44,"enemies":"Lagavulin","floor":6,"turns":8},{"damage":28,"enemies":"Gremlin Nob","floor":8,"turns":4},{"damage":0,"enemies":"Gremlin Gang","floor":11,"turns":2},{"damage":6,"enemies":"Lots of Slimes","floor":12,"turns":4},{"damage":12,"enemies":"3 Louse","floor":14,"turns":2},{"damage":74,"enemies":"Hexaghost","floor":16,"turns":9}],"event_choices":[{"event_name":"The Cleric","player_choice":"Card Removal","floor":4,"damage_taken":0},{"event_name":"Living Wall","player_choice":"Grow","floor":10,"damage_taken":0}],"boss_relics":[],"potions_floor_spawned":[1,3,6,8],"seed_played":"3394934379406557315","killed_by":"Hexaghost","ascension_level":0,"is_trial":false}