{"path_per_floor":["M","M","M","$","?","R","$","M","T","?","M","?","M","$","R","B",null,"M","?","?","$","M","R","?","R","T","E","M","M","T","?","R","B",null,"M","?","M","?"],"character_chosen":"IRONCLAD","items_purchased":["Demon Form","Thunderclap","Happy Flower","Feel No Pain","Heavy Blade"],"gold_per_floor":[110,127,140,18,18,18,18,34,34,34,46,221,239,9,9,113,113,123,123,123,1,20,20,20,20,20,54,66,84,163,163,163,261,261,275,275,286,266,266],"floor_reached":39,"campfire_rested":3,"playtime":1464,"current_hp_per_floor":[67,64,56,56,40,64,64,64,64,64,69,69,54,54,78,34,69,37,37,37,37,53,53,28,28,28,9,19,14,14,14,22,11,24,19,19,34,34,0],"items_purged":["Doubt"],"gold":266,"score":620,"play_id":"c8fcbea3-cc4a-4c40-be79-767a0c89eeeb","local_time":"20180416215927","is_prod":false,"is_daily":false,"chose_seed":false,"is_ascension_mode":true,"campfire_upgraded":2,"timestamp":1523930367,"path_taken":["M","M","M","?","?","R","?","M","T","?","?","?","?","$","R","BOSS","M","?","?","$","M","R","?","R","T","E","M","M","?","?","R","BOSS","M","?","M","?","M"],"build_version":"2018-04-13","seed_source_timestamp":392750248385015,"purchased_purges":1,"victory":false,"master_deck":["Bash","Armaments","Clothesline+1","Intimidate","Demon Form","Thunderclap+1","Headbutt","Armaments","Havoc","Feed","Reckless Charge","Power Through","Combust","Thunderclap","Sever Soul","Body Slam","Clothesline","Inflame","True Grit+1","Bite","Bite","Bite","Bite","Bite","Feel No Pain+1","Heavy Blade","Flame Barrier+1","Ghostly+1","Ghostly","Ghostly","Ghostly","Ghostly","Intimidate","Spot Weakness+1","Madness","Reaper","Rage+1","Entrench"],"max_hp_per_floor":[80,80,80,80,80,80,80,80,80,80,80,80,80,80,80,80,80,80,80,56,56,56,56,28,28,28,28,28,28,28,28,28,28,28,31,31,34,34,34],"relics":["Burning Blood","Torii","Matryoshka","Happy Flower","Pandora\u0027s Box","Pen Nib","Shuriken","Bronze Scales","Juzu Bracelet","Mummified Hand","Runic Pyramid"],"card_choices":[{"not_picked":["Perfected Strike","Thunderclap"],"picked":"Armaments","floor":1},{"not_picked":["Dropkick","Twin Strike"],"picked":"Clothesline","floor":2},{"not_picked":["Combust","Warcry"],"picked":"Intimidate","floor":3},{"not_picked":["Reckless Charge","Armaments"],"picked":"Headbutt","floor":8},{"not_picked":["Clash","Berserk"],"picked":"Armaments","floor":11},{"not_picked":["Warcry","Perfected Strike"],"picked":"Havoc","floor":13},{"not_picked":["Double Tap","Impervious"],"picked":"Feed","floor":16},{"not_picked":["Clash","Burning Pact"],"picked":"True Grit","floor":18},{"not_picked":["Thunderclap","Pommel Strike"],"picked":"Flame Barrier","floor":22},{"not_picked":["Rupture","Perfected Strike"],"picked":"Intimidate","floor":27},{"not_picked":["Clothesline","Cleave"],"picked":"Spot Weakness","floor":28},{"not_picked":["Brutality","Demon Form"],"picked":"Reaper","floor":33},{"not_picked":["Cleave","Perfected Strike"],"picked":"Rage","floor":35},{"not_picked":["Searing Blow","Reckless Charge"],"picked":"Entrench","floor":37}],"player_experience":236953,"potions_floor_usage":[8,11,16,18,22,29,33,37,39],"damage_taken":[{"damage":11,"enemies":"Cultist","floor":1,"turns":5},{"damage":9,"enemies":"2 Louse","floor":2,"turns":3},{"damage":14,"enemies":"Jaw Worm","floor":3,"turns":5},{"damage":6,"enemies":"Looter","floor":8,"turns":3},{"damage":1,"enemies":"Lots of Slimes","floor":11,"turns":2},{"damage":21,"enemies":"Exordium Wildlife","floor":13,"turns":4},{"damage":50,"enemies":"The Guardian","floor":16,"turns":11},{"damage":44,"enemies":"Spheric Guardian","floor":18,"turns":6},{"damage":7,"enemies":"3 Byrds","floor":22,"turns":7},{"damage":31,"enemies":"Book of Stabbing","floor":27,"turns":8},{"damage":4,"enemies":"Snake Plant","floor":28,"turns":4},{"damage":17,"enemies":"3 Cultists","floor":29,"turns":8},{"damage":42,"enemies":"Automaton","floor":33,"turns":12},{"damage":46,"enemies":"3 Shapes","floor":35,"turns":6},{"damage":10,"enemies":"Flame Bruiser 1 Orb","floor":37,"turns":9},{"damage":47,"enemies":"4 Shapes","floor":39,"turns":5}],"event_choices":[{"event_name":"Shining Light","player_choice":"Entered Light","floor":5,"damage_taken":0},{"event_name":"The Lab","player_choice":"Got Potions","floor":10,"damage_taken":0},{"event_name":"Liars Game","player_choice":"agreed","floor":12,"damage_taken":0},{"event_name":"Back to Basics","player_choice":"Elegance","floor":19,"damage_taken":0},{"event_name":"Vampires","player_choice":"Became a vampire","floor":20,"damage_taken":0},{"event_name":"Ghosts","player_choice":"Became a Ghost","floor":24,"damage_taken":0},{"event_name":"Match and Keep!","player_choice":"1 cards matched","floor":31,"damage_taken":0},{"event_name":"The Woman in Blue","player_choice":"Bought 1 Potion","floor":38,"damage_taken":0}],"boss_relics":[{"not_picked":["Lizard Tail","Orrery"],"picked":"Pandora\u0027s Box"},{"not_picked":["Velvet Choker","White Beast Statue"],"picked":"Runic Pyramid"}],"potions_floor_spawned":[1,8,13,18,27,28,35,37],"seed_played":"-6076392344470276850","killed_by":"4 Shapes","ascension_level":8,"is_trial":false}