{"path_per_floor":["M","M","M","?","M","R","M","R","T","R","?","R","M","$","R","B",null,"M","?","?","M","?","R","$","R","T","R","M","M","?"],"character_chosen":"THE_SILENT","items_purchased":["Acrobatics","Secret Technique","Adrenaline"],"gold_per_floor":[118,136,151,151,171,171,190,190,241,241,241,241,256,52,52,153,153,171,171,171,184,184,184,32,32,32,32,51,64,64,64],"floor_reached":31,"campfire_rested":1,"playtime":1266,"current_hp_per_floor":[69,64,63,51,51,51,51,51,51,51,37,58,58,58,58,57,70,66,66,49,49,49,49,49,49,49,49,8,10,10,0],"items_purged":[],"gold":64,"score":285,"play_id":"fd5b5f73-8808-426c-a3bd-91a5ede77a82","local_time":"20180404201122","is_prod":false,"is_daily":false,"is_ascension_mode":true,"campfire_upgraded":7,"timestamp":1522887082,"path_taken":["M","M","M","?","M","R","M","R","T","R","?","R","?","?","R","BOSS","M","?","?","M","?","R","$","R","T","R","?","M","?","M"],"build_version":"2018-04-03","purchased_purges":0,"victory":false,"master_deck":["Defend_G","Defend_G","Defend_G","Defend_G","Survivor","Neutralize+1","Bouncing Flask+1","Deadly Poison+1","Quick Slash","Poisoned Stab+1","Backflip+1","Dodge and Roll","Outmaneuver","Poisoned Stab","Acrobatics","Secret Technique+1","Burst+1","PiercingWail","Footwork+1","Bite","Bite","Bite","Bite","Bite","Dodge and Roll+1","Adrenaline+1","Acrobatics","Bane","Writhe"],"max_hp_per_floor":[70,70,70,70,70,70,70,70,70,70,70,70,70,70,70,70,70,70,70,49,49,49,49,49,49,49,49,49,49,49,49],"relics":["Ring of the Snake","Oddly Smooth Stone","Happy Flower","Snecko Eye","Unceasing Top","Paper Crane"],"card_choices":[{"not_picked":["Prepared","Underhanded Strike"],"picked":"Quick Slash","floor":1},{"not_picked":["Eviscerate","Infinite Blades"],"picked":"Poisoned Stab","floor":2},{"not_picked":["Flechettes","Caltrops"],"picked":"Backflip","floor":3},{"not_picked":["Masterful Stab","Finisher"],"picked":"Dodge and Roll","floor":5},{"not_picked":["Terror","Endless Agony"],"picked":"Outmaneuver","floor":7},{"not_picked":["Quick Slash","Dagger Throw"],"picked":"Poisoned Stab","floor":13},{"not_picked":["Tools of the Trade","Envenom"],"picked":"Burst","floor":16},{"not_picked":["Cloak And Dagger","Predator"],"picked":"PiercingWail","floor":18},{"not_picked":["Deadly Poison","Sucker Punch"],"picked":"Dodge and Roll","floor":21},{"not_picked":["Poisoned Stab","Outmaneuver"],"picked":"Acrobatics","floor":28},{"not_picked":["Cloak And Dagger","Eviscerate"],"picked":"Bane","floor":29}],"player_experience":88033,"potions_floor_usage":[18,18,29,29],"damage_taken":[{"damage":1,"enemies":"Jaw Worm","floor":1,"turns":5},{"damage":5,"enemies":"Cultist","floor":2,"turns":4},{"damage":1,"enemies":"Small Slimes","floor":3,"turns":4},{"damage":0,"enemies":"Red Slaver","floor":5,"turns":4},{"damage":0,"enemies":"Exordium Thugs","floor":7,"turns":5},{"damage":0,"enemies":"Large Slime","floor":13,"turns":5},{"damage":1,"enemies":"The Guardian","floor":16,"turns":8},{"damage":4,"enemies":"Shell Parasite","floor":18,"turns":4},{"damage":0,"enemies":"Chosen","floor":21,"turns":3},{"damage":47,"enemies":"3 Cultists","floor":28,"turns":7},{"damage":10,"enemies":"Snecko","floor":29,"turns":7},{"damage":18,"enemies":"Snake Plant","floor":31,"turns":1}],"event_choices":[{"event_name":"Scrap Ooze","player_choice":"success","floor":4,"damage_taken":12},{"event_name":"Shining Light","player_choice":"Entered Light","floor":11,"damage_taken":0},{"event_name":"The Library","player_choice":"Read","floor":19,"damage_taken":0},{"event_name":"Vampires","player_choice":"Became a vampire","floor":20,"damage_taken":0},{"event_name":"Back to Basics","player_choice":"Elegance","floor":22,"damage_taken":0},{"event_name":"The Mausoleum","player_choice":"Yes","floor":30,"damage_taken":0}],"boss_relics":[{"not_picked":["Astrolabe","Orrery"],"picked":"Snecko Eye"}],"potions_floor_spawned":[2,7,16,18,29],"seed_played":"4154662267246291569","killed_by":"Snake Plant","ascension_level":3,"is_trial":false}