{"gold_per_floor":[118,136,4,4,24,59,134,169,194,41,41,68,68,68,68,144,144,163,3,15,65,65,65,82,116,116,116,3,19,19,31,31,106,106,116,116,116,116,96,96,125,125,125,125,158,176,193,213,213,213],"floor_reached":50,"playtime":3382,"items_purged":["Strike_B","Strike_B"],"score":1068,"play_id":"848c2d2d-7c2c-4369-a147-d68b6f1e63de","local_time":"20190128065543","is_ascension_mode":true,"campfire_choices":[{"floor":11.0,"key":"REST"},{"floor":15.0,"key":"REST"},{"floor":23.0,"key":"REST"},{"floor":30.0,"key":"REST"},{"floor":32.0,"key":"REST"},{"data":"Hologram","floor":40.0,"key":"SMITH"},{"data":"Hologram","floor":42.0,"key":"SMITH"},{"floor":44.0,"key":"REST"},{"floor":49,"key":"REST"}],"neow_cost":"NONE","seed_source_timestamp":982019440068277,"circlet_count":0,"master_deck":["AscendersBane","Defend_B","Zap+1","Dualcast","Streamline","Loop","Gash+1","Gash","Scrape","Echo Form","Genetic Algorithm+1","All For One+1","Go for the Eyes+1","Conserve Battery","Hologram+1","Gash+1","Hologram+1","Coolheaded","Stack","Seek","Compile Driver+1","Hologram","Chill","Leap+1","Steam"],"special_seed":0,"relics":["Cracked Core","Potion Belt","Omamori","Strawberry","Pear","DataDisk","Astrolabe","Gambling Chip","Vajra","Sozu","Whetstone","Mummified Hand","Sundial"],"potions_floor_usage":[],"damage_taken":[{"damage":1.0,"enemies":"Cultist","floor":1.0,"turns":3.0},{"damage":6.0,"enemies":"2 Louse","floor":2.0,"turns":3.0},{"damage":2.0,"enemies":"Jaw Worm","floor":5.0,"turns":3.0},{"damage":30.0,"enemies":"3 Sentries","floor":6.0,"turns":7.0},{"damage":25.0,"enemies":"Lagavulin","floor":8.0,"turns":7.0},{"damage":28.0,"enemies":"3 Sentries","floor":12.0,"turns":7.0},{"damage":24.0,"enemies":"Hexaghost","floor":16.0,"turns":9.0},{"damage":53.0,"enemies":"2 Thieves","floor":18.0,"turns":4.0},{"damage":0.0,"enemies":"Spheric Guardian","floor":20.0,"turns":2.0},{"damage":7.0,"enemies":"Snake Plant","floor":24.0,"turns":4.0},{"damage":21.0,"enemies":"Book of Stabbing","floor":25.0,"turns":3.0},{"damage":25.0,"enemies":"Shelled Parasite and Fungi","floor":29.0,"turns":4.0},{"damage":0.0,"enemies":"Centurion and Healer","floor":31.0,"turns":4.0},{"damage":14.0,"enemies":"Champ","floor":33.0,"turns":8.0},{"damage":0.0,"enemies":"3 Shapes","floor":35.0,"turns":6.0},{"damage":25.0,"enemies":"Giant Head","floor":41.0,"turns":5.0},{"damage":25.0,"enemies":"Reptomancer","floor":45.0,"turns":4.0},{"damage":28.0,"enemies":"3 Darklings","floor":46.0,"turns":3.0},{"damage":8,"enemies":"Writhing Mass","floor":47,"turns":6},{"damage":0,"enemies":"Sphere and 2 Shapes","floor":48,"turns":3},{"damage":48,"enemies":"Donu and Deca","floor":50,"turns":6}],"seed_played":"3521319955580565643","potions_obtained":[{"floor":1.0,"key":"Regen Potion"},{"floor":6.0,"key":"LiquidBronze"},{"floor":12.0,"key":"SpeedPotion"},{"floor":20.0,"key":"Poison Potion"},{"floor":25.0,"key":"Swift Potion"}],"is_trial":false,"path_per_floor":["M","M","$","?","M","E","?","E","T","$","R","E","?","T","R","B",null,"M","$","M","?","?","R","M","E","T","?","$","M","R","M","R","B",null,"M","?","?","$","?","R","E","R","T","R","E","M","M","M","R","B"],"character_chosen":"DEFECT","items_purchased":["FearPotion","Block Potion","Hologram","FocusPotion","Strength Potion","SkillPotion","Dexterity Potion"],"campfire_rested":7,"item_purchase_floors":[3,10,19,19,19,28,28],"current_hp_per_floor":[63,57,57,57,55,40,29,4,11,11,34,16,9,9,35,11,69,16,16,16,16,16,42,35,14,14,32,32,7,33,33,59,45,77,77,77,77,77,77,77,52,52,52,77,52,24,16,16,41,0],"gold":213,"neow_bonus":"UPGRADE_CARD","is_prod":false,"is_daily":false,"chose_seed":false,"campfire_upgraded":2,"win_rate":0,"timestamp":1548687343,"path_taken":["M","M","$","?","M","E","?","E","T","?","R","E","?","?","R","BOSS","M","$","M","?","?","R","M","E","T","?","$","M","R","M","R","BOSS","M","?","?","$","?","R","E","R","T","R","E","M","?","M","R","BOSS"],"build_version":"2019-01-23","purchased_purges":2,"victory":false,"max_hp_per_floor":[71,71,71,71,71,71,71,71,78,78,78,88,88,88,88,88,88,88,88,88,88,88,88,88,88,88,88,88,88,88,88,88,88,88,88,88,84,84,84,84,84,84,84,84,84,84,84,84,84,84],"card_choices":[{"not_picked":["Turbo","Hologram"],"picked":"Sweeping Beam","floor":1.0},{"not_picked":["Storm","Reprogram"],"picked":"Streamline","floor":2.0},{"not_picked":["Blizzard","Steam"],"picked":"Loop","floor":5.0},{"not_picked":["Turbo","Stack"],"picked":"Gash","floor":6.0},{"not_picked":["Sweeping Beam","Auto Shields"],"picked":"Gash","floor":8.0},{"not_picked":["Fusion","Beam Cell"],"picked":"Scrape","floor":12.0},{"not_picked":["Biased Cognition","Buffer"],"picked":"Echo Form","floor":16.0},{"not_picked":["Beam Cell","Fusion"],"picked":"Conserve Battery","floor":18.0},{"not_picked":["Rebound","Skim"],"picked":"Gash","floor":20.0},{"not_picked":["Compile Driver","Self Repair"],"picked":"Hologram","floor":24.0},{"not_picked":["Barrage","Auto Shields"],"picked":"Coolheaded","floor":25.0},{"not_picked":["Cold Snap","Doom and Gloom","Aggregate"],"picked":"SKIP","floor":29.0},{"not_picked":["Leap","Cold Snap+1"],"picked":"Stack","floor":31.0},{"not_picked":["Echo Form","Rainbow"],"picked":"Seek","floor":33.0},{"not_picked":["Self Repair","Conserve Battery"],"picked":"Compile Driver+1","floor":35.0},{"not_picked":["Rebound+1","Cold Snap","Melter"],"picked":"SKIP","floor":41.0},{"not_picked":["Glacier","Force Field"],"picked":"Hologram","floor":45.0},{"not_picked":["Sweeping Beam+1","Gash"],"picked":"Chill","floor":46.0},{"not_picked":["Static Discharge","Force Field+1"],"picked":"Leap+1","floor":47},{"not_picked":["Multi-Cast","Lockon"],"picked":"Steam","floor":48}],"player_experience":1301665,"relics_obtained":[{"floor":6.0,"key":"Potion Belt"},{"floor":8.0,"key":"Omamori"},{"floor":9.0,"key":"Strawberry"},{"floor":12.0,"key":"Pear"},{"floor":14.0,"key":"DataDisk"},{"floor":25.0,"key":"Gambling Chip"},{"floor":26.0,"key":"Vajra"},{"floor":41.0,"key":"Whetstone"},{"floor":43.0,"key":"Mummified Hand"},{"floor":45.0,"key":"Sundial"}],"event_choices":[{"cards_removed":["Strike_B"],"damage_healed":0.0,"max_hp_gain":0.0,"max_hp_loss":0.0,"gold_gain":0.0,"event_name":"Living Wall","player_choice":"Forget","floor":4.0,"gold_loss":0.0,"damage_taken":0.0},{"damage_healed":0.0,"max_hp_gain":0.0,"max_hp_loss":0.0,"gold_gain":75.0,"event_name":"World of Goop","player_choice":"Gather Gold","floor":7.0,"gold_loss":0.0,"damage_taken":11.0},{"cards_removed":["Strike_B"],"damage_healed":0.0,"max_hp_gain":0.0,"max_hp_loss":0.0,"gold_gain":0.0,"event_name":"Golden Wing","player_choice":"Card Removal","floor":13.0,"gold_loss":0.0,"damage_taken":7.0},{"damage_healed":0.0,"max_hp_gain":0.0,"max_hp_loss":0.0,"gold_gain":50.0,"event_name":"Nest","player_choice":"Stole From Cult","floor":21.0,"gold_loss":0.0,"damage_taken":0.0},{"damage_healed":0.0,"max_hp_gain":0.0,"max_hp_loss":0.0,"gold_gain":0.0,"event_name":"Beggar","player_choice":"Ignored","floor":22.0,"gold_loss":0.0,"damage_taken":0.0},{"damage_healed":18.0,"max_hp_gain":0.0,"max_hp_loss":0.0,"gold_gain":0.0,"event_name":"The Library","player_choice":"Heal","floor":27.0,"gold_loss":0.0,"damage_taken":0.0},{"cards_removed":["Sweeping Beam"],"damage_healed":0.0,"max_hp_gain":0.0,"max_hp_loss":0.0,"gold_gain":0.0,"event_name":"Falling","player_choice":"Removed Attack","floor":36.0,"gold_loss":0.0,"damage_taken":0.0},{"damage_healed":0.0,"max_hp_gain":0.0,"max_hp_loss":4.0,"gold_gain":0.0,"event_name":"Winding Halls","player_choice":"Max HP","floor":37.0,"gold_loss":0.0,"damage_taken":0.0},{"damage_healed":0.0,"max_hp_gain":0.0,"max_hp_loss":0.0,"gold_gain":0.0,"event_name":"The Woman in Blue","player_choice":"Bought 1 Potion","floor":39.0,"gold_loss":0.0,"damage_taken":0.0}],"is_beta":true,"boss_relics":[{"not_picked":["Tiny House","Orrery"],"picked":"Astrolabe"},{"not_picked":["FrozenCore","Velvet Choker"],"picked":"Sozu"}],"items_purged_floors":[3,10],"is_endless":false,"potions_floor_spawned":[1,6,12,20,25,29,45,46,47],"killed_by":"Donu and Deca","ascension_level":20}