{"path_per_floor":["M","M","?","?","M","R","T","?","T","$","M","E","M","M","R","B",null,"M","M","M","M","$","M","E","M","T","R","M","M","R","M","R","B",null,"M","?","M","?","?","E","R","M","T"],"character_chosen":"THE_SILENT","items_purchased":["Deflect","Happy Flower"],"gold_per_floor":[19,29,29,29,44,44,44,44,68,17,36,99,116,127,127,230,230,241,252,265,277,51,61,94,108,108,108,128,139,139,157,157,259,259,269,315,333,333,333,361,361,378,378],"floor_reached":44,"campfire_rested":5,"playtime":3186,"current_hp_per_floor":[70,66,59,56,56,56,56,56,56,56,56,36,31,29,50,22,70,61,59,50,43,43,36,14,9,9,30,30,22,43,32,53,35,70,60,35,17,17,35,14,47,11,11],"items_purged":["Strike_G"],"gold":378,"score":559,"play_id":"e12a77b2-657c-45c0-a278-095a30bc1f1a","local_time":"20180320213047","is_prod":false,"is_daily":false,"is_ascension_mode":true,"campfire_upgraded":1,"timestamp":1521595847,"path_taken":["M","M","?","?","M","R","?","?","T","$","M","E","M","M","R","BOSS","M","?","?","M","$","M","E","M","T","R","M","M","R","M","R","BOSS","M","?","?","?","?","E","R","?","T","E"],"build_version":"2018-03-15v3","purchased_purges":1,"victory":false,"master_deck":["Defend_G","Defend_G","Defend_G+1","Defend_G","Defend_G","Strike_G","Strike_G","Strike_G","Survivor","Neutralize","Noxious Fumes+1","Backflip","Crippling Poison+1","Deflect","Bane","Distraction","Bane","Escape Plan","Bouncing Flask+1","Noxious Fumes+1","Dagger Spray","Dash+1","Accuracy+1","Dagger Throw","Caltrops+1","Blur+1","Cloak And Dagger+1","Tools of the Trade+1","PiercingWail","Malaise+1"],"max_hp_per_floor":[70,70,70,70,70,70,70,70,70,70,70,70,70,70,70,70,70,70,70,70,70,70,70,70,70,70,70,70,70,70,70,70,70,70,70,70,70,70,70,70,70,70,70],"relics":["Ring of the Snake","Frozen Eye","Ninja Scroll","Thread and Needle","Omamori","Tiny Chest","Lizard Tail","Happy Flower","Frozen Egg 2","Bird Faced Urn","Eternal Feather","Unceasing Top","War Paint","Singing Bowl"],"card_choices":[{"not_picked":["Dash","Bane"],"picked":"Noxious Fumes"},{"not_picked":["Dagger Spray","Caltrops"],"picked":"Backflip"},{"not_picked":["Heel Hook","Dagger Spray"],"picked":"Crippling Poison"},{"not_picked":["PiercingWail","All Out Attack"],"picked":"Bane"},{"not_picked":["Poisoned Stab","Deadly Poison"],"picked":"Distraction"},{"not_picked":["A Thousand Cuts","Quick Slash"],"picked":"Bane"},{"not_picked":["Prepared","Quick Slash"],"picked":"Escape Plan"},{"not_picked":["Concentrate","PiercingWail"],"picked":"Bouncing Flask"},{"not_picked":["Backflip","Infinite Blades"],"picked":"Noxious Fumes"},{"not_picked":["Slice","Eviscerate"],"picked":"Dagger Spray"},{"not_picked":["Bouncing Flask","Setup"],"picked":"Dash"},{"not_picked":["Bane","Poisoned Stab"],"picked":"Accuracy"},{"not_picked":["Noxious Fumes","Accuracy"],"picked":"Dagger Throw"},{"not_picked":["Underhanded Strike","Well Laid Plans"],"picked":"Caltrops"},{"not_picked":["Cloak And Dagger","Slice"],"picked":"Blur"},{"not_picked":["Tools of the Trade","Reflex"],"picked":"Cloak And Dagger"},{"not_picked":["Tactician","Doppelganger"],"picked":"Tools of the Trade"},{"not_picked":["Endless Agony","Distraction"],"picked":"PiercingWail"},{"not_picked":["Distraction","Finisher"],"picked":"Malaise"}],"player_experience":622739,"potions_floor_usage":[16,21,21,23,24,25,33,35,36,40,44],"damage_taken":[{"damage":0,"enemies":"2 Louse","floor":1,"turns":2},{"damage":4,"enemies":"Small Slimes","floor":2,"turns":4},{"damage":0,"enemies":"Jaw Worm","floor":5,"turns":4},{"damage":0,"enemies":"Blue Slaver","floor":11,"turns":4},{"damage":20,"enemies":"Lagavulin","floor":12,"turns":8},{"damage":5,"enemies":"3 Louse","floor":13,"turns":4},{"damage":2,"enemies":"Large Slime","floor":14,"turns":6},{"damage":28,"enemies":"Slime Boss","floor":16,"turns":12},{"damage":9,"enemies":"3 Byrds","floor":18,"turns":6},{"damage":2,"enemies":"Shell Parasite","floor":19,"turns":6},{"damage":9,"enemies":"Snecko","floor":20,"turns":5},{"damage":7,"enemies":"Centurion and Healer","floor":21,"turns":7},{"damage":22,"enemies":"Snake Plant","floor":23,"turns":5},{"damage":22,"enemies":"Gremlin Leader","floor":24,"turns":7},{"damage":20,"enemies":"Slaver and Parasite","floor":25,"turns":10},{"damage":4,"enemies":"Centurion and Healer","floor":28,"turns":7},{"damage":12,"enemies":"Snecko","floor":29,"turns":6},{"damage":15,"enemies":"Slaver and Parasite","floor":31,"turns":5},{"damage":26,"enemies":"Collector","floor":33,"turns":9},{"damage":10,"enemies":"3 Darklings","floor":35,"turns":5},{"damage":68,"enemies":"Mysterious Sphere","floor":36,"turns":7},{"damage":24,"enemies":"Orb Walker","floor":37,"turns":6},{"damage":31,"enemies":"Nemesis","floor":40,"turns":9},{"damage":46,"enemies":"3 Darklings","floor":42,"turns":8},{"damage":14,"enemies":"2 Orb Walkers","floor":44,"turns":3}],"event_choices":[{"event_name":"Golden Wing","player_choice":"Card Removal","floor":3,"damage_taken":0},{"event_name":"Scrap Ooze","player_choice":"success","floor":4,"damage_taken":3},{"event_name":"Liars Game","player_choice":"disagreed","floor":8,"damage_taken":0},{"event_name":"Mysterious Sphere","player_choice":"Fight","floor":36,"damage_taken":0},{"event_name":"Upgrade Shrine","player_choice":"Upgraded","floor":38,"damage_taken":0},{"event_name":"Winding Halls","player_choice":"Writhe","floor":39,"damage_taken":0}],"boss_relics":[{"not_picked":["Runic Pyramid","Astrolabe"],"picked":"Lizard Tail"},{"not_picked":["Runic Dome","Sozu"],"picked":"Eternal Feather"}],"potions_floor_spawned":[1,5,14,16,19,20,21,24,25,33,35,36],"seed_played":"3581602849997386333","killed_by":"2 Orb Walkers","ascension_level":4,"is_trial":false}