{"gold_per_floor":[118,137,10,10,10,10,42,58,81,81,31,31,43,75,87,170,182,209,231,26,26],"floor_reached":21,"playtime":1195,"items_purged":["Normality","Strike_B","Strike_B"],"score":374,"play_id":"3a337f65-a668-44ae-9348-7d40ed486a5e","local_time":"20181227161240","is_ascension_mode":true,"campfire_choices":[{"data":"Defragment","floor":6.0,"key":"SMITH"},{"data":"Defragment","floor":10.0,"key":"SMITH"},{"floor":12.0,"key":"REST"},{"data":"Go for the Eyes","floor":15.0,"key":"SMITH"}],"neow_cost":"CURSE","seed_source_timestamp":0,"circlet_count":0,"master_deck":["AscendersBane","Strike_B","Defend_B","Defend_B","Defend_B","Defend_B","Zap","Dualcast","Core Surge","Defragment+1","Defragment+1","Conserve Battery","Steam","Coolheaded","Conserve Battery","Go for the Eyes+1","Buffer","Steam"],"special_seed":0,"relics":["Cracked Core","Bronze Scales","Smiling Mask","Ancient Tea Set","MawBank","Nuclear Battery","PreservedInsect"],"potions_floor_usage":[],"damage_taken":[{"damage":6.0,"enemies":"Cultist","floor":1.0,"turns":3.0},{"damage":4.0,"enemies":"Jaw Worm","floor":2.0,"turns":3.0},{"damage":13.0,"enemies":"Lagavulin","floor":7.0,"turns":7.0},{"damage":0.0,"enemies":"2 Louse","floor":8.0,"turns":1.0},{"damage":10.0,"enemies":"Gremlin Gang","floor":13.0,"turns":5.0},{"damage":8.0,"enemies":"3 Sentries","floor":14.0,"turns":7.0},{"damage":11.0,"enemies":"The Guardian","floor":16.0,"turns":10.0},{"damage":20.0,"enemies":"2 Thieves","floor":18.0,"turns":5.0},{"damage":13.0,"enemies":"Chosen","floor":19.0,"turns":6.0},{"damage":34,"enemies":"3 Cultists","floor":21,"turns":4}],"seed_played":"-4118662345772762928","potions_obtained":[{"floor":1.0,"key":"SteroidPotion"},{"floor":2.0,"key":"FearPotion"},{"floor":8.0,"key":"SpeedPotion"},{"floor":16.0,"key":"Dexterity Potion"},{"floor":19.0,"key":"SneckoOil"}],"is_trial":false,"path_per_floor":["M","M","$","?","?","R","E","M","T","R","$","R","M","E","R","B",null,"M","M"],"character_chosen":"DEFECT","items_purchased":["Conserve Battery","PreservedInsect"],"campfire_rested":1,"item_purchase_floors":[3,20],"current_hp_per_floor":[58,54,54,49,42,42,29,29,29,29,29,50,40,32,32,21,59,39,26,26,0],"gold":26,"neow_bonus":"THREE_RARE_CARDS","is_prod":false,"is_daily":false,"chose_seed":false,"campfire_upgraded":3,"win_rate":0,"timestamp":1545955960,"path_taken":["M","M","$","?","?","R","E","M","T","R","$","R","?","E","R","BOSS","M","?","$","M"],"build_version":"2018-12-25","purchased_purges":3,"victory":false,"max_hp_per_floor":[71,71,71,71,71,71,71,71,71,71,71,71,71,71,71,71,71,71,71,71,71],"card_choices":[{"not_picked":["Echo Form","Meteor Strike"],"picked":"Core Surge","floor":0.0},{"not_picked":["Blizzard","Consume"],"picked":"Defragment","floor":1.0},{"not_picked":["Coolheaded","Hologram"],"picked":"Defragment","floor":2.0},{"not_picked":["Skim","Sweeping Beam"],"picked":"Steam","floor":7.0},{"not_picked":["Sunder","Beam Cell"],"picked":"Coolheaded","floor":8.0},{"not_picked":["Leap","Sweeping Beam"],"picked":"Conserve Battery","floor":13.0},{"not_picked":["Leap","Conserve Battery"],"picked":"Go for the Eyes","floor":14.0},{"not_picked":["Rainbow","Amplify"],"picked":"Buffer","floor":16.0},{"not_picked":["Beam Cell","Consume","Storm"],"picked":"SKIP","floor":18.0},{"not_picked":["Barrage","Streamline"],"picked":"Steam","floor":19.0}],"player_experience":1163634,"relics_obtained":[{"floor":7.0,"key":"Smiling Mask"},{"floor":9.0,"key":"Ancient Tea Set"},{"floor":14.0,"key":"MawBank"}],"event_choices":[{"damage_healed":0.0,"max_hp_gain":0.0,"max_hp_loss":0.0,"gold_gain":0.0,"event_name":"Scrap Ooze","player_choice":"Success","floor":4.0,"gold_loss":0.0,"damage_taken":5.0,"relics_obtained":["Bronze Scales"]},{"cards_removed":["Strike_B"],"damage_healed":0.0,"max_hp_gain":0.0,"max_hp_loss":0.0,"gold_gain":0.0,"event_name":"Golden Wing","player_choice":"Card Removal","floor":5.0,"gold_loss":0.0,"damage_taken":7.0}],"is_beta":true,"boss_relics":[{"not_picked":["Black Star","Orrery"],"picked":"Nuclear Battery"}],"items_purged_floors":[3,11,20],"is_endless":false,"potions_floor_spawned":[1,2,8,16,19],"killed_by":"3 Cultists","ascension_level":20}