{"gold_per_floor":[359,371,371,390,410,410,34,64,64,64,78,78,78,107,107,107],"floor_reached":16,"playtime":816,"items_purged":[],"score":201,"play_id":"31316697-bcd0-4328-8a84-42a57d95e88b","local_time":"20181216195519","is_ascension_mode":true,"campfire_choices":[{"data":"Feed","floor":6,"key":"SMITH"},{"floor":10,"key":"REST"},{"floor":13,"key":"REST"},{"data":"Spot Weakness","floor":15,"key":"SMITH"}],"neow_cost":"PERCENT_DAMAGE","seed_source_timestamp":115082703408245,"circlet_count":0,"master_deck":["AscendersBane","Strike_R","Strike_R","Strike_R","Defend_R","Defend_R","Defend_R","Defend_R","Bash","Clothesline","True Grit","Whirlwind","Feed+1","Dual Wield","Armaments","Spot Weakness+1","Anger"],"relics":["Burning Blood","Centennial Puzzle","HandDrill","Juzu Bracelet","Lantern","Toxic Egg 2"],"potions_floor_usage":[8,11,14,16],"damage_taken":[{"damage":7,"enemies":"Jaw Worm","floor":1,"turns":3},{"damage":0,"enemies":"Cultist","floor":2,"turns":3},{"damage":7,"enemies":"Small Slimes","floor":4,"turns":3},{"damage":7,"enemies":"Blue Slaver","floor":5,"turns":6},{"damage":24,"enemies":"Gremlin Nob","floor":8,"turns":4},{"damage":31,"enemies":"Large Slime","floor":11,"turns":9},{"damage":33,"enemies":"3 Sentries","floor":14,"turns":9},{"damage":52,"enemies":"Hexaghost","floor":16,"turns":11}],"seed_played":"8669582850280754633","potions_obtained":[{"floor":4,"key":"PowerPotion"},{"floor":5,"key":"Fire Potion"},{"floor":11,"key":"PowerPotion"},{"floor":14,"key":"Poison Potion"}],"is_trial":false,"path_per_floor":["M","M","?","M","M","R","$","E","T","R","M","?","R","E","R","B"],"character_chosen":"IRONCLAD","items_purchased":["Centennial Puzzle","HandDrill","Dual Wield"],"campfire_rested":2,"item_purchase_floors":[7,7,7],"current_hp_per_floor":[50,56,56,55,54,54,54,40,40,65,48,48,75,52,52,0],"gold":107,"neow_bonus":"TWO_FIFTY_GOLD","is_prod":false,"is_daily":false,"chose_seed":false,"campfire_upgraded":2,"win_rate":0,"timestamp":1545008119,"path_taken":["M","M","?","?","M","R","$","E","T","R","M","?","R","E","R","BOSS"],"build_version":"2018-12-13","purchased_purges":0,"victory":false,"max_hp_per_floor":[80,80,80,80,80,80,80,84,84,84,92,92,92,96,96,96],"card_choices":[{"not_picked":["Iron Wave","Battle Trance"],"picked":"Clothesline","floor":1},{"not_picked":["Wild Strike","Iron Wave"],"picked":"True Grit","floor":2},{"not_picked":["Shrug It Off","Clash"],"picked":"Whirlwind","floor":4},{"not_picked":["Clothesline","Sword Boomerang"],"picked":"Feed","floor":5},{"not_picked":["True Grit","Warcry"],"picked":"Armaments","floor":8},{"not_picked":["Thunderclap","Perfected Strike"],"picked":"Spot Weakness","floor":11},{"not_picked":["Bloodletting","Clothesline"],"picked":"Anger","floor":14}],"player_experience":997293,"relics_obtained":[{"floor":8,"key":"Juzu Bracelet"},{"floor":9,"key":"Lantern"},{"floor":14,"key":"Toxic Egg 2"}],"event_choices":[{"cards_removed":["Strike_R"],"damage_healed":0,"gold_gain":0,"player_choice":"Offered Basic","damage_taken":0,"max_hp_gain":0,"max_hp_loss":0,"event_name":"Bonfire Elementals","floor":3,"gold_loss":0},{"cards_removed":["Strike_R"],"damage_healed":0,"gold_gain":0,"player_choice":"Card Removal","damage_taken":0,"max_hp_gain":0,"max_hp_loss":0,"event_name":"Wheel of Change","floor":12,"gold_loss":0}],"is_beta":true,"boss_relics":[],"items_purged_floors":[],"is_endless":false,"potions_floor_spawned":[4,5,11,14],"killed_by":"Hexaghost","ascension_level":12}