{"gold_per_floor":[111,111,132,153,51,89,89,107,130,165,201,232,244,269,281,419,431,462,347,347,370,391,391,412,412,412,412,412,19,43,43],"floor_reached":31,"playtime":1197,"items_purged":["Strike_R","Strike_R"],"score":374,"play_id":"deb81d4b-7cd8-4c3b-a904-7161b5c73355","local_time":"20180812190801","is_ascension_mode":true,"campfire_choices":[{"floor":7,"key":"REST"},{"floor":13,"key":"REST"},{"floor":15,"key":"REST"},{"floor":23,"key":"REST"},{"floor":25,"key":"REST"}],"neow_cost":"","seed_source_timestamp":169221718857667,"circlet_count":0,"master_deck":["Strike_R","Strike_R","Strike_R","Defend_R","Defend_R","Defend_R","Defend_R","Bash","AscendersBane","Clash","Inflame","Iron Wave","Headbutt","Rampage","Clothesline","Sword Boomerang","Intimidate","Pommel Strike","Feed","Clash+1","Shrug It Off","Writhe","Metallicize+1","Anger+1","Uppercut","Parasite","Seeing Red","Shockwave","Whirlwind"],"relics":["Burning Blood","Golden Idol","Ancient Tea Set","Regal Pillow","Odd Mushroom","MawBank","Cursed Key","Question Card","Anchor","Kunai"],"potions_floor_usage":[10,11,16,16,16,22,28],"damage_taken":[{"damage":0,"enemies":"2 Louse","floor":1,"turns":2},{"damage":2,"enemies":"Jaw Worm","floor":3,"turns":3},{"damage":0,"enemies":"Small Slimes","floor":4,"turns":3},{"damage":35,"enemies":"3 Sentries","floor":6,"turns":8},{"damage":4,"enemies":"Looter","floor":8,"turns":3},{"damage":47,"floor":10,"turns":5},{"damage":26,"enemies":"Gremlin Nob","floor":11,"turns":5},{"damage":7,"enemies":"2 Fungi Beasts","floor":12,"turns":3},{"damage":9,"enemies":"Red Slaver","floor":14,"turns":4},{"damage":48,"enemies":"Hexaghost","floor":16,"turns":10},{"damage":30,"enemies":"Spheric Guardian","floor":18,"turns":4},{"damage":27,"enemies":"Shell Parasite","floor":21,"turns":5},{"damage":12,"enemies":"Chosen and Byrds","floor":22,"turns":5},{"damage":50,"enemies":"Sentry and Sphere","floor":24,"turns":6},{"damage":1,"enemies":"Cultist and Chosen","floor":28,"turns":3},{"damage":22,"enemies":"Snake Plant","floor":30,"turns":6},{"damage":45,"enemies":"Sentry and Sphere","floor":31,"turns":5}],"seed_played":"7898297680250425660","potions_obtained":[{"floor":3,"key":"Dexterity Potion"},{"floor":4,"key":"AttackPotion"},{"floor":10,"key":"BloodPotion"},{"floor":11,"key":"Block Potion"},{"floor":12,"key":"Energy Potion"},{"floor":21,"key":"PowerPotion"},{"floor":22,"key":"SmokeBomb"}],"is_trial":false,"path_per_floor":["M","?","M","M","$","E","R","M","T","?","E","M","R","M","R","B",null,"M","$","T","M","M","R","M","R","T","?","M","$","M"],"character_chosen":"IRONCLAD","items_purchased":["Headbutt","Rampage","Shrug It Off","Kunai","Shockwave"],"campfire_rested":5,"item_purchase_floors":[5,5,19,29,29],"current_hp_per_floor":[78,58,62,68,68,39,63,65,65,24,12,11,50,47,80,38,70,46,46,46,25,19,58,14,53,53,53,58,58,42,0],"gold":43,"neow_bonus":"","is_prod":false,"is_daily":false,"chose_seed":false,"campfire_upgraded":0,"win_rate":0,"timestamp":1534115281,"path_taken":["M","?","M","M","$","E","R","M","T","?","E","M","R","M","R","BOSS","M","$","?","M","M","R","M","R","T","?","M","?","?","M"],"build_version":"2018-08-08","purchased_purges":2,"victory":false,"max_hp_per_floor":[80,80,80,80,80,80,80,80,80,80,80,80,80,80,80,80,80,80,80,80,80,80,80,80,80,80,80,80,80,80,80],"card_choices":[{"not_picked":["Wild Strike","Dual Wield"],"picked":"Clash","floor":1},{"not_picked":["Corruption","Thunderclap"],"picked":"Inflame","floor":3},{"not_picked":["Carnage","Impervious"],"picked":"Iron Wave","floor":4},{"not_picked":["Perfected Strike","Thunderclap"],"picked":"Clothesline","floor":6},{"not_picked":["Evolve","Warcry"],"picked":"Sword Boomerang","floor":8},{"not_picked":["Pommel Strike","Clothesline"],"picked":"Intimidate","floor":10},{"not_picked":["Intimidate","Pommel Strike"],"picked":"Clash","floor":11},{"not_picked":["Cleave","Perfected Strike"],"picked":"Pommel Strike","floor":12},{"not_picked":["Perfected Strike","Hemokinesis","Body Slam"],"picked":"SKIP","floor":14},{"not_picked":["Impervious","Demon Form"],"picked":"Feed","floor":16},{"not_picked":["Havoc","Wild Strike+1"],"picked":"Clash+1","floor":18},{"not_picked":["Perfected Strike","Thunderclap","Feed"],"picked":"Metallicize+1","floor":21},{"not_picked":["Flex","Rage","Bloodletting+1"],"picked":"Anger+1","floor":22},{"not_picked":["Twin Strike","Perfected Strike","Rage+1"],"picked":"Uppercut","floor":24},{"not_picked":["Clothesline","Entrench","Clash"],"picked":"Whirlwind","floor":30}],"player_experience":769898,"relics_obtained":[{"floor":6,"key":"Ancient Tea Set"},{"floor":9,"key":"Regal Pillow"},{"floor":10,"key":"Odd Mushroom"},{"floor":11,"key":"MawBank"},{"floor":20,"key":"Question Card"},{"floor":26,"key":"Anchor"}],"event_choices":[{"event_name":"Golden Idol","player_choice":"Take Damage","floor":2,"damage_taken":0},{"event_name":"Mushrooms","player_choice":"Fought Mushrooms","floor":10,"damage_taken":0},{"event_name":"Transmorgrifier","player_choice":"Transform","floor":27,"damage_taken":0}],"is_beta":true,"boss_relics":[{"not_picked":["White Beast Statue","Fusion Hammer"],"picked":"Cursed Key"}],"items_purged_floors":[19,29],"is_endless":false,"potions_floor_spawned":[3,4,10,11,12,21,22,28],"killed_by":"Sentry and Sphere","ascension_level":10}