{"path_per_floor":["M","?","M","$","M","R","E","R","T","R","?","M","$","M","R","B",null,"M","M","$"],"character_chosen":"IRONCLAD","items_purchased":["Shrug It Off","Bag of Preparation"],"gold_per_floor":[109,109,126,74,89,89,119,119,146,146,246,258,27,43,43,139,139,150,75,75],"floor_reached":21,"campfire_rested":2,"playtime":1668,"current_hp_per_floor":[80,64,65,65,70,70,40,40,40,64,64,55,55,55,79,23,80,75,53,53],"items_purged":["Strike_R"],"gold":75,"score":177,"play_id":"dad911ab-2aad-4d54-9b10-8389392450b1","is_prod":false,"is_daily":false,"is_ascension_mode":false,"campfire_upgraded":2,"path_taken":["M","?","M","$","M","R","E","R","T","R","?","M","?","M","R","BOSS","M","M","?","M"],"build_version":"2018-02-22-PROD2","purchased_purges":1,"victory":false,"master_deck":["Strike_R","Strike_R","Strike_R","Strike_R","Defend_R","Defend_R","Defend_R+1","Defend_R+1","Bash+1","Flame Barrier","Battle Trance","Shrug It Off+1","Barricade+1","Heavy Blade","Pommel Strike","Iron Wave","Entrench","Body Slam"],"max_hp_per_floor":[80,80,80,80,80,80,80,80,80,80,80,80,80,80,80,80,80,80,80,80],"relics":["Burning Blood","Unceasing Top","Art of War","Bag of Preparation","Lizard Tail"],"card_choices":[{"not_picked":["Havoc","True Grit"],"picked":"Flame Barrier"},{"not_picked":["Carnage","Dual Wield"],"picked":"Battle Trance"},{"not_picked":["True Grit","Body Slam"],"picked":"Barricade"},{"not_picked":["Bloodletting","Searing Blow"],"picked":"Heavy Blade"},{"not_picked":["Intimidate","Sentinel"],"picked":"Pommel Strike"},{"not_picked":["Cleave","Metallicize"],"picked":"Iron Wave"},{"not_picked":["Warcry","Havoc"],"picked":"Entrench"},{"not_picked":["Evolve","Inflame"],"picked":"Body Slam"}],"player_experience":219997,"potions_floor_usage":[7,16,16,18],"damage_taken":[{"damage":3,"enemies":"Cultist","floor":1,"turns":6},{"damage":5,"enemies":"Jaw Worm","floor":3,"turns":4},{"damage":1,"enemies":"2 Louse","floor":5,"turns":3},{"damage":36,"enemies":"Gremlin Nob","floor":7,"turns":6},{"damage":15,"enemies":"Lots of Slimes","floor":12,"turns":7},{"damage":6,"enemies":"3 Louse","floor":14,"turns":5},{"damage":62,"enemies":"Hexaghost","floor":16,"turns":12},{"damage":11,"enemies":"Chosen","floor":18,"turns":8},{"damage":28,"enemies":"2 Thieves","floor":19,"turns":5},{"damage":103,"enemies":"3 Cultists","floor":21,"turns":7}],"event_choices":[{"event_name":"Shining Light","player_choice":"Entered Light","floor":2,"damage_taken":0},{"event_name":"Golden Shrine","player_choice":"Pray","floor":11,"damage_taken":0}],"boss_relics":[{"not_picked":["Eternal Feather","Philosopher\u0027s Stone"],"picked":"Lizard Tail"}],"potions_floor_spawned":[3,12,14,16],"seed_played":"9201482738093992914","killed_by":"3 Cultists","ascension_level":0,"is_trial":false}