{"path_per_floor":["M","M","?","$","M","R","?","M","T","M","R","E","M","M","R","B",null,"M","?","M","?","M","R"],"character_chosen":"IRONCLAD","items_purchased":["Combust","Ice Cream"],"gold_per_floor":[411,428,378,25,44,44,71,88,88,107,107,133,143,160,160,263,263,280,280,298,298,315,315],"floor_reached":24,"campfire_rested":4,"playtime":1734,"current_hp_per_floor":[45,40,40,40,44,68,47,32,32,29,53,33,31,26,50,21,80,70,55,51,51,27,52],"items_purged":[],"gold":315,"score":200,"play_id":"a3d237c2-b418-4c1b-9ebf-6bdb65432a8c","is_prod":false,"is_daily":false,"is_ascension_mode":false,"campfire_upgraded":0,"path_taken":["M","?","?","$","M","R","?","M","T","?","R","E","M","M","R","BOSS","M","?","?","?","M","R","E"],"build_version":"2018-02-15-PROD1","purchased_purges":0,"victory":false,"master_deck":["Strike_R","Strike_R","Strike_R","Strike_R","Defend_R","Defend_R","Defend_R","Defend_R","Bash","Cleave","Perfected Strike","Combust","Cleave","Rampage","Metallicize","Heavy Blade","Flex","Twin Strike","Barricade","Anger","Juggernaut","Combust"],"max_hp_per_floor":[80,80,80,80,80,80,80,80,80,80,80,80,80,80,80,80,80,80,85,85,85,85,85],"relics":["Burning Blood","Old Coin","Ice Cream","Odd Mushroom","Self Forming Clay","Toolbox","Mark of Pain","Bird Faced Urn"],"card_choices":[{"not_picked":["True Grit","Clothesline"],"picked":"Cleave"},{"not_picked":["Reaper","Pommel Strike"],"picked":"Perfected Strike"},{"not_picked":["Clothesline","Twin Strike"],"picked":"Cleave"},{"not_picked":["Rupture","Hemokinesis"],"picked":"Rampage"},{"not_picked":["Thunderclap","Clothesline"],"picked":"Metallicize"},{"not_picked":["Reckless Charge","Clash"],"picked":"Heavy Blade"},{"not_picked":["Metallicize","Perfected Strike"],"picked":"Flex"},{"not_picked":["Disarm","Rupture"],"picked":"Twin Strike"},{"not_picked":["Double Tap","Offering"],"picked":"Barricade"},{"not_picked":["Shrug It Off","Bloodletting"],"picked":"Anger"},{"not_picked":["Body Slam","Bloodletting"],"picked":"Juggernaut"},{"not_picked":["Anger","True Grit"],"picked":"Combust"}],"player_experience":19251,"potions_floor_usage":[14,16,16,24],"damage_taken":[{"damage":1,"enemies":"Cultist","floor":1,"turns":3},{"damage":11,"enemies":"Jaw Worm","floor":2,"turns":4},{"damage":2,"enemies":"Small Slimes","floor":5,"turns":2},{"damage":27,"enemies":"The Mushroom Lair","floor":7,"turns":3},{"damage":21,"enemies":"Gremlin Gang","floor":8,"turns":3},{"damage":9,"enemies":"3 Louse","floor":10,"turns":2},{"damage":26,"enemies":"Gremlin Nob","floor":12,"turns":4},{"damage":8,"enemies":"Blue Slaver","floor":13,"turns":5},{"damage":11,"enemies":"Exordium Thugs","floor":14,"turns":3},{"damage":35,"enemies":"The Guardian","floor":16,"turns":12},{"damage":16,"enemies":"Spheric Guardian","floor":18,"turns":4},{"damage":10,"enemies":"Chosen","floor":20,"turns":3},{"damage":38,"enemies":"Centurion and Healer","floor":22,"turns":6},{"damage":62,"enemies":"Book of Stabbing","floor":24,"turns":7}],"event_choices":[{"event_name":"The Cleric","player_choice":"Card Removal","floor":3,"damage_taken":0},{"event_name":"Mushrooms","player_choice":"Fought Mushrooms","floor":7,"damage_taken":0},{"event_name":"Forgotten Altar","player_choice":"Shed Blood","floor":19,"damage_taken":0},{"event_name":"The Mausoleum","player_choice":"Yes","floor":21,"damage_taken":0}],"boss_relics":[{"not_picked":["Question Card","Calling Bell"],"picked":"Mark of Pain"}],"potions_floor_spawned":[2,12,14,16],"seed_played":"245179948386897428","killed_by":"Book of Stabbing","ascension_level":0,"is_trial":false}