{"path_per_floor":["M","M","$","?","M","E","R","E","T","$","R","M","M","M","R","B",null,"M","M","?","$","?","E","M","R","T","R","E","M","M","M","R"],"character_chosen":"IRONCLAD","items_purchased":["Iron Wave","Clash"],"gold_per_floor":[110,127,5,5,15,40,40,67,139,87,87,100,115,133,133,232,232,243,258,173,73,73,105,122,122,145,145,174,191,204,219,219],"floor_reached":33,"campfire_rested":2,"playtime":2757,"current_hp_per_floor":[77,80,80,73,79,56,56,52,52,52,52,56,59,62,80,53,80,75,80,80,80,80,61,63,63,63,63,55,56,58,52,76],"items_purged":["Strike_R","Strike_R"],"gold":219,"score":299,"play_id":"f4bf5bde-4a9b-4301-9a43-c5cc5c9f511e","is_prod":false,"is_daily":false,"is_ascension_mode":false,"campfire_upgraded":4,"path_taken":["M","M","$","?","M","E","R","E","T","$","R","M","M","M","R","BOSS","M","M","?","$","?","E","M","R","T","R","E","M","M","M","R","BOSS"],"build_version":"2018-02-22-PROD2","purchased_purges":3,"victory":false,"master_deck":["Strike_R","Strike_R","Strike_R","Defend_R","Defend_R","Defend_R+1","Bash","Hemokinesis","Pummel","Clash+1","Iron Wave+1","Ghostly Armor","Shockwave+1","Clash","Metallicize+1","Wild Strike","Whirlwind+1","Reaper","Thunderclap+1","Battle Trance","Wild Strike+1","Second Wind+1","Battle Trance+1","Warcry","Exhume","Flex+1"],"max_hp_per_floor":[80,80,80,80,80,80,80,80,80,80,80,80,80,80,80,80,80,80,80,80,80,80,80,80,80,80,80,80,80,80,80,80],"relics":["Black Blood","Happy Flower","Bag of Preparation","Paper Frog","Dream Catcher","Nloth\u0027s Gift","Charon\u0027s Ashes","War Paint","Lantern"],"card_choices":[{"not_picked":["Body Slam","Reckless Charge"],"picked":"Pummel"},{"not_picked":["Thunderclap","Havoc"],"picked":"Clash"},{"not_picked":["Inflame","Dual Wield"],"picked":"Ghostly Armor"},{"not_picked":["Blood for Blood","Cleave"],"picked":"Shockwave"},{"not_picked":["Intimidate","Combust"],"picked":"Metallicize"},{"not_picked":["Uppercut","Hemokinesis"],"picked":"Wild Strike"},{"not_picked":["Clothesline","Rampage"],"picked":"Whirlwind"},{"not_picked":["Immolate","Exhume"],"picked":"Reaper"},{"not_picked":["Armaments","Sentinel"],"picked":"Thunderclap"},{"not_picked":["Seeing Red","Twin Strike"],"picked":"Battle Trance"},{"not_picked":["Armaments","Perfected Strike"],"picked":"Wild Strike"},{"not_picked":["Shrug It Off","Clash"],"picked":"Second Wind"},{"not_picked":["Demon Form","Fiend Fire"],"picked":"Battle Trance"},{"not_picked":["Shockwave","Second Wind"],"picked":"Warcry"},{"not_picked":["Rage","True Grit"],"picked":"Exhume"},{"not_picked":["Headbutt","Body Slam"],"picked":"Flex"}],"player_experience":172058,"potions_floor_usage":[8,14,16,19,28,33,33,33],"damage_taken":[{"damage":9,"enemies":"Jaw Worm","floor":1,"turns":3},{"damage":0,"enemies":"2 Louse","floor":2,"turns":2},{"damage":0,"enemies":"Small Slimes","floor":5,"turns":3},{"damage":29,"enemies":"Lagavulin","floor":6,"turns":5},{"damage":10,"enemies":"Gremlin Nob","floor":8,"turns":4},{"damage":2,"enemies":"Blue Slaver","floor":12,"turns":2},{"damage":3,"enemies":"3 Louse","floor":13,"turns":3},{"damage":3,"enemies":"Red Slaver","floor":14,"turns":1},{"damage":33,"enemies":"Hexaghost","floor":16,"turns":9},{"damage":15,"enemies":"Spheric Guardian","floor":18,"turns":4},{"damage":9,"enemies":"2 Thieves","floor":19,"turns":3},{"damage":41,"enemies":"Slavers","floor":23,"turns":7},{"damage":8,"enemies":"Centurion and Healer","floor":24,"turns":3},{"damage":25,"enemies":"Book of Stabbing","floor":28,"turns":5},{"damage":9,"enemies":"Snecko","floor":29,"turns":3},{"damage":15,"enemies":"Snake Plant","floor":30,"turns":5},{"damage":23,"enemies":"Cultist and Chosen","floor":31,"turns":4},{"damage":92,"enemies":"Champ","floor":33,"turns":9}],"event_choices":[{"event_name":"Scrap Ooze","player_choice":"success","floor":4,"damage_taken":7},{"event_name":"Addict","player_choice":"Obtained Relic","floor":20,"damage_taken":0},{"event_name":"N\u0027loth","player_choice":"Traded a Shuriken","floor":22,"damage_taken":0}],"boss_relics":[{"not_picked":["Eternal Feather","Black Star"],"picked":"Black Blood"}],"potions_floor_spawned":[2,8,12,13,19,23,30,31],"seed_played":"-6007769061347299377","killed_by":"Champ","ascension_level":0,"is_trial":false}