{"path_per_floor":["M","?","M","M","M","E","R","E","T","M","R","M","$","E","R","B",null,"M","?","M","$","?","R","E","?","T","$","M","$","E","T","R"],"character_chosen":"IRONCLAD","items_purchased":["Flex","Dual Wield","Heavy Blade","Flex"],"gold_per_floor":[113,113,128,138,153,188,188,216,216,232,232,246,119,145,145,245,245,245,245,245,105,105,105,105,105,105,54,54,9,9,9,9],"floor_reached":33,"campfire_rested":1,"playtime":2362,"current_hp_per_floor":[80,68,74,80,80,80,80,77,77,80,80,80,80,70,70,67,80,80,80,74,74,74,74,53,53,53,53,39,39,42,42,68],"items_purged":["Whirlwind","Strike_R"],"gold":9,"score":303,"play_id":"88e2a9c5-5554-4158-a169-bbcf94836bbb","is_prod":false,"is_daily":false,"is_ascension_mode":false,"campfire_upgraded":4,"path_taken":["M","?","M","M","M","E","R","E","T","?","R","M","$","E","R","BOSS","M","?","M","$","?","R","E","?","T","$","?","?","E","?","R","BOSS"],"build_version":"2018-02-22-PROD2","purchased_purges":2,"victory":false,"master_deck":["Strike_R","Strike_R","Strike_R","Strike_R","Defend_R","Defend_R","Defend_R","Defend_R","Bash","Flex+1","Seeing Red+1","Clothesline","Pommel Strike","Clothesline","Shockwave","Flex+1","Pommel Strike","Limit Break+1","Seeing Red","Whirlwind","Dual Wield","Iron Wave+1","Heavy Blade","Battle Trance+1","Flex+1","Headbutt+1"],"max_hp_per_floor":[80,80,80,80,80,80,80,80,80,80,80,80,80,80,80,80,80,80,80,80,80,80,80,80,80,80,80,80,80,80,80,82],"relics":["Burning Blood","Thread and Needle","Mercury Hourglass","Toolbox","Sundial","Ice Cream","Blood Vial","Ectoplasm","Toxic Egg 2","Dream Catcher","Singing Bowl","Bronze Scales"],"card_choices":[{"not_picked":["Flame Barrier","Exhume"],"picked":"Flex"},{"not_picked":["Twin Strike","Flame Barrier"],"picked":"Seeing Red"},{"not_picked":["Wild Strike","Hemokinesis"],"picked":"Clothesline"},{"not_picked":["Uppercut","Sword Boomerang"],"picked":"Pommel Strike"},{"not_picked":["Dark Embrace","Heavy Blade"],"picked":"Whirlwind"},{"not_picked":["Entrench","Twin Strike"],"picked":"Clothesline"},{"not_picked":["Armaments","Reaper"],"picked":"Shockwave"},{"not_picked":["Wild Strike","Perfected Strike"],"picked":"Pommel Strike"},{"not_picked":["Juggernaut","Bludgeon"],"picked":"Limit Break"},{"not_picked":["Pommel Strike","Twin Strike"],"picked":"Seeing Red"},{"not_picked":["Blood for Blood","Twin Strike"],"picked":"Iron Wave"},{"not_picked":["Rampage","Flame Barrier"],"picked":"Battle Trance"},{"not_picked":["Heavy Blade","Dropkick"],"picked":"Headbutt"}],"player_experience":176302,"potions_floor_usage":[8,16,16,24,30,33],"damage_taken":[{"damage":2,"enemies":"Cultist","floor":1,"turns":5},{"damage":0,"enemies":"Small Slimes","floor":3,"turns":3},{"damage":0,"enemies":"2 Louse","floor":4,"turns":2},{"damage":0,"enemies":"Gremlin Gang","floor":5,"turns":4},{"damage":3,"enemies":"3 Sentries","floor":6,"turns":6},{"damage":9,"enemies":"Gremlin Nob","floor":8,"turns":3},{"damage":0,"enemies":"Looter","floor":10,"turns":3},{"damage":0,"enemies":"Large Slime","floor":12,"turns":4},{"damage":16,"enemies":"3 Sentries","floor":14,"turns":5},{"damage":11,"enemies":"Slime Boss","floor":16,"turns":7},{"damage":0,"enemies":"Chosen","floor":18,"turns":4},{"damage":12,"enemies":"Spheric Guardian","floor":20,"turns":4},{"damage":29,"enemies":"Slavers","floor":24,"turns":4},{"damage":22,"enemies":"Slaver and Parasite","floor":28,"turns":6},{"damage":17,"enemies":"Gremlin Leader","floor":30,"turns":5},{"damage":70,"enemies":"Automaton","floor":33,"turns":10}],"event_choices":[{"event_name":"Scrap Ooze","player_choice":"success","floor":2,"damage_taken":12},{"event_name":"The Library","player_choice":"Read","floor":19,"damage_taken":0},{"event_name":"Fountain of Cleansing","player_choice":"Removed Curse","floor":22,"damage_taken":0},{"event_name":"Drug Dealer","player_choice":"Ignored","floor":25,"damage_taken":0}],"boss_relics":[{"not_picked":["Runic Cube","Snecko Eye"],"picked":"Ectoplasm"}],"potions_floor_spawned":[1,4,10,12,14,24,28],"seed_played":"8806663431190565716","killed_by":"Automaton","ascension_level":0,"is_trial":false}