{"path_per_floor":["M","M","M","M","M","R","E","M","T","R","E","?","$","M","R","B",null,"M","M","?","M","M","R","M"],"character_chosen":"THE_SILENT","items_purchased":["Footwork","Backflip"],"gold_per_floor":[17,29,42,60,75,75,107,121,144,144,170,170,39,54,54,155,155,168,188,188,200,219,219,232,232],"floor_reached":25,"campfire_rested":3,"playtime":1490,"current_hp_per_floor":[67,59,59,47,41,62,65,53,53,53,37,54,54,25,46,31,60,23,24,47,19,2,23,5,0],"items_purged":[],"gold":232,"score":274,"play_id":"564cdc0e-628c-425d-91e2-36a1518d8862","local_time":"20180323222951","is_prod":false,"is_daily":false,"is_ascension_mode":true,"campfire_upgraded":1,"timestamp":1521858591,"path_taken":["M","M","M","M","M","R","E","M","T","R","E","?","$","M","R","BOSS","M","M","?","M","M","R","M","M"],"build_version":"2018-03-22v2","purchased_purges":0,"victory":false,"master_deck":["Defend_G","Defend_G","Defend_G","Defend_G","Strike_G","Strike_G","Strike_G","Strike_G","Survivor","Neutralize+1","Slice","Eviscerate","Predator","All Out Attack","Finisher","Noxious Fumes","Concentrate","Acrobatics","Dagger Spray","Caltrops","Parasite","Footwork","Backflip","PiercingWail","Malaise","Tools of the Trade","Blur+1","Dagger Throw","Prepared+1","Cloak And Dagger","Underhanded Strike"],"max_hp_per_floor":[70,70,70,70,70,70,70,70,70,70,70,70,70,70,70,70,70,70,70,70,70,70,70,70,70],"relics":["Ring of the Snake","Bird Faced Urn","Juzu Bracelet","Dream Catcher","Lizard Tail"],"card_choices":[{"not_picked":["Leg Sweep","Poisoned Stab"],"picked":"Predator","floor":1},{"not_picked":["Prepared","Sucker Punch"],"picked":"All Out Attack","floor":2},{"not_picked":["Sucker Punch","Slice"],"picked":"Finisher","floor":3},{"not_picked":["Infinite Blades","Doppelganger"],"picked":"Noxious Fumes","floor":4},{"not_picked":["Caltrops","Deadly Poison"],"picked":"Concentrate","floor":5},{"not_picked":["Deadly Poison","Noxious Fumes"],"picked":"Acrobatics","floor":7},{"not_picked":["PiercingWail","Outmaneuver"],"picked":"Dagger Spray","floor":8},{"not_picked":["Bane","Flechettes"],"picked":"Caltrops","floor":11},{"not_picked":["Bouncing Flask","Dagger Spray"],"picked":"PiercingWail","floor":14},{"not_picked":["Riddle With Holes","Quick Slash"],"picked":"Malaise","floor":15},{"not_picked":["After Image","Bullet Time"],"picked":"Tools of the Trade","floor":16},{"not_picked":["Dagger Spray","Backflip"],"picked":"Blur","floor":18},{"not_picked":["Crippling Poison","Deadly Poison"],"picked":"Dagger Throw","floor":21},{"not_picked":["All Out Attack","Caltrops"],"picked":"Prepared","floor":22},{"not_picked":["Blade Dance","Escape Plan"],"picked":"Cloak And Dagger","floor":23},{"not_picked":["Deflect","Quick Slash"],"picked":"Underhanded Strike","floor":24}],"player_experience":656915,"potions_floor_usage":[4,7,16,21],"damage_taken":[{"damage":3,"enemies":"Jaw Worm","floor":1,"turns":4},{"damage":8,"enemies":"Small Slimes","floor":2,"turns":3},{"damage":0,"enemies":"2 Louse","floor":3,"turns":2},{"damage":12,"enemies":"Large Slime","floor":4,"turns":6},{"damage":6,"enemies":"3 Louse","floor":5,"turns":3},{"damage":6,"enemies":"Gremlin Nob","floor":7,"turns":3},{"damage":14,"enemies":"2 Fungi Beasts","floor":8,"turns":3},{"damage":18,"enemies":"3 Sentries","floor":11,"turns":6},{"damage":33,"enemies":"Large Slime","floor":14,"turns":6},{"damage":21,"enemies":"The Guardian","floor":16,"turns":13},{"damage":43,"enemies":"Chosen","floor":18,"turns":7},{"damage":5,"enemies":"3 Byrds","floor":19,"turns":6},{"damage":36,"enemies":"Centurion and Healer","floor":21,"turns":9},{"damage":23,"enemies":"Chosen and Byrds","floor":22,"turns":8},{"damage":62,"enemies":"Snecko","floor":24,"turns":7},{"damage":11,"enemies":"3 Cultists","floor":25,"turns":3}],"event_choices":[{"event_name":"Mushrooms","player_choice":"Healed and dodged fight","floor":12,"damage_taken":0},{"event_name":"The Library","player_choice":"Heal","floor":20,"damage_taken":0}],"boss_relics":[{"not_picked":["Black Star","Question Card"],"picked":"Lizard Tail"}],"potions_floor_spawned":[1,2,14,18],"seed_played":"4804453417963507252","killed_by":"3 Cultists","ascension_level":5,"is_trial":false}