{"gold_per_floor":[116,116,126,51,62,62,92,92,92,105,105,105,122,70,70,165,165,183,183,183,200,227,227,244,323,323,323,342,342,355,382,382,480,480,493,715,715,715,730,730,744,744],"floor_reached":42,"playtime":1498,"items_purged":["Pain"],"score":524,"play_id":"7f8c79d0-57a4-4b4a-a1a2-0c021f5c3490","local_time":"20190106200517","is_ascension_mode":true,"campfire_choices":[{"data":"Defragment","floor":6,"key":"SMITH"},{"data":"Defragment","floor":8,"key":"SMITH"},{"floor":12,"key":"REST"},{"floor":15,"key":"REST"},{"floor":23,"key":"REST"},{"data":"Electrodynamics","floor":27,"key":"SMITH"},{"data":"Consume","floor":29,"key":"SMITH"},{"floor":32,"key":"REST"},{"data":"Storm","floor":40,"key":"SMITH"}],"neow_cost":"TEN_PERCENT_HP_LOSS","seed_source_timestamp":517612324245883,"circlet_count":0,"master_deck":["Defend_B","Defend_B","Defend_B","Defend_B","Zap","Dualcast","Consume+1","Chaos","Sweeping Beam","Streamline","Defragment+1","Defragment+1","Storm+1","Beam Cell","Coolheaded+1","Electrodynamics+1","Go for the Eyes","Bite","Bite","Bite","Bite","Bite","Leap+1","Auto Shields+1","Chill+1","Undo+1","Self Repair","Self Repair+1","Skim+1","Fission+1","Barrage+1","Ball Lightning+1","Storm+1"],"relics":["FrozenCore","WarpedTongs","Smiling Mask","Toxic Egg 2","Inserter","Red Mask","Shuriken","Pear","Ancient Tea Set"],"potions_floor_usage":[7,16,22,31,41],"damage_taken":[{"damage":4,"enemies":"Jaw Worm","floor":1,"turns":4},{"damage":3,"enemies":"Cultist","floor":3,"turns":4},{"damage":0,"enemies":"2 Louse","floor":5,"turns":3},{"damage":24,"enemies":"3 Sentries","floor":7,"turns":6},{"damage":21,"enemies":"Lots of Slimes","floor":10,"turns":3},{"damage":22,"enemies":"3 Louse","floor":13,"turns":3},{"damage":16,"enemies":"Hexaghost","floor":16,"turns":8},{"damage":4,"enemies":"Chosen","floor":18,"turns":3},{"damage":11,"enemies":"Spheric Guardian","floor":21,"turns":3},{"damage":19,"enemies":"Masked Bandits","floor":22,"turns":4},{"damage":0,"enemies":"Cultist and Chosen","floor":24,"turns":5},{"damage":9,"enemies":"Snake Plant","floor":28,"turns":5},{"damage":0,"enemies":"Centurion and Healer","floor":30,"turns":7},{"damage":16,"enemies":"Book of Stabbing","floor":31,"turns":5},{"damage":44,"enemies":"Collector","floor":33,"turns":10},{"damage":36,"enemies":"3 Darklings","floor":35,"turns":6},{"damage":10,"enemies":"Orb Walker","floor":39,"turns":4},{"damage":20,"enemies":"Spire Growth","floor":41,"turns":5},{"damage":70,"enemies":"Reptomancer","floor":42,"turns":2}],"seed_played":"7890016512149334496","potions_obtained":[{"floor":1,"key":"EssenceOfSteel"},{"floor":13,"key":"Poison Potion"},{"floor":18,"key":"FocusPotion"},{"floor":21,"key":"Energy Potion"},{"floor":28,"key":"EssenceOfSteel"},{"floor":31,"key":"FearPotion"},{"floor":35,"key":"FearPotion"},{"floor":41,"key":"Ancient Potion"}],"is_trial":false,"path_per_floor":["M","?","M","$","M","R","E","R","T","M","?","R","M","$","R","B",null,"M","?","?","M","?","R","M","T","T","R","M","R","M","E","R","B",null,"M","?","?","?","M","R","M","E"],"character_chosen":"DEFECT","items_purchased":["Coolheaded+1"],"campfire_rested":4,"item_purchase_floors":[14],"current_hp_per_floor":[64,64,61,61,61,61,37,37,37,16,16,36,14,14,34,18,68,64,47,47,36,23,37,40,40,50,50,47,47,51,41,57,34,57,39,39,39,39,43,43,48,0],"gold":744,"neow_bonus":"TRANSFORM_TWO_CARDS","is_prod":false,"is_daily":false,"chose_seed":false,"campfire_upgraded":5,"win_rate":0,"timestamp":1546823117,"path_taken":["M","?","M","$","M","R","E","R","T","?","?","R","?","$","R","BOSS","M","?","?","M","?","R","?","?","T","R","M","R","M","E","R","BOSS","M","?","?","?","M","R","M","E"],"build_version":"2019-01-03v4","purchased_purges":1,"victory":false,"max_hp_per_floor":[68,68,68,68,68,68,68,68,68,68,68,68,68,68,68,68,68,68,47,47,47,47,47,47,47,57,57,57,57,57,57,57,57,57,57,57,57,57,57,57,57,57],"card_choices":[{"not_picked":["Gash","Chaos"],"picked":"Sweeping Beam","floor":1},{"not_picked":["Static Discharge","Leap"],"picked":"Streamline","floor":3},{"not_picked":["Stack","Compile Driver"],"picked":"Defragment","floor":5},{"not_picked":["Ball Lightning","Beam Cell"],"picked":"Defragment","floor":7},{"not_picked":["FTL","Doom and Gloom"],"picked":"Storm","floor":10},{"not_picked":["Turbo+1","Doom and Gloom"],"picked":"Beam Cell","floor":13},{"not_picked":["Core Surge","Rainbow+1"],"picked":"Electrodynamics","floor":16},{"not_picked":["Gash+1","Melter"],"picked":"Go for the Eyes","floor":18},{"not_picked":["Lockon+1","Cold Snap"],"picked":"Auto Shields+1","floor":21},{"not_picked":["Conserve Battery+1","Go for the Eyes"],"picked":"Chill+1","floor":22},{"not_picked":["Consume+1","White Noise+1"],"picked":"Undo+1","floor":24},{"not_picked":["Stack+1","Aggregate+1"],"picked":"Self Repair","floor":28},{"not_picked":["Gash","Steam Power+1"],"picked":"Self Repair+1","floor":30},{"not_picked":["Amplify+1","Go for the Eyes"],"picked":"Skim+1","floor":31},{"not_picked":["Multi-Cast+1","Buffer"],"picked":"Fission+1","floor":33},{"not_picked":["Turbo+1","Cold Snap+1"],"picked":"Barrage+1","floor":35},{"not_picked":["Beam Cell","Redo+1"],"picked":"Ball Lightning+1","floor":39},{"not_picked":["Ball Lightning","Rebound"],"picked":"Storm+1","floor":41}],"player_experience":1201847,"relics_obtained":[{"floor":7,"key":"Smiling Mask"},{"floor":9,"key":"Toxic Egg 2"},{"floor":22,"key":"Red Mask"},{"floor":25,"key":"Shuriken"},{"floor":26,"key":"Pear"},{"floor":31,"key":"Ancient Tea Set"}],"event_choices":[{"damage_healed":0,"gold_gain":0,"player_choice":"Rummage","damage_taken":0,"relics_obtained":["WarpedTongs"],"max_hp_gain":0,"max_hp_loss":0,"event_name":"Accursed Blacksmith","floor":2,"gold_loss":0,"cards_obtained":["Pain"]},{"damage_healed":0,"gold_gain":0,"cards_transformed":["Strike_B"],"player_choice":"Transformed","damage_taken":0,"max_hp_gain":0,"max_hp_loss":0,"event_name":"Transmorgrifier","floor":11,"gold_loss":0,"cards_obtained":["Hyperbeam"]},{"damage_healed":0,"gold_gain":0,"player_choice":"Became a vampire","damage_taken":0,"max_hp_gain":0,"max_hp_loss":21,"event_name":"Vampires","floor":19,"gold_loss":0,"cards_obtained":["Bite","Bite","Bite","Bite","Bite"]},{"damage_healed":0,"gold_gain":0,"player_choice":"Read","damage_taken":0,"max_hp_gain":0,"max_hp_loss":0,"event_name":"The Library","floor":20,"gold_loss":0,"cards_obtained":["Leap"]},{"damage_healed":0,"gold_gain":0,"player_choice":"Fought Bandits","damage_taken":0,"max_hp_gain":0,"max_hp_loss":0,"event_name":"Masked Bandits","floor":22,"gold_loss":0},{"damage_healed":0,"gold_gain":222,"player_choice":"Wore Mask","damage_taken":0,"max_hp_gain":0,"max_hp_loss":0,"event_name":"Tomb of Lord Red Mask","floor":36,"gold_loss":0},{"cards_removed":["Hyperbeam"],"damage_healed":0,"gold_gain":0,"player_choice":"Removed Attack","damage_taken":0,"max_hp_gain":0,"max_hp_loss":0,"event_name":"Falling","floor":37,"gold_loss":0},{"damage_healed":0,"gold_gain":0,"player_choice":"Ignored","damage_taken":0,"max_hp_gain":0,"max_hp_loss":0,"event_name":"Mysterious Sphere","floor":38,"gold_loss":0}],"is_beta":true,"boss_relics":[{"not_picked":["Snecko Eye","Pandora\u0027s Box"],"picked":"Inserter"},{"not_picked":["Orrery","White Beast Statue"],"picked":"FrozenCore"}],"items_purged_floors":[4],"is_endless":false,"potions_floor_spawned":[1,13,18,21,28,31,35,41],"killed_by":"Reptomancer","ascension_level":4}