{"gold_per_floor":[117,42,56,70,20,20,20,46,124,157,157,174,100,116,116,219,219,209,226,36,49,66,97,97,124,124,124,139,164,164,176,176,278,278,292,52,52,35,97,97,159,193,275,275,303,313,20,70,70,70],"floor_reached":51,"playtime":4242,"items_purged":["Normality","Doubt"],"score":914,"play_id":"fe06d76e-c9a2-41ff-84ad-cc9c27e4087b","local_time":"20180724223058","is_ascension_mode":true,"campfire_choices":[{"data":"Neutralize","floor":6,"key":"SMITH"},{"data":"Cloak And Dagger","floor":11,"key":"SMITH"},{"data":"Cloak And Dagger","floor":15,"key":"SMITH"},{"data":"After Image","floor":24,"key":"SMITH"},{"data":"Burst","floor":27,"key":"SMITH"},{"data":"Cloak And Dagger","floor":30,"key":"SMITH"},{"data":"Noxious Fumes","floor":32,"key":"SMITH"},{"data":"Cloak And Dagger","floor":40,"key":"SMITH"},{"data":"A Thousand Cuts","floor":44,"key":"SMITH"},{"floor":49,"key":"REST"}],"neow_cost":"CURSE","seed_source_timestamp":294992217298826,"circlet_count":0,"master_deck":["Defend_G","Defend_G","Defend_G","Defend_G","Defend_G","Strike_G","Survivor","Neutralize+1","Cloak And Dagger+1","Underhanded Strike","Flying Knee","Well Laid Plans","PiercingWail","Dodge and Roll","Noxious Fumes+1","Cloak And Dagger+1","After Image+1","Acrobatics","Sucker Punch","Cloak And Dagger+1","Slice+1","Burst+1","Distraction+1","Calculated Gamble+1","Cloak And Dagger+1","Terror+1","A Thousand Cuts+1","Noxious Fumes+1","Accuracy","Flechettes+1","Escape Plan+1","Clumsy","Poisoned Stab+1","Cloak And Dagger","Caltrops+1"],"relics":["Ring of the Snake","Orichalcum","Ornamental Fan","Bag of Marbles","Cursed Key","Oddly Smooth Stone","Bronze Scales","Dead Branch","Turnip","Anchor","Empty Cage","Kunai","SsserpentHead","Frozen Egg 2","Gremlin Horn","Bottled Tornado"],"potions_floor_usage":[10,16,23,33,33,42,45,50,50],"damage_taken":[{"damage":2,"enemies":"Cultist","floor":1,"turns":5},{"damage":0,"enemies":"Small Slimes","floor":3,"turns":3},{"damage":0,"enemies":"Jaw Worm","floor":4,"turns":4},{"damage":33,"enemies":"Lagavulin","floor":8,"turns":9},{"damage":22,"enemies":"Gremlin Nob","floor":10,"turns":5},{"damage":2,"enemies":"Exordium Thugs","floor":12,"turns":7},{"damage":0,"enemies":"3 Louse","floor":14,"turns":4},{"damage":14,"enemies":"The Guardian","floor":16,"turns":11},{"damage":2,"enemies":"2 Thieves","floor":18,"turns":4},{"damage":0,"enemies":"3 Byrds","floor":19,"turns":6},{"damage":5,"enemies":"3 Cultists","floor":21,"turns":8},{"damage":0,"enemies":"Centurion and Healer","floor":22,"turns":7},{"damage":6,"enemies":"Slavers","floor":23,"turns":9},{"damage":3,"enemies":"Gremlin Leader","floor":25,"turns":11},{"damage":3,"enemies":"Snake Plant","floor":28,"turns":5},{"damage":0,"enemies":"Book of Stabbing","floor":29,"turns":6},{"damage":1,"enemies":"Slaver and Parasite","floor":31,"turns":4},{"damage":11,"enemies":"Automaton","floor":33,"turns":9},{"damage":0,"enemies":"Flame Bruiser 1 Orb","floor":35,"turns":4},{"damage":14,"enemies":"3 Darklings","floor":39,"turns":5},{"damage":0,"enemies":"Sphere and 2 Shapes","floor":41,"turns":4},{"damage":0,"enemies":"Giant Head","floor":42,"turns":6},{"damage":5,"enemies":"2 Orb Walkers","floor":45,"turns":4},{"damage":0,"enemies":"4 Shapes","floor":46,"turns":3},{"damage":18,"enemies":"Time Eater","floor":50,"turns":10}],"seed_played":"4771204316510865190","potions_obtained":[{"floor":1,"key":"Explosive Potion"},{"floor":12,"key":"Strength Potion"},{"floor":14,"key":"Dexterity Potion"},{"floor":19,"key":"GhostInAJar"},{"floor":21,"key":"Energy Potion"},{"floor":25,"key":"Strength Potion"},{"floor":39,"key":"FearPotion"},{"floor":41,"key":"Fruit Juice"},{"floor":45,"key":"Explosive Potion"}],"is_trial":false,"path_per_floor":["M","$","M","M","?","R","?","E","T","E","R","M","$","M","R","B",null,"M","M","$","M","M","E","R","E","T","R","M","E","R","M","R","B",null,"M","$","?","$","M","R","M","E","T","R","E","M","$","?","R","B"],"character_chosen":"THE_SILENT","items_purchased":["Noxious Fumes","Oddly Smooth Stone","Cloak And Dagger","Kunai","Accuracy","Caltrops+1","Strength Potion","Regen Potion"],"campfire_rested":1,"item_purchase_floors":[13,20,20,36,38,47,47,47],"current_hp_per_floor":[82,82,82,82,82,82,87,54,54,32,32,30,30,30,30,16,89,87,87,87,82,82,76,76,73,73,73,70,70,70,69,69,58,89,89,89,89,89,75,75,75,80,80,80,75,75,75,75,94,88],"gold":70,"neow_bonus":"TWENTY_PERCENT_HP_BONUS","is_prod":false,"is_daily":false,"chose_seed":false,"campfire_upgraded":9,"win_rate":0,"timestamp":1532485858,"path_taken":["M","$","?","M","?","R","?","E","T","E","R","M","$","M","R","BOSS","M","M","$","?","M","E","R","E","T","R","M","E","R","M","R","BOSS","M","$","?","?","?","R","?","E","T","R","E","M","$","?","R","BOSS"],"build_version":"2018-07-23","purchased_purges":2,"victory":true,"max_hp_per_floor":[84,84,84,84,84,84,89,89,89,89,89,89,89,89,89,89,89,89,89,89,89,89,89,89,89,89,89,89,89,89,89,89,89,89,89,89,89,89,89,89,89,94,94,94,94,94,94,94,94,94],"card_choices":[{"not_picked":["Underhanded Strike","Choke"],"picked":"Cloak And Dagger","floor":1},{"not_picked":["Setup","Endless Agony"],"picked":"Underhanded Strike","floor":3},{"not_picked":["Skewer","Acrobatics"],"picked":"Flying Knee","floor":4},{"not_picked":["Deflect","Masterful Stab"],"picked":"Well Laid Plans","floor":8},{"not_picked":["Flying Knee","Dodge and Roll"],"picked":"PiercingWail","floor":10},{"not_picked":["Bane","Blade Dance"],"picked":"Dodge and Roll","floor":12},{"not_picked":["Distraction","Quick Slash"],"picked":"Cloak And Dagger","floor":14},{"not_picked":["Die Die Die","Glass Knife"],"picked":"After Image","floor":16},{"not_picked":["Flechettes+1","Prepared+1"],"picked":"Acrobatics","floor":18},{"not_picked":["Acrobatics","Slice"],"picked":"Sucker Punch","floor":19},{"not_picked":["Setup+1","Poisoned Stab"],"picked":"Slice+1","floor":21},{"not_picked":["Slice","Reflex","Quick Slash"],"picked":"SKIP","floor":22},{"not_picked":["All Out Attack+1","Poisoned Stab"],"picked":"Burst","floor":23},{"not_picked":["Deflect+1","Underhanded Strike"],"picked":"Distraction+1","floor":25},{"not_picked":["Outmaneuver","Acrobatics"],"picked":"Calculated Gamble+1","floor":28},{"not_picked":["Distraction","PiercingWail"],"picked":"Cloak And Dagger","floor":29},{"not_picked":["Underhanded Strike","Masterful Stab"],"picked":"Terror+1","floor":31},{"not_picked":["After Image","Phantasmal Killer"],"picked":"A Thousand Cuts","floor":33},{"not_picked":["Underhanded Strike","Dagger Spray"],"picked":"Noxious Fumes+1","floor":35},{"not_picked":["Bane+1","Quick Slash+1","Acrobatics"],"picked":"SKIP","floor":39},{"not_picked":["Bane","Quick Slash"],"picked":"Flechettes+1","floor":41},{"not_picked":["Unload","PiercingWail+1"],"picked":"Escape Plan+1","floor":42},{"not_picked":["Escape Plan+1","Concentrate"],"picked":"Poisoned Stab+1","floor":45},{"not_picked":["Reflex+1","Predator+1"],"picked":"Cloak And Dagger","floor":46}],"player_experience":639386,"relics_obtained":[{"floor":8,"key":"Orichalcum"},{"floor":9,"key":"Ornamental Fan"},{"floor":10,"key":"Bag of Marbles"},{"floor":23,"key":"Bronze Scales"},{"floor":25,"key":"Dead Branch"},{"floor":26,"key":"Turnip"},{"floor":29,"key":"Anchor"},{"floor":42,"key":"Frozen Egg 2"},{"floor":43,"key":"Gremlin Horn"},{"floor":45,"key":"Bottled Tornado"}],"event_choices":[{"event_name":"The Cleric","player_choice":"Card Removal","floor":5,"damage_taken":0},{"event_name":"Big Fish","player_choice":"Donut","floor":7,"damage_taken":0},{"event_name":"FaceTrader","player_choice":"Trade","floor":37,"damage_taken":0},{"event_name":"Falling","player_choice":"Removed Attack","floor":48,"damage_taken":0}],"is_beta":true,"boss_relics":[{"not_picked":["Orrery","Ectoplasm"],"picked":"Cursed Key"},{"not_picked":["Pandora\u0027s Box","Tiny House"],"picked":"Empty Cage"}],"items_purged_floors":[2,47],"is_endless":false,"potions_floor_spawned":[1,12,14,19,21,25,29,31,39,41,45],"ascension_level":1}