{"gold_per_floor":[112,72,72,37,55,89,104,104,131,167,167,167,208,223,223,342,342,365,365,58,58,74,114,114,138,184,184,204,244,369,6,6,132,132,150,206,219,219,242,281,295,295,295,420,420,439,439,503,503,503,503,503,16,50,50],"floor_reached":55,"playtime":3414,"items_purged":["Strike_G+1"],"score":823,"play_id":"6732fc4f-1749-4f07-ab75-11288f580dab","local_time":"20190102222555","is_ascension_mode":true,"campfire_choices":[{"floor":8,"key":"REST"},{"floor":12,"key":"REST"},{"floor":15,"key":"REST"},{"data":"Wraith Form v2","floor":24,"key":"SMITH"},{"data":"Leg Sweep","floor":27,"key":"SMITH"},{"floor":32,"key":"REST"},{"floor":42,"key":"REST"},{"data":"Envenom","floor":45,"key":"SMITH"},{"floor":49,"key":"RECALL"},{"data":"Caltrops","floor":52,"key":"SMITH"}],"neow_cost":"CURSE","seed_source_timestamp":178425553505217,"circlet_count":0,"master_deck":["Defend_G+1","Defend_G+1","Defend_G+1","Defend_G+1","Defend_G+1","Strike_G+1","Strike_G+1","Strike_G+1","Strike_G+1","Survivor","Neutralize","PiercingWail","Predator","Caltrops+1","Terror","Bouncing Flask","Poisoned Stab","Malaise","Leg Sweep+1","Dash","Wraith Form v2+1","Acrobatics","Skewer","Deadly Poison","Backflip","Deadly Poison+1","Expertise","Envenom+1","Dagger Spray","Cloak And Dagger","Bandage Up","Backflip","Die Die Die","Leg Sweep","Bouncing Flask+1","Well Laid Plans","Dagger Spray"],"relics":["Ring of the Snake","Golden Idol","Bronze Scales","Vajra","Ninja Scroll","Regal Pillow","Velvet Choker","Snake Skull","Enchiridion","Ornamental Fan","Omamori","Incense Burner","Ginger","Letter Opener","Busted Crown","Tough Bandages","Smiling Mask","Du-Vu Doll","SsserpentHead","Pen Nib","HandDrill","Bottled Tornado"],"potions_floor_usage":[6,10,23,30,30,36,50,55,55],"damage_taken":[{"damage":1,"enemies":"Small Slimes","floor":1,"turns":4},{"damage":6,"enemies":"Jaw Worm","floor":5,"turns":6},{"damage":35,"enemies":"3 Sentries","floor":6,"turns":11},{"damage":1,"enemies":"Cultist","floor":7,"turns":3},{"damage":26,"enemies":"Lagavulin","floor":10,"turns":4},{"damage":22,"enemies":"3 Sentries","floor":13,"turns":8},{"damage":0,"enemies":"Blue Slaver","floor":14,"turns":3},{"damage":57,"enemies":"Slime Boss","floor":16,"turns":13},{"damage":5,"enemies":"Shell Parasite","floor":18,"turns":5},{"damage":8,"enemies":"2 Thieves","floor":22,"turns":4},{"damage":1,"enemies":"Slavers","floor":23,"turns":6},{"damage":6,"enemies":"3 Cultists","floor":25,"turns":6},{"damage":0,"enemies":"Centurion and Healer","floor":28,"turns":7},{"damage":11,"enemies":"Gremlin Leader","floor":29,"turns":7},{"damage":0,"enemies":"Colosseum Slavers","floor":30,"turns":5},{"damage":11,"enemies":"Colosseum Nobs","floor":30,"turns":4},{"damage":14,"enemies":"Automaton","floor":33,"turns":9},{"damage":2,"enemies":"3 Darklings","floor":35,"turns":6},{"damage":16,"enemies":"2 Orb Walkers","floor":36,"turns":5},{"damage":0,"enemies":"3 Shapes","floor":37,"turns":3},{"damage":4,"enemies":"Jaw Worm Horde","floor":39,"turns":4},{"damage":22,"enemies":"Nemesis","floor":40,"turns":7},{"damage":13,"enemies":"4 Shapes","floor":41,"turns":5},{"damage":4,"enemies":"Mind Bloom Boss Battle","floor":44,"turns":6},{"damage":1,"enemies":"Transient","floor":46,"turns":5},{"damage":5,"enemies":"Spire Growth","floor":48,"turns":5},{"damage":28,"enemies":"Awakened One","floor":50,"turns":15},{"damage":66,"enemies":"Shield and Spear","floor":54,"turns":5},{"damage":29,"enemies":"The Heart","floor":55,"turns":5}],"seed_played":"-783652652998461424","potions_obtained":[{"floor":1,"key":"GamblersBrew"},{"floor":5,"key":"Dexterity Potion"},{"floor":6,"key":"FairyPotion"},{"floor":16,"key":"Poison Potion"},{"floor":22,"key":"Block Potion"},{"floor":23,"key":"Fire Potion"},{"floor":35,"key":"AttackPotion"},{"floor":41,"key":"EssenceOfSteel"},{"floor":44,"key":"Block Potion"}],"is_trial":false,"path_per_floor":["M","$","?","$","M","E","M","R","T","E","?","R","E","M","R","B",null,"M","?","$","?","M","E","R","M","T","R","M","E","?","$","R","B",null,"M","?","M","?","M","E","M","R","T","?","R","M","?","M","R","B",null,"R","$","E","B"],"character_chosen":"THE_SILENT","items_purchased":["Predator","Caltrops","Snake Skull","Skewer","Envenom","Dagger Spray","Cloak And Dagger","Bandage Up","Backflip","Well Laid Plans","Pen Nib","Dexterity Potion","PowerPotion","HandDrill"],"campfire_rested":5,"item_purchase_floors":[2,4,20,20,31,31,31,31,31,53,53,53,53,53],"current_hp_per_floor":[83,83,78,78,72,37,36,59,59,33,33,56,34,34,72,15,78,73,73,73,57,49,48,48,42,42,42,42,31,20,20,58,48,78,76,60,60,60,56,38,25,62,62,62,62,61,61,60,60,36,74,74,74,12,0],"gold":50,"neow_bonus":"TWENTY_PERCENT_HP_BONUS","is_prod":false,"is_daily":false,"chose_seed":false,"campfire_upgraded":4,"win_rate":0,"timestamp":1546485955,"path_taken":["M","$","?","$","M","E","M","R","T","E","?","R","E","M","R","BOSS","M","?","$","?","M","E","R","M","T","R","M","E","?","?","R","BOSS","M","?","M","?","M","E","M","R","T","?","R","M","?","?","R","BOSS","R","$","E","BOSS"],"build_version":"2019-01-01v2","purchased_purges":1,"victory":false,"max_hp_per_floor":[84,84,78,78,78,78,78,78,78,78,78,78,78,78,78,78,78,78,78,78,78,78,78,78,78,78,78,78,78,78,78,78,78,78,78,78,78,74,74,74,74,74,74,74,74,74,74,74,74,74,74,74,74,74,74],"card_choices":[{"not_picked":["Backflip","Catalyst"],"picked":"PiercingWail","floor":1},{"not_picked":["Noxious Fumes","Dodge and Roll"],"picked":"Terror","floor":5},{"not_picked":["Dodge and Roll","Dagger Throw"],"picked":"Bouncing Flask","floor":6},{"not_picked":["Flying Knee","Prepared"],"picked":"Poisoned Stab","floor":7},{"not_picked":["Quick Slash","Flying Knee"],"picked":"Malaise","floor":10},{"not_picked":["Catalyst","Crippling Poison"],"picked":"Leg Sweep","floor":13},{"not_picked":["Blur","Bane"],"picked":"Dash","floor":14},{"not_picked":["Malaise","Burst"],"picked":"Wraith Form v2","floor":16},{"not_picked":["Slice","Dagger Throw+1"],"picked":"Acrobatics","floor":18},{"not_picked":["Slice","Flying Knee"],"picked":"Deadly Poison","floor":22},{"not_picked":["Masterful Stab","Predator","Blade Dance"],"picked":"SKIP","floor":23},{"not_picked":["Flying Knee","Prepared","Calculated Gamble"],"picked":"SKIP","floor":25},{"not_picked":["Accuracy","Terror"],"picked":"Backflip","floor":28},{"not_picked":["Flechettes+1","Riddle With Holes"],"picked":"Deadly Poison+1","floor":29},{"not_picked":["Finisher","Sucker Punch"],"picked":"Expertise","floor":30},{"not_picked":["Storm of Steel","Unload"],"picked":"Die Die Die","floor":33},{"not_picked":[],"picked":"Leg Sweep","floor":35},{"not_picked":["Reflex+1"],"picked":"SKIP","floor":37},{"not_picked":["Underhanded Strike"],"picked":"SKIP","floor":39},{"not_picked":["Distraction+1"],"picked":"SKIP","floor":40},{"not_picked":["Dodge and Roll"],"picked":"SKIP","floor":41},{"not_picked":[],"picked":"Bouncing Flask+1","floor":44},{"not_picked":["Die Die Die"],"picked":"SKIP","floor":46},{"not_picked":["Prepared"],"picked":"SKIP","floor":48},{"not_picked":[],"picked":"Dagger Spray","floor":54}],"player_experience":1137412,"relics_obtained":[{"floor":6,"key":"Bronze Scales"},{"floor":9,"key":"Vajra"},{"floor":10,"key":"Ninja Scroll"},{"floor":13,"key":"Regal Pillow"},{"floor":21,"key":"Enchiridion"},{"floor":23,"key":"Ornamental Fan"},{"floor":26,"key":"Omamori"},{"floor":29,"key":"Incense Burner"},{"floor":30,"key":"Ginger"},{"floor":30,"key":"Letter Opener"},{"floor":36,"key":"Tough Bandages"},{"floor":40,"key":"Smiling Mask"},{"floor":44,"key":"Du-Vu Doll"},{"floor":54,"key":"Bottled Tornado"}],"event_choices":[{"damage_healed":0,"gold_gain":0,"player_choice":"Lose Max HP","damage_taken":0,"relics_obtained":["Golden Idol"],"max_hp_gain":0,"max_hp_loss":6,"event_name":"Golden Idol","floor":3,"gold_loss":0},{"cards_removed":["Writhe"],"damage_healed":0,"gold_gain":0,"player_choice":"Removed Curses","damage_taken":0,"max_hp_gain":0,"max_hp_loss":0,"event_name":"Fountain of Cleansing","floor":11,"gold_loss":0},{"damage_healed":0,"gold_gain":0,"player_choice":"Simplicity","damage_taken":0,"max_hp_gain":0,"max_hp_loss":0,"event_name":"Back to Basics","floor":19,"gold_loss":0,"cards_upgraded":["Defend_G","Defend_G","Defend_G","Defend_G","Defend_G","Strike_G","Strike_G","Strike_G","Strike_G","Strike_G"]},{"damage_healed":0,"gold_gain":0,"player_choice":"Obtained Book","damage_taken":16,"max_hp_gain":0,"max_hp_loss":0,"event_name":"Cursed Tome","floor":21,"gold_loss":0},{"damage_healed":0,"gold_gain":0,"player_choice":"Fight","damage_taken":0,"max_hp_gain":0,"max_hp_loss":0,"event_name":"Colosseum","floor":30,"gold_loss":0},{"damage_healed":0,"gold_gain":0,"player_choice":"Fought Nobs","damage_taken":0,"max_hp_gain":0,"max_hp_loss":0,"event_name":"Colosseum","floor":30,"gold_loss":0},{"damage_healed":0,"gold_gain":0,"player_choice":"Fight","damage_taken":0,"max_hp_gain":0,"max_hp_loss":0,"event_name":"Mysterious Sphere","floor":36,"gold_loss":0},{"damage_healed":0,"gold_gain":0,"player_choice":"Max HP","damage_taken":0,"max_hp_gain":0,"max_hp_loss":4,"event_name":"Winding Halls","floor":38,"gold_loss":0},{"damage_healed":0,"gold_gain":0,"player_choice":"Fight","damage_taken":0,"max_hp_gain":0,"max_hp_loss":0,"event_name":"MindBloom","floor":44,"gold_loss":0},{"damage_healed":0,"gold_gain":0,"player_choice":"Trade","damage_taken":0,"relics_obtained":["SsserpentHead"],"max_hp_gain":0,"max_hp_loss":0,"event_name":"FaceTrader","floor":47,"gold_loss":0}],"is_beta":true,"boss_relics":[{"not_picked":["Eternal Feather","Pandora\u0027s Box"],"picked":"Velvet Choker"},{"not_picked":["White Beast Statue","Runic Pyramid"],"picked":"Busted Crown"}],"items_purged_floors":[20],"is_endless":false,"potions_floor_spawned":[1,5,6,16,22,23,25,29,30,35,41,44,48],"killed_by":"The Heart","ascension_level":2}