{"path_per_floor":["M","$","M","M","M","R","?","$","T","R","M","M","R","E","R","B",null,"M","?","?","M","$","E","M","R","T"],"character_chosen":"IRONCLAD","items_purchased":["Charon\u0027s Ashes","Armaments","Iron Wave"],"gold_per_floor":[110,35,53,72,85,85,35,35,35,35,52,66,66,96,96,201,201,219,219,519,530,44,72,86,86,86],"floor_reached":27,"campfire_rested":1,"playtime":1564,"current_hp_per_floor":[80,80,76,77,73,73,73,73,73,73,60,45,45,52,76,16,80,74,74,74,78,78,59,59,59,59],"items_purged":["Strike_R","Writhe"],"gold":86,"score":233,"play_id":"06c11558-5fdb-456d-8867-a11f9806093e","local_time":"20180313192852","is_prod":false,"is_daily":false,"is_ascension_mode":false,"campfire_upgraded":4,"timestamp":1520983732,"path_taken":["M","?","M","?","?","R","?","?","T","R","?","?","R","E","R","BOSS","M","?","?","M","$","E","M","R","T","E"],"build_version":"2018-03-09","purchased_purges":2,"victory":false,"master_deck":["Strike_R","Strike_R","Strike_R","Defend_R","Defend_R","Defend_R","Defend_R","Bash","Body Slam+1","Thunderclap+1","Cleave","Armaments+1","Power Through","Shrug It Off","Juggernaut+1","Battle Trance","True Grit","Ghostly Armor","Second Wind","Havoc","Dark Embrace","Body Slam+1","Headbutt+1","Armaments","Iron Wave+1","Shrug It Off+1"],"max_hp_per_floor":[80,80,80,80,80,80,80,80,80,80,80,80,80,80,80,80,80,80,80,80,80,80,80,80,80,80],"relics":["Burning Blood","Mercury Hourglass","Molten Egg 2","Orrery","Old Coin","Charon\u0027s Ashes","Paper Frog","Darkstone Periapt"],"card_choices":[{"not_picked":["Heavy Blade","Sword Boomerang"],"picked":"Body Slam"},{"not_picked":["Headbutt","Twin Strike"],"picked":"Thunderclap"},{"not_picked":["Exhume","True Grit"],"picked":"Cleave"},{"not_picked":["Hemokinesis","Flame Barrier"],"picked":"Armaments"},{"not_picked":["Disarm","Battle Trance"],"picked":"Power Through"},{"not_picked":["Clash","Sever Soul"],"picked":"Shrug It Off"},{"not_picked":["Feed","Reaper"],"picked":"Juggernaut"},{"not_picked":["Thunderclap","Sword Boomerang"],"picked":"Battle Trance"},{"not_picked":["Warcry","Headbutt"],"picked":"True Grit"},{"not_picked":["Armaments","Pommel Strike"],"picked":"Ghostly Armor"},{"not_picked":["Flex","Whirlwind"],"picked":"Second Wind"},{"not_picked":["Shockwave","Pommel Strike"],"picked":"Havoc"},{"not_picked":["Pommel Strike","Clothesline"],"picked":"Dark Embrace"},{"not_picked":["Searing Blow","Cleave"],"picked":"Headbutt"},{"not_picked":["Wild Strike","Fire Breathing"],"picked":"Shrug It Off"}],"player_experience":553419,"potions_floor_usage":[14,16,21,27],"damage_taken":[{"damage":5,"enemies":"Cultist","floor":1,"turns":4},{"damage":10,"enemies":"2 Louse","floor":3,"turns":3},{"damage":5,"enemies":"Jaw Worm","floor":4,"turns":4},{"damage":10,"enemies":"Looter","floor":5,"turns":4},{"damage":19,"enemies":"Exordium Wildlife","floor":11,"turns":4},{"damage":21,"enemies":"Exordium Thugs","floor":12,"turns":3},{"damage":8,"enemies":"Gremlin Nob","floor":14,"turns":4},{"damage":66,"enemies":"Hexaghost","floor":16,"turns":16},{"damage":12,"enemies":"Shell Parasite","floor":18,"turns":11},{"damage":2,"enemies":"Chosen","floor":21,"turns":6},{"damage":25,"enemies":"Book of Stabbing","floor":23,"turns":7},{"damage":6,"enemies":"Snake Plant","floor":24,"turns":4},{"damage":60,"enemies":"Gremlin Leader","floor":27,"turns":5}],"event_choices":[{"event_name":"The Cleric","player_choice":"Card Removal","floor":7,"damage_taken":0},{"event_name":"Duplicator","player_choice":"One dupe","floor":19,"damage_taken":0},{"event_name":"The Mausoleum","player_choice":"Yes","floor":20,"damage_taken":0}],"boss_relics":[{"not_picked":["Astrolabe","Black Star"],"picked":"Orrery"}],"potions_floor_spawned":[3,11,12,14,16,18],"seed_played":"-867806494490394462","killed_by":"Gremlin Leader","ascension_level":0,"is_trial":false}