{"path_per_floor":["M","M","$","?","M","R","E","R","T","?","M","E","?","M","R","B",null,"M","?","M","M","M"],"character_chosen":"THE_SILENT","items_purchased":["Paper Crane","Noxious Fumes","Cloak And Dagger","Malaise"],"gold_per_floor":[411,423,1,1,24,24,97,97,145,145,160,201,201,220,220,350,350,363,288,258,273,292,292],"floor_reached":23,"campfire_rested":2,"playtime":1045,"item_purchase_floors":[3,3,3,3],"current_hp_per_floor":[60,53,53,53,53,53,12,30,37,37,36,4,4,4,25,15,56,25,25,20,13,4,0],"items_purged":[],"gold":292,"score":294,"play_id":"e22f1c33-407f-4c82-814c-88a90e1b7cbe","local_time":"20180519223909","is_prod":false,"is_daily":false,"chose_seed":false,"is_ascension_mode":true,"campfire_upgraded":1,"timestamp":1526783949,"campfire_choices":[{"data":"Backstab","floor":6,"key":"SMITH"},{"floor":8,"key":"REST"},{"floor":15,"key":"REST"}],"path_taken":["M","M","$","?","M","R","E","R","T","?","?","E","?","M","R","BOSS","M","?","M","?","M","E"],"build_version":"2018-05-18","seed_source_timestamp":212368425568024,"purchased_purges":0,"victory":false,"master_deck":["Defend_G","Defend_G","Defend_G","Defend_G","Defend_G","Strike_G","Strike_G","Strike_G","Strike_G","Strike_G","Survivor","Neutralize","Backflip","Bullet Time","Noxious Fumes","Cloak And Dagger","Malaise","Backstab+1","Noxious Fumes","Bane","Dash","Cloak And Dagger","Night Terror","Escape Plan","Underhanded Strike+1","Leg Sweep","Well Laid Plans"],"max_hp_per_floor":[63,63,63,63,63,63,63,63,70,70,70,70,70,70,70,70,70,70,70,70,70,70,70],"relics":["Ring of the Snake","Old Coin","Paper Crane","Golden Idol","Tiny Chest","Strawberry","Shuriken","Snecko Eye"],"card_choices":[{"not_picked":["Poisoned Stab","Flying Knee"],"picked":"Backflip","floor":1},{"not_picked":["Deflect","Heel Hook"],"picked":"Bullet Time","floor":2},{"not_picked":["Deflect","Expertise"],"picked":"Backstab","floor":5},{"not_picked":["Quick Slash","Dodge and Roll"],"picked":"Noxious Fumes","floor":7},{"not_picked":["Endless Agony","Outmaneuver"],"picked":"Bane","floor":11},{"not_picked":["Sucker Punch","Dagger Throw"],"picked":"Dash","floor":12},{"not_picked":["Dagger Throw","Deflect"],"picked":"Cloak And Dagger","floor":14},{"not_picked":["Corpse Explosion","Storm of Steel"],"picked":"Night Terror","floor":16},{"not_picked":["Masterful Stab","Bane"],"picked":"Escape Plan","floor":18},{"not_picked":["Endless Agony","Deflect"],"picked":"Underhanded Strike+1","floor":20},{"not_picked":["Deflect","Slice"],"picked":"Leg Sweep","floor":21},{"not_picked":["Deflect","Dagger Throw"],"picked":"Well Laid Plans","floor":22}],"player_experience":363235,"potions_floor_usage":[11,12,22,23],"damage_taken":[{"damage":3,"enemies":"Small Slimes","floor":1,"turns":6},{"damage":7,"enemies":"Jaw Worm","floor":2,"turns":6},{"damage":0,"enemies":"2 Louse","floor":5,"turns":4},{"damage":41,"enemies":"Lagavulin","floor":7,"turns":10},{"damage":1,"enemies":"Exordium Wildlife","floor":11,"turns":4},{"damage":32,"enemies":"Gremlin Nob","floor":12,"turns":4},{"damage":0,"enemies":"Looter","floor":14,"turns":4},{"damage":10,"enemies":"Hexaghost","floor":16,"turns":12},{"damage":31,"enemies":"Spheric Guardian","floor":18,"turns":6},{"damage":5,"enemies":"2 Thieves","floor":20,"turns":5},{"damage":7,"enemies":"Centurion and Healer","floor":21,"turns":6},{"damage":9,"enemies":"Snake Plant","floor":22,"turns":5},{"damage":5,"enemies":"Slavers","floor":23,"turns":1}],"relics_obtained":[{"floor":7,"key":"Tiny Chest"},{"floor":9,"key":"Strawberry"},{"floor":12,"key":"Shuriken"}],"event_choices":[{"event_name":"Golden Idol","player_choice":"Take Wound","floor":4,"damage_taken":0},{"event_name":"Shining Light","player_choice":"Ignored","floor":10,"damage_taken":0},{"event_name":"Scrap Ooze","player_choice":"unsuccessful","floor":13,"damage_taken":0},{"event_name":"Beggar","player_choice":"Gave Gold","floor":19,"damage_taken":0}],"boss_relics":[{"not_picked":["Pandora\u0027s Box","Lizard Tail"],"picked":"Snecko Eye"}],"items_purged_floors":[],"potions_floor_spawned":[5,11,18,22],"seed_played":"-1730287808298488349","killed_by":"Slavers","ascension_level":9,"potions_obtained":[{"floor":5,"key":"Explosive Potion"},{"floor":11,"key":"SteroidPotion"},{"floor":18,"key":"Block Potion"},{"floor":22,"key":"LiquidBronze"}],"is_trial":false}