{"path_per_floor":["M","M","M","M","M","E","R","?","T","?","E","?","M","M","R","B",null,"M","$","M","?","?","E","?","R","T","$","?","?","M","M","R"],"character_chosen":"THE_SILENT","items_purchased":["Calipers","Blood Vial"],"gold_per_floor":[117,134,145,157,169,194,194,269,269,295,326,356,367,384,384,480,480,498,51,66,66,66,95,0,0,0,0,0,0,12,28,28,28],"floor_reached":33,"campfire_rested":2,"playtime":2286,"current_hp_per_floor":[66,66,66,66,65,61,61,50,50,48,47,47,41,40,61,59,70,64,64,52,52,35,17,17,27,27,27,23,23,24,35,35,0],"items_purged":[],"gold":28,"score":304,"play_id":"cf3ad9ed-7eef-4baa-9649-3461826468bf","local_time":"20180331102743","is_prod":false,"is_daily":false,"is_ascension_mode":false,"campfire_upgraded":1,"timestamp":1522506463,"path_taken":["M","M","?","M","M","E","R","?","T","?","E","?","M","M","R","BOSS","M","$","M","?","?","E","?","R","T","$","?","?","M","M","R","BOSS"],"build_version":"2018-03-29","purchased_purges":0,"victory":false,"master_deck":["Defend_G","Defend_G","Defend_G","Defend_G","Defend_G","Survivor","Neutralize","Backflip","Skewer","Distraction","Bullet Time+1","Terror","Wraith Form","Dodge and Roll","Flying Knee","A Thousand Cuts","Calculated Gamble+1","Leg Sweep","Bite","Bite","Bite","Bite","Bite","Ghostly","Ghostly","Ghostly","Ghostly","Ghostly","Well Laid Plans","Glass Knife"],"max_hp_per_floor":[70,70,70,70,70,70,70,70,70,70,70,70,70,70,70,70,70,70,70,70,70,35,35,35,35,35,35,40,40,40,40,40,40],"relics":["Snecko Eye","Torii","Girya","Odd Mushroom","Juzu Bracelet","Bag of Marbles","Lizard Tail","Calipers","Peace Pipe","Nloth\u0027s Gift"],"card_choices":[{"not_picked":["Finisher","Deadly Poison"],"picked":"Backflip","floor":1},{"not_picked":["Underhanded Strike","Reflex"],"picked":"Skewer","floor":2},{"not_picked":["Underhanded Strike","Bane"],"picked":"Distraction","floor":3},{"not_picked":["Deflect","Acrobatics"],"picked":"Bullet Time","floor":4},{"not_picked":["Sucker Punch","Deflect"],"picked":"Terror","floor":5},{"not_picked":["Outmaneuver","All Out Attack"],"picked":"Wraith Form","floor":6},{"not_picked":["Blade Dance","Acrobatics"],"picked":"Dodge and Roll","floor":10},{"not_picked":["Underhanded Strike","Heel Hook"],"picked":"Flying Knee","floor":11},{"not_picked":["Tactician","Night Terror"],"picked":"A Thousand Cuts","floor":16},{"not_picked":["Terror","Blur"],"picked":"Calculated Gamble","floor":18},{"not_picked":["Finisher","Underhanded Strike"],"picked":"Leg Sweep","floor":20},{"not_picked":["Wraith Form","Blur"],"picked":"Well Laid Plans","floor":23},{"not_picked":["Poisoned Stab","Unload"],"picked":"Glass Knife","floor":30}],"player_experience":22933,"potions_floor_usage":[16,16,30],"damage_taken":[{"damage":4,"enemies":"Cultist","floor":1,"turns":4},{"damage":0,"enemies":"2 Louse","floor":2,"turns":3},{"damage":0,"enemies":"Small Slimes","floor":3,"turns":3},{"damage":0,"enemies":"2 Fungi Beasts","floor":4,"turns":3},{"damage":1,"enemies":"Lots of Slimes","floor":5,"turns":4},{"damage":4,"enemies":"3 Sentries","floor":6,"turns":10},{"damage":2,"enemies":"The Mushroom Lair","floor":10,"turns":4},{"damage":1,"enemies":"Lagavulin","floor":11,"turns":5},{"damage":6,"enemies":"3 Louse","floor":13,"turns":3},{"damage":1,"enemies":"Looter","floor":14,"turns":2},{"damage":2,"enemies":"The Guardian","floor":16,"turns":9},{"damage":6,"enemies":"2 Thieves","floor":18,"turns":4},{"damage":14,"enemies":"Shell Parasite","floor":20,"turns":5},{"damage":55,"enemies":"Gremlin Leader","floor":23,"turns":7},{"damage":21,"enemies":"Centurion and Healer","floor":30,"turns":9},{"damage":1,"enemies":"Cultist and Chosen","floor":31,"turns":9},{"damage":40,"enemies":"Automaton","floor":33,"turns":6}],"event_choices":[{"event_name":"World of Goop","player_choice":"Gather Gold","floor":8,"damage_taken":0},{"event_name":"Mushrooms","player_choice":"Fought Mushrooms","floor":10,"damage_taken":0},{"event_name":"Dead Adventurer","player_choice":"Searched \u00273\u0027 times","floor":12,"damage_taken":0},{"event_name":"Vampires","player_choice":"Became a vampire (Vial)","floor":21,"damage_taken":0},{"event_name":"Ghosts","player_choice":"Became a Ghost","floor":22,"damage_taken":0},{"event_name":"Masked Bandits","player_choice":"Paid Bandits 95 gold","floor":24,"damage_taken":0},{"event_name":"Forgotten Altar","player_choice":"Shed Blood","floor":28,"damage_taken":0},{"event_name":"N\u0027loth","player_choice":"Traded a Du-Vu Doll","floor":29,"damage_taken":0}],"boss_relics":[{"not_picked":["The Specimen","White Beast Statue"],"picked":"Lizard Tail"}],"potions_floor_spawned":[3,6,11,13,14,16,23],"seed_played":"-7129007556191131410","killed_by":"Automaton","ascension_level":0,"is_trial":false}