{"path_per_floor":["M","M","$","M","M","R","?","R","T","M","R","E","?","$","R","B",null,"M","M","M","?","M","R","$","M","T","?","E","M","?","M","R","B",null,"M","$","?","M","?","R","?","M","T","?","?","M","M","?","R","B"],"character_chosen":"THE_SILENT","items_purchased":["Panache","Flash of Steel","PiercingWail","Orichalcum","Burst","Bag of Marbles","Happy Flower","Accuracy","Bandage Up"],"gold_per_floor":[362,378,38,54,72,72,72,72,95,114,114,146,246,103,103,206,206,223,236,256,256,271,271,49,59,141,141,174,189,189,209,209,306,306,321,43,43,54,103,103,103,122,146,146,0,16,34,34,34,34],"floor_reached":51,"campfire_rested":3,"playtime":3087,"current_hp_per_floor":[63,63,63,63,63,63,56,56,56,56,56,31,31,31,49,23,63,63,63,53,53,50,50,50,50,50,50,43,43,43,38,56,29,63,63,63,53,57,59,63,63,25,25,25,25,26,29,21,56,11],"items_purged":[],"gold":34,"score":818,"play_id":"8c1bc6f7-0d08-48e8-8a60-084155c05823","local_time":"20180407160005","is_prod":false,"is_daily":false,"is_ascension_mode":true,"campfire_upgraded":5,"timestamp":1523131205,"path_taken":["M","M","$","M","M","R","?","R","T","?","R","E","?","$","R","BOSS","M","M","?","?","M","R","$","M","T","?","E","M","?","M","R","BOSS","M","$","?","M","?","R","?","?","T","?","?","M","M","?","R","BOSS"],"build_version":"2018-04-05","purchased_purges":1,"victory":true,"master_deck":["Defend_G+1","Defend_G+1","Defend_G+1","Defend_G+1","Strike_G+1","Strike_G+1","Survivor","Neutralize+1","Dagger Spray+1","Malaise+1","Panache+1","Flash of Steel","PiercingWail","Deflect","Flechettes+1","PiercingWail","Deflect","Tools of the Trade","Infinite Blades+1","Skewer+1","Backflip+1","Backstab+1","Slice","Burst","Adrenaline","Footwork+1","Dash","Blade Dance+1","Night Terror","Backflip","Accuracy","Bandage Up","Blind","Swift Strike","Dramatic Entrance","A Thousand Cuts","Footwork+1","Dodge and Roll","Madness","Madness"],"max_hp_per_floor":[63,63,63,63,63,63,63,63,63,63,63,63,63,63,63,63,63,63,63,63,63,63,63,63,63,63,63,63,63,63,63,63,63,63,63,63,63,63,63,63,63,63,63,63,63,65,65,65,65,65],"relics":["Ring of the Snake","Bag of Preparation","Whetstone","Orichalcum","Astrolabe","Bag of Marbles","Kunai","Shuriken","Eternal Feather","Happy Flower","Ginger","Singing Bowl","Red Mask"],"card_choices":[{"not_picked":["Cloak And Dagger","Accuracy"],"picked":"Dagger Spray","floor":1},{"not_picked":["Dagger Spray","Underhanded Strike"],"picked":"Malaise","floor":2},{"not_picked":["Flying Knee","Reflex"],"picked":"Deflect","floor":4},{"not_picked":["Choke","Bane"],"picked":"Flechettes","floor":5},{"not_picked":["Sucker Punch","Prepared"],"picked":"PiercingWail","floor":10},{"not_picked":["All Out Attack","Crippling Poison"],"picked":"Deflect","floor":12},{"not_picked":["Doppelganger","Corpse Explosion"],"picked":"Tools of the Trade","floor":16},{"not_picked":["Dagger Spray","All Out Attack"],"picked":"Backflip","floor":18},{"not_picked":["Reflex","Sucker Punch"],"picked":"Backstab","floor":19},{"not_picked":["Dagger Throw","Dagger Spray"],"picked":"Slice","floor":20},{"not_picked":["Catalyst","Deadly Poison"],"picked":"Adrenaline","floor":25},{"not_picked":["Terror","PiercingWail"],"picked":"Blade Dance","floor":31},{"not_picked":["Doppelganger","Tactician"],"picked":"Night Terror","floor":33},{"not_picked":["Outmaneuver","Endless Agony"],"picked":"Backflip","floor":35},{"not_picked":["Dramatic Entrance","Secret Weapon"],"picked":"Blind","floor":37},{"not_picked":["Trip","Jack Of All Trades"],"picked":"Swift Strike","floor":37},{"not_picked":["Purity","Enlightenment"],"picked":"Dramatic Entrance","floor":37},{"not_picked":["Bane","PiercingWail"],"picked":"A Thousand Cuts","floor":42},{"not_picked":["Outmaneuver","Choke"],"picked":"Dodge and Roll","floor":47}],"player_experience":117033,"potions_floor_usage":[16,19,20,20,39,47,50,50,50],"damage_taken":[{"damage":0,"enemies":"2 Louse","floor":1,"turns":4},{"damage":0,"enemies":"Small Slimes","floor":2,"turns":2},{"damage":0,"enemies":"Cultist","floor":4,"turns":4},{"damage":0,"enemies":"Red Slaver","floor":5,"turns":3},{"damage":0,"enemies":"Looter","floor":10,"turns":3},{"damage":25,"enemies":"Lagavulin","floor":12,"turns":9},{"damage":26,"enemies":"The Guardian","floor":16,"turns":16},{"damage":0,"enemies":"Shell Parasite","floor":18,"turns":5},{"damage":0,"enemies":"Chosen","floor":19,"turns":4},{"damage":10,"enemies":"Snecko","floor":20,"turns":5},{"damage":3,"enemies":"Snake Plant","floor":22,"turns":5},{"damage":0,"enemies":"Centurion and Healer","floor":25,"turns":6},{"damage":7,"enemies":"Slavers","floor":28,"turns":6},{"damage":0,"enemies":"3 Cultists","floor":29,"turns":3},{"damage":5,"enemies":"Snake Plant","floor":31,"turns":4},{"damage":27,"enemies":"Champ","floor":33,"turns":9},{"damage":0,"enemies":"Orb Walker","floor":35,"turns":2},{"damage":0,"enemies":"3 Shapes","floor":38,"turns":2},{"damage":2,"enemies":"Mysterious Sphere","floor":39,"turns":5},{"damage":42,"enemies":"Sphere and 2 Shapes","floor":42,"turns":6},{"damage":5,"enemies":"Flame Bruiser 2 Orb","floor":46,"turns":4},{"damage":1,"enemies":"Spire Growth","floor":47,"turns":4},{"damage":49,"enemies":"Time Eater","floor":50,"turns":12}],"event_choices":[{"event_name":"Golden Wing","player_choice":"Card Removal","floor":7,"damage_taken":0},{"event_name":"Golden Shrine","player_choice":"Pray","floor":13,"damage_taken":0},{"event_name":"Back to Basics","player_choice":"Simplicity","floor":21,"damage_taken":0},{"event_name":"The Library","player_choice":"Read","floor":27,"damage_taken":0},{"event_name":"Transmorgrifier","player_choice":"Transform","floor":30,"damage_taken":0},{"event_name":"SensoryStone","player_choice":"Memory 3","floor":37,"damage_taken":0},{"event_name":"Mysterious Sphere","player_choice":"Fight","floor":39,"damage_taken":0},{"event_name":"The Woman in Blue","player_choice":"Bought 0 Potions","floor":41,"damage_taken":0},{"event_name":"Duplicator","player_choice":"One dupe","floor":44,"damage_taken":0},{"event_name":"Tomb of Lord Red Mask","player_choice":"Paid","floor":45,"damage_taken":0},{"event_name":"Winding Halls","player_choice":"Embrace Madness","floor":48,"damage_taken":0}],"boss_relics":[{"not_picked":["Orrery","Calling Bell"],"picked":"Astrolabe"},{"not_picked":["Black Star","Lizard Tail"],"picked":"Eternal Feather"}],"potions_floor_spawned":[2,5,10,18,22,29,33,35,39,47],"seed_played":"-4357525596730001942","ascension_level":4,"is_trial":false}