{"path_per_floor":["M","?","?","M","M","E","R","$","T","M","M","E","$","M","R"],"character_chosen":"THE_SILENT","items_purchased":["Flying Knee"],"gold_per_floor":[110,110,110,129,139,173,173,52,52,65,84,114,14,29,29],"floor_reached":16,"campfire_rested":1,"playtime":842,"current_hp_per_floor":[70,70,70,70,70,58,58,58,58,58,49,44,44,44,65],"items_purged":["Strike_G","Strike_G"],"gold":29,"score":123,"play_id":"ccd3b369-6126-48e4-8396-5a856873878a","local_time":"20180302160508","is_prod":false,"is_daily":false,"is_ascension_mode":true,"campfire_upgraded":1,"timestamp":1520024708,"path_taken":["M","?","?","?","?","E","R","$","T","M","M","E","?","M","R","BOSS"],"build_version":"2018-03-01-PROD1","purchased_purges":2,"victory":false,"master_deck":["Defend_G","Defend_G","Defend_G","Defend_G","Strike_G","Strike_G","Survivor","Neutralize","Dagger Throw","Backflip","Footwork+1","Bouncing Flask","Sucker Punch","Flying Knee","Catalyst","PiercingWail","Adrenaline","Backflip"],"max_hp_per_floor":[70,70,70,70,70,70,70,70,70,70,70,70,70,70,70],"relics":["Ring of the Snake","NeowsBlessing","Dodecahedron","Thread and Needle","Bag of Marbles"],"card_choices":[{"not_picked":["Slice","Bullet Time"],"picked":"Dagger Throw"},{"not_picked":["Blade Dance","Dash"],"picked":"Footwork"},{"not_picked":["Acrobatics","Bane"],"picked":"Bouncing Flask"},{"not_picked":["Phantasmal Killer","Infinite Blades"],"picked":"Sucker Punch"},{"not_picked":["Well Laid Plans","Malaise"],"picked":"Catalyst"},{"not_picked":["Dodge and Roll","Quick Slash"],"picked":"PiercingWail"},{"not_picked":["Deadly Poison","Outmaneuver"],"picked":"Adrenaline"},{"not_picked":["Bouncing Flask","Prepared"],"picked":"Backflip"}],"player_experience":330386,"potions_floor_usage":[6,12,12,16],"damage_taken":[{"damage":0,"enemies":"Small Slimes","floor":1,"turns":1},{"damage":0,"enemies":"Cultist","floor":4,"turns":1},{"damage":0,"enemies":"2 Louse","floor":5,"turns":1},{"damage":12,"enemies":"Lagavulin","floor":6,"turns":7},{"damage":0,"enemies":"2 Fungi Beasts","floor":10,"turns":4},{"damage":9,"enemies":"Exordium Wildlife","floor":11,"turns":5},{"damage":5,"enemies":"Gremlin Nob","floor":12,"turns":3},{"damage":0,"enemies":"Gremlin Gang","floor":14,"turns":5},{"damage":67,"enemies":"Slime Boss","floor":16,"turns":16}],"event_choices":[{"event_name":"Bonfire Elementals","player_choice":"BASIC","floor":2,"damage_taken":0},{"event_name":"Living Wall","player_choice":"Change","floor":3,"damage_taken":0}],"boss_relics":[],"potions_floor_spawned":[5,10,11,12],"seed_played":"3431979534790675866","killed_by":"Slime Boss","ascension_level":2,"is_trial":false}