{"path_per_floor":["M","?","M","M","?","E","M","R","T","E","?","E","M","?","R","B",null,"M","$","M","?","?","R"],"character_chosen":"THE_SILENT","items_purchased":["Acrobatics","Caltrops"],"gold_per_floor":[109,109,128,143,143,169,181,181,231,266,266,295,309,309,309,413,413,424,253,193,193,93,93],"floor_reached":24,"campfire_rested":1,"playtime":2556,"current_hp_per_floor":[68,61,61,61,66,42,40,75,75,41,59,33,28,75,75,57,75,65,65,53,53,53,53],"items_purged":["Regret"],"gold":93,"score":223,"play_id":"7152a698-2295-484c-b181-659e2d8e77a2","is_prod":false,"is_daily":false,"is_ascension_mode":true,"campfire_upgraded":2,"path_taken":["M","?","M","M","?","E","?","R","T","E","?","E","?","?","R","BOSS","M","$","M","?","?","R","E"],"build_version":"2018-02-22-PROD2","purchased_purges":1,"victory":false,"master_deck":["Defend_G","Defend_G","Defend_G","Defend_G","Strike_G","Strike_G","Strike_G","Strike_G","Survivor","Neutralize+1","Backflip","PiercingWail","Tools of the Trade","Bouncing Flask+1","Catalyst","Cloak And Dagger","Parasite","Leg Sweep","Corpse Explosion","Parasite","Injury","Outmaneuver","Acrobatics","Caltrops","Bane","J.A.X."],"max_hp_per_floor":[70,70,70,70,75,75,75,75,75,75,75,75,75,75,75,75,75,75,75,75,75,75,75],"relics":["Ring of the Snake","Regal Pillow","Oddly Smooth Stone","Du-Vu Doll","Blood Vial","Calling Bell","Bag of Marbles","Omamori","Snake Skull"],"card_choices":[{"not_picked":["Reflex","Outmaneuver"],"picked":"Backflip"},{"not_picked":["Backstab","Deflect"],"picked":"PiercingWail"},{"not_picked":["Malaise","Deflect"],"picked":"Tools of the Trade"},{"not_picked":["Catalyst","Cloak And Dagger"],"picked":"Bouncing Flask"},{"not_picked":["Quick Slash","Leg Sweep"],"picked":"Catalyst"},{"not_picked":["Choke","Acrobatics"],"picked":"Cloak And Dagger"},{"not_picked":["Acrobatics","Sucker Punch"],"picked":"Leg Sweep"},{"not_picked":["Outmaneuver","Dodge and Roll"],"picked":"Bouncing Flask"},{"not_picked":["Glass Knife","Storm of Steel"],"picked":"Corpse Explosion"},{"not_picked":["Dagger Spray","Crippling Poison"],"picked":"Outmaneuver"},{"not_picked":["Catalyst","Deadly Poison"],"picked":"Bane"}],"player_experience":271432,"potions_floor_usage":[6,12,16,18],"damage_taken":[{"damage":2,"enemies":"Small Slimes","floor":1,"turns":5},{"damage":0,"enemies":"Cultist","floor":3,"turns":4},{"damage":0,"enemies":"Jaw Worm","floor":4,"turns":6},{"damage":24,"enemies":"Gremlin Nob","floor":6,"turns":6},{"damage":2,"enemies":"Blue Slaver","floor":7,"turns":4},{"damage":34,"enemies":"3 Sentries","floor":10,"turns":10},{"damage":26,"enemies":"Gremlin Nob","floor":12,"turns":5},{"damage":7,"enemies":"Lots of Slimes","floor":13,"turns":7},{"damage":18,"enemies":"The Guardian","floor":16,"turns":13},{"damage":10,"enemies":"Spheric Guardian","floor":18,"turns":4},{"damage":14,"enemies":"2 Thieves","floor":20,"turns":4},{"damage":57,"enemies":"Slavers","floor":24,"turns":5}],"event_choices":[{"event_name":"Golden Wing","player_choice":"Card Removal","floor":2,"damage_taken":0},{"event_name":"Big Fish","player_choice":"Donut","floor":5,"damage_taken":0},{"event_name":"Mushrooms","player_choice":"Healed and dodged fight","floor":11,"damage_taken":0},{"event_name":"Bonfire Elementals","player_choice":"UNCOMMON","floor":14,"damage_taken":0},{"event_name":"Forgotten Altar","player_choice":"Smashed Altar","floor":21,"damage_taken":0},{"event_name":"Drug Dealer","player_choice":"Got JAXXED","floor":22,"damage_taken":0}],"boss_relics":[{"not_picked":["Velvet Choker","Sozu"],"picked":"Calling Bell"}],"potions_floor_spawned":[3,7,10,12],"seed_played":"793570893308596386","killed_by":"Slavers","ascension_level":1,"is_trial":false}