{"path_per_floor":["M","M","M","?","M","R","?","R","T","?","M","M","M","?","R","B",null,"M","M","?","?","M","R","M","R","T","E","M","$","R","$","R","B",null,"M","?","$","?","?","R","E","?","T","?"],"character_chosen":"IRONCLAD","items_purchased":["Feel No Pain","Power Through","Burning Pact","Armaments"],"gold_per_floor":[18,31,43,43,57,57,57,57,57,7,24,36,56,56,56,156,156,172,190,190,190,200,200,210,210,235,264,281,18,18,18,18,119,149,164,164,142,142,142,142,175,0,0,53,53],"floor_reached":45,"campfire_rested":3,"playtime":2787,"current_hp_per_floor":[73,72,78,75,80,80,73,73,73,73,65,60,63,63,63,17,98,85,59,59,92,67,97,65,95,95,61,60,60,100,100,100,31,105,63,57,57,91,91,91,89,89,89,93,0],"items_purged":["Pain"],"gold":53,"score":597,"play_id":"084142b4-eab3-468d-a0c3-82f1d6bbd980","local_time":"20180407003315","is_prod":false,"is_daily":false,"is_ascension_mode":true,"campfire_upgraded":4,"timestamp":1523075595,"path_taken":["M","M","M","?","M","R","?","R","T","?","M","M","M","?","R","BOSS","M","M","?","?","M","R","M","R","T","E","M","$","R","$","R","BOSS","M","?","$","?","?","R","E","?","T","?","E"],"build_version":"2018-04-05","purchased_purges":1,"victory":false,"master_deck":["Strike_R","Strike_R+1","Strike_R","Defend_R","Defend_R","Defend_R","Defend_R","Bash+1","Headbutt+1","Havoc+1","Bloodletting","Warcry","Headbutt","Hemokinesis+1","Barricade","Clumsy","Shrug It Off+1","Corruption+1","Warcry","Dropkick","Body Slam","Feel No Pain+1","Power Through","Burning Pact","Impervious","Whirlwind","Panache","Armaments","Writhe","Power Through"],"max_hp_per_floor":[80,80,80,80,80,80,80,80,80,80,80,80,80,80,80,80,98,98,100,100,100,100,100,100,100,100,100,100,100,100,100,100,100,105,107,111,111,117,117,117,129,129,129,143,143],"relics":["Burning Blood","Dead Branch","Darkstone Periapt","Peace Pipe","Calling Bell","Blue Candle","Meat on the Bone","Singing Bowl","Regal Pillow","Ice Cream","Tiny House","Strawberry","Red Mask","Dream Catcher","Mango"],"card_choices":[{"not_picked":["Metallicize","Thunderclap"],"picked":"Headbutt","floor":1},{"not_picked":["Intimidate","Pommel Strike"],"picked":"Havoc","floor":2},{"not_picked":["Headbutt","Combust"],"picked":"Bloodletting","floor":3},{"not_picked":["Cleave","Blood for Blood"],"picked":"Metallicize","floor":5},{"not_picked":["Exhume","Armaments"],"picked":"Warcry","floor":11},{"not_picked":["Blood for Blood","Heavy Blade"],"picked":"Headbutt","floor":12},{"not_picked":["Body Slam","Iron Wave"],"picked":"Hemokinesis","floor":13},{"not_picked":["Berserk","Feed"],"picked":"Barricade","floor":16},{"not_picked":["Clothesline","Iron Wave"],"picked":"Shrug It Off","floor":18},{"not_picked":["Shockwave","Entrench"],"picked":"Corruption","floor":22},{"not_picked":["Bloodletting","Heavy Blade"],"picked":"Warcry","floor":24},{"not_picked":["Twin Strike","Whirlwind"],"picked":"Dropkick","floor":27},{"not_picked":["Sentinel","Iron Wave"],"picked":"Body Slam","floor":28},{"not_picked":["Barricade","Berserk"],"picked":"Impervious","floor":33},{"not_picked":["Warcry","Rampage"],"picked":"Whirlwind","floor":34},{"not_picked":["Deep Breath","Bandage Up"],"picked":"Panache","floor":36},{"not_picked":["Twin Strike","Intimidate"],"picked":"Power Through","floor":44}],"player_experience":100054,"potions_floor_usage":[5,18,18,19,27,35,41,44,45],"damage_taken":[{"damage":13,"enemies":"Small Slimes","floor":1,"turns":5},{"damage":7,"enemies":"2 Louse","floor":2,"turns":3},{"damage":0,"enemies":"Cultist","floor":3,"turns":4},{"damage":0,"enemies":"3 Louse","floor":5,"turns":2},{"damage":14,"enemies":"Blue Slaver","floor":11,"turns":3},{"damage":11,"enemies":"Looter","floor":12,"turns":3},{"damage":3,"enemies":"Large Slime","floor":13,"turns":4},{"damage":60,"enemies":"Slime Boss","floor":16,"turns":11},{"damage":19,"enemies":"3 Byrds","floor":18,"turns":8},{"damage":34,"enemies":"Chosen","floor":19,"turns":7},{"damage":43,"enemies":"Centurion and Healer","floor":22,"turns":7},{"damage":50,"enemies":"Sentry and Sphere","floor":24,"turns":8},{"damage":40,"enemies":"Book of Stabbing","floor":27,"turns":3},{"damage":22,"enemies":"Chosen and Byrds","floor":28,"turns":12},{"damage":87,"enemies":"Automaton","floor":33,"turns":10},{"damage":50,"enemies":"Orb Walker","floor":35,"turns":6},{"damage":20,"enemies":"Giant Head","floor":41,"turns":10},{"damage":16,"enemies":"Mysterious Sphere","floor":44,"turns":4},{"damage":100,"enemies":"2 Orb Walkers","floor":45,"turns":4}],"event_choices":[{"event_name":"Scrap Ooze","player_choice":"success","floor":4,"damage_taken":3},{"event_name":"Golden Wing","player_choice":"Card Removal","floor":7,"damage_taken":0},{"event_name":"The Cleric","player_choice":"Card Removal","floor":10,"damage_taken":0},{"event_name":"Living Wall","player_choice":"Grow","floor":14,"damage_taken":0},{"event_name":"Ghosts","player_choice":"Ignored","floor":20,"damage_taken":0},{"event_name":"The Library","player_choice":"Heal","floor":21,"damage_taken":0},{"event_name":"SensoryStone","player_choice":"Memory 3","floor":36,"damage_taken":0},{"event_name":"Winding Halls","player_choice":"Writhe","floor":38,"damage_taken":0},{"event_name":"Tomb of Lord Red Mask","player_choice":"Paid","floor":42,"damage_taken":0},{"event_name":"Mysterious Sphere","player_choice":"Fight","floor":44,"damage_taken":0}],"boss_relics":[{"not_picked":["Lizard Tail","Astrolabe"],"picked":"Calling Bell"},{"not_picked":["Black Star","Pandora\u0027s Box"],"picked":"Tiny House"}],"potions_floor_spawned":[3,5,13,16,24,28,33,35],"seed_played":"3714358211818997211","killed_by":"2 Orb Walkers","ascension_level":3,"is_trial":false}