{"path_per_floor":["M","?","?","M","T","R","M","M","T","E","?","$","E","M","R","B",null,"M","M","?","M","$","R","?","R","T","M","M","M","R","$","R","B",null,"M","M","?","M","M","R","E","M","T","$","M","R","?","M","R"],"character_chosen":"THE_SILENT","items_purchased":["Meat on the Bone","Infinite Blades","Sucker Punch","PiercingWail","Bag of Marbles"],"gold_per_floor":[111,111,111,126,126,126,145,164,164,193,257,5,37,47,47,149,149,166,180,180,199,109,109,59,59,141,160,172,182,182,100,100,205,205,220,240,240,259,276,276,308,308,308,107,118,118,118,135,135,135],"floor_reached":50,"campfire_rested":5,"playtime":2850,"item_purchase_floors":[12,22,22,31,44],"current_hp_per_floor":[77,77,77,77,77,77,77,75,75,51,47,47,50,50,73,36,77,65,43,43,49,49,49,49,49,49,40,27,25,48,48,71,45,77,69,69,57,43,29,52,26,38,38,38,48,74,74,64,64,0],"items_purged":["Doubt","Writhe"],"gold":135,"score":686,"play_id":"67aec5bb-0548-4f5a-8d78-343dc0944e9b","local_time":"20180614223445","is_prod":false,"is_daily":false,"chose_seed":false,"is_ascension_mode":false,"campfire_upgraded":3,"win_rate":0,"timestamp":1529030085,"campfire_choices":[{"data":"Terror","floor":6,"key":"SMITH"},{"floor":15,"key":"REST"},{"data":"Backstab","floor":23,"key":"SMITH"},{"data":"Envenom","floor":25,"key":"SMITH"},{"floor":30,"key":"REST"},{"floor":32,"key":"REST"},{"floor":40,"key":"REST"},{"floor":46,"key":"REST"},{"data":"Injury","floor":49,"key":"PURGE"}],"path_taken":["M","?","?","M","?","R","M","M","T","E","?","$","E","M","R","BOSS","M","M","?","M","$","R","?","R","T","M","?","M","R","$","R","BOSS","M","M","?","?","M","R","E","M","T","$","M","R","?","?","R","BOSS"],"build_version":"2018-06-14","seed_source_timestamp":3556014079614,"purchased_purges":2,"victory":false,"master_deck":["Defend_G","Defend_G","Defend_G","Defend_G","Strike_G","Strike_G","Survivor","Neutralize+1","Terror+1","Sucker Punch","Flechettes","Backflip","Flying Knee","Backstab+1","Heel Hook","PiercingWail","Dagger Spray","Envenom+1","Caltrops+1","Dash","Accuracy","Crippling Poison","Infinite Blades","Acrobatics","Deflect+1","Skewer","Well Laid Plans+1","PiercingWail","Sucker Punch+1","After Image","Flying Knee+1","Predator+1","Malaise+1","Dagger Throw+1","Acrobatics+1","Blur","Bouncing Flask+1","Cloak And Dagger","Glass Knife","Calculated Gamble+1","Backstab","Glass Knife"],"max_hp_per_floor":[77,77,77,77,77,77,77,77,77,77,77,77,77,77,77,77,77,77,77,77,77,77,77,77,77,77,77,77,77,77,77,77,77,77,77,77,77,77,77,77,87,87,87,87,87,87,87,87,87,87],"relics":["Ring of the Snake","Question Card","Matryoshka","Snake Skull","Dream Catcher","Meat on the Bone","Turnip","Cursed Key","Vajra","The Courier","Astrolabe","Peace Pipe","Pear","Pantograph","Centennial Puzzle","Bag of Marbles"],"card_choices":[{"not_picked":["Slice","Deflect"],"picked":"Terror","floor":1},{"not_picked":["Prepared","Poisoned Stab"],"picked":"Sucker Punch","floor":4},{"not_picked":["Acrobatics","Poisoned Stab","Setup"],"picked":"Flechettes","floor":7},{"not_picked":["Crippling Poison","Sucker Punch","Outmaneuver"],"picked":"Backflip","floor":8},{"not_picked":["Outmaneuver","Corpse Explosion","Phantasmal Killer"],"picked":"Flying Knee","floor":10},{"not_picked":["Sucker Punch","Quick Slash","Bouncing Flask"],"picked":"Backstab","floor":11},{"not_picked":["Crippling Poison","Leg Sweep","Concentrate"],"picked":"Heel Hook","floor":13},{"not_picked":["Quick Slash","Underhanded Strike","Reflex"],"picked":"PiercingWail","floor":14},{"not_picked":["Backflip","Quick Slash","Cloak And Dagger"],"picked":"Dagger Spray","floor":15},{"not_picked":["Tools of the Trade","Night Terror","After Image"],"picked":"Envenom","floor":16},{"not_picked":["Quick Slash+1","Heel Hook","Terror"],"picked":"Caltrops+1","floor":18},{"not_picked":["Predator","PiercingWail","Setup+1"],"picked":"Dash","floor":19},{"not_picked":["Poisoned Stab","Sucker Punch","Reflex"],"picked":"Crippling Poison","floor":21},{"not_picked":["Concentrate+1","Poisoned Stab","Phantasmal Killer"],"picked":"Acrobatics","floor":27},{"not_picked":["Bane","Acrobatics+1","Blade Dance"],"picked":"Deflect+1","floor":28},{"not_picked":["Reflex","Quick Slash","Flying Knee"],"picked":"Skewer","floor":29},{"not_picked":["PiercingWail","Poisoned Stab","Choke"],"picked":"Well Laid Plans+1","floor":30},{"not_picked":["Bane+1","Endless Agony","Flying Knee"],"picked":"Sucker Punch+1","floor":32},{"not_picked":["Bullet Time","Unload","Venomology"],"picked":"After Image","floor":33},{"not_picked":["Caltrops","Endless Agony+1","Sucker Punch"],"picked":"Dagger Throw+1","floor":35},{"not_picked":["Prepared","Outmaneuver","Sucker Punch+1"],"picked":"Acrobatics+1","floor":36},{"not_picked":["Acrobatics","Bane+1","Dagger Spray+1"],"picked":"Blur","floor":37},{"not_picked":["Prepared","Sucker Punch","Bane"],"picked":"Bouncing Flask+1","floor":38},{"not_picked":["Well Laid Plans+1","Sucker Punch","Skewer"],"picked":"Cloak And Dagger","floor":39},{"not_picked":["Heel Hook+1","Crippling Poison","PiercingWail+1"],"picked":"Glass Knife","floor":40},{"not_picked":["Accuracy+1","Glass Knife","Dagger Throw+1"],"picked":"Calculated Gamble+1","floor":41},{"not_picked":["Flying Knee","Outmaneuver","Crippling Poison","PiercingWail+1"],"picked":"SKIP","floor":45},{"not_picked":["Outmaneuver+1","Terror+1","Poisoned Stab+1"],"picked":"Backstab","floor":46},{"not_picked":["Underhanded Strike+1","Poisoned Stab","Prepared","Sucker Punch+1"],"picked":"SKIP","floor":48}],"player_experience":431780,"potions_floor_usage":[11,13,14,18,18,28,33,38,41,42],"damage_taken":[{"damage":0,"enemies":"Jaw Worm","floor":1,"turns":6},{"damage":0,"enemies":"Cultist","floor":4,"turns":4},{"damage":0,"enemies":"Small Slimes","floor":7,"turns":4},{"damage":2,"enemies":"Looter","floor":8,"turns":4},{"damage":24,"enemies":"Lagavulin","floor":10,"turns":9},{"damage":16,"enemies":"Gremlin Nob","floor":11,"turns":5},{"damage":9,"enemies":"3 Sentries","floor":13,"turns":11},{"damage":0,"enemies":"Exordium Wildlife","floor":14,"turns":3},{"damage":49,"enemies":"Slime Boss","floor":16,"turns":13},{"damage":12,"enemies":"2 Thieves","floor":18,"turns":4},{"damage":22,"enemies":"Shell Parasite","floor":19,"turns":6},{"damage":6,"enemies":"Centurion and Healer","floor":21,"turns":8},{"damage":9,"enemies":"Sentry and Sphere","floor":27,"turns":6},{"damage":25,"enemies":"3 Cultists","floor":28,"turns":6},{"damage":14,"enemies":"Cultist and Chosen","floor":29,"turns":6},{"damage":26,"enemies":"Champ","floor":33,"turns":9},{"damage":8,"enemies":"Orb Walker","floor":35,"turns":3},{"damage":0,"enemies":"3 Shapes","floor":36,"turns":4},{"damage":12,"floor":37,"turns":6},{"damage":14,"enemies":"Flame Bruiser 2 Orb","floor":38,"turns":7},{"damage":26,"enemies":"4 Shapes","floor":39,"turns":5},{"damage":48,"enemies":"Nemesis","floor":41,"turns":7},{"damage":0,"enemies":"Sphere and 2 Shapes","floor":42,"turns":1},{"damage":2,"enemies":"Spire Growth","floor":45,"turns":4},{"damage":10,"enemies":"3 Darklings","floor":48,"turns":4},{"damage":89,"enemies":"Donu and Deca","floor":50,"turns":5}],"relics_obtained":[{"floor":5,"key":"Question Card"},{"floor":9,"key":"Matryoshka"},{"floor":10,"key":"Snake Skull"},{"floor":11,"key":"Dream Catcher"},{"floor":13,"key":"Turnip"},{"floor":26,"key":"Vajra"},{"floor":26,"key":"The Courier"},{"floor":37,"key":"Peace Pipe"},{"floor":41,"key":"Pear"},{"floor":43,"key":"Pantograph"},{"floor":43,"key":"Centennial Puzzle"}],"event_choices":[{"event_name":"Accursed Blacksmith","player_choice":"Forge","floor":2,"damage_taken":0},{"event_name":"Liars Game","player_choice":"disagreed","floor":3,"damage_taken":0},{"event_name":"Dead Adventurer","player_choice":"Searched \u00272\u0027 times","floor":11,"damage_taken":0},{"event_name":"Transmorgrifier","player_choice":"Transform","floor":20,"damage_taken":0},{"event_name":"The Joust","player_choice":"Bet on Murderer","floor":24,"damage_taken":0},{"event_name":"MindBloom","player_choice":"Fight","floor":37,"damage_taken":0},{"event_name":"Transmorgrifier","player_choice":"Transform","floor":47,"damage_taken":0}],"boss_relics":[{"not_picked":["Orrery","Pandora\u0027s Box"],"picked":"Cursed Key"},{"not_picked":["Tiny House","Fusion Hammer"],"picked":"Astrolabe"}],"items_purged_floors":[31,44],"is_endless":true,"potions_floor_spawned":[4,8,11,13,16,27,28,29,35,37,42],"seed_played":"-6745695667184123907","killed_by":"Donu and Deca","ascension_level":0,"potions_obtained":[{"floor":4,"key":"Dexterity Potion"},{"floor":8,"key":"Regen Potion"},{"floor":11,"key":"Swift Potion"},{"floor":13,"key":"Explosive Potion"},{"floor":16,"key":"EssenceOfSteel"},{"floor":27,"key":"Weak Potion"},{"floor":28,"key":"Energy Potion"},{"floor":29,"key":"LiquidBronze"},{"floor":35,"key":"SmokeBomb"},{"floor":37,"key":"SteroidPotion"}],"is_trial":false}