{"gold_per_floor":[111,91,102,25,103,103,121,153,153,171,190,215,215,241,241,337,387,373,19,19,19,29,29,62,80,104,104,104,40,40,55,55,159,159,176,176,176,194,26,26,39,39,63,132,165,184,284,284,284,284,284,284,12,12],"floor_reached":54,"playtime":2789,"items_purged":["Strike_G+1"],"score":988,"play_id":"3ff0f8f8-9019-4bfa-a59c-f83a41a333cf","local_time":"20190202151945","is_ascension_mode":true,"campfire_choices":[{"data":"Dagger Throw","floor":6.0,"key":"SMITH"},{"floor":13.0,"key":"REST"},{"floor":15.0,"key":"REST"},{"data":"Night Terror","floor":23.0,"key":"SMITH"},{"floor":28.0,"key":"REST"},{"data":"Bouncing Flask","floor":30.0,"key":"SMITH"},{"floor":32.0,"key":"REST"},{"data":"After Image","floor":40.0,"key":"SMITH"},{"floor":42.0,"key":"REST"},{"floor":49,"key":"RECALL"},{"floor":52,"key":"REST"}],"neow_cost":"PERCENT_DAMAGE","seed_source_timestamp":0,"circlet_count":0,"master_deck":["Defend_G+1","Defend_G+1","Defend_G+1","Defend_G+1","Defend_G+1","Strike_G+1","Strike_G+1","Survivor","Neutralize","Dagger Throw+1","Leg Sweep","Dash","Adrenaline","Noxious Fumes+1","Deadly Poison","Caltrops","Night Terror+1","Noxious Fumes","Envenom","Backstab","Bouncing Flask+1","Footwork","Backflip","Adrenaline","Escape Plan","Acrobatics+1","Well Laid Plans","Acrobatics","Night Terror","Well Laid Plans","After Image+1","Backflip","PiercingWail+1","Cloak And Dagger"],"special_seed":0,"relics":["Ring of the Snake","Unceasing Top","The Courier","Pantograph","Boot","Whetstone","Regal Pillow","Tiny House","Snake Skull","OrangePellets","Blue Candle","Oddly Smooth Stone","Runic Dome","Shuriken","Bag of Marbles","Tough Bandages","Happy Flower","Anchor"],"potions_floor_usage":[],"damage_taken":[{"damage":4.0,"enemies":"2 Louse","floor":1.0,"turns":4.0},{"damage":1.0,"enemies":"Cultist","floor":3.0,"turns":4.0},{"damage":0.0,"enemies":"Jaw Worm","floor":7.0,"turns":4.0},{"damage":14.0,"enemies":"3 Sentries","floor":8.0,"turns":13.0},{"damage":6.0,"enemies":"Lots of Slimes","floor":10.0,"turns":4.0},{"damage":3.0,"enemies":"Large Slime","floor":11.0,"turns":6.0},{"damage":14.0,"enemies":"Gremlin Nob","floor":12.0,"turns":4.0},{"damage":13.0,"enemies":"Lagavulin","floor":14.0,"turns":8.0},{"damage":50.0,"enemies":"Slime Boss","floor":16.0,"turns":9.0},{"damage":17.0,"enemies":"2 Thieves","floor":18.0,"turns":4.0},{"damage":0.0,"enemies":"Chosen","floor":22.0,"turns":5.0},{"damage":28.0,"enemies":"Book of Stabbing","floor":24.0,"turns":8.0},{"damage":9.0,"enemies":"Centurion and Healer","floor":25.0,"turns":6.0},{"damage":0.0,"enemies":"Colosseum Slavers","floor":27.0,"turns":6.0},{"damage":10.0,"enemies":"Sentry and Sphere","floor":31.0,"turns":5.0},{"damage":57.0,"enemies":"Collector","floor":33.0,"turns":9.0},{"damage":4.0,"enemies":"3 Shapes","floor":35.0,"turns":5.0},{"damage":15.0,"enemies":"3 Darklings","floor":38.0,"turns":5.0},{"damage":20.0,"enemies":"Spire Growth","floor":41.0,"turns":7.0},{"damage":26.0,"enemies":"Nemesis","floor":45.0,"turns":7.0},{"damage":4.0,"enemies":"Maw","floor":46.0,"turns":10.0},{"damage":22.0,"enemies":"Mind Bloom Boss Battle","floor":47.0,"turns":7.0},{"damage":1.0,"enemies":"Reptomancer","floor":48.0,"turns":2.0},{"damage":72,"enemies":"Donu and Deca","floor":50,"turns":12},{"damage":84,"enemies":"Shield and Spear","floor":54,"turns":6}],"seed_played":"1560857556746154010","potions_obtained":[{"floor":2.0,"key":"Ancient Potion"},{"floor":7.0,"key":"Fruit Juice"},{"floor":8.0,"key":"Swift Potion"},{"floor":11.0,"key":"Energy Potion"},{"floor":16.0,"key":"EssenceOfSteel"},{"floor":17.0,"key":"Energy Potion"},{"floor":18.0,"key":"SkillPotion"},{"floor":33.0,"key":"SmokeBomb"},{"floor":35.0,"key":"SkillPotion"},{"floor":41.0,"key":"Regen Potion"},{"floor":45.0,"key":"GamblersBrew"}],"is_trial":false,"path_per_floor":["M","?","M","$","T","R","M","E","T","M","M","E","R","E","R","B",null,"M","$","?","?","M","R","E","M","T","?","R","$","R","M","R","B",null,"M","?","?","M","$","R","M","R","T","T","E","M","?","E","R","B",null,"R","$","E"],"character_chosen":"THE_SILENT","items_purchased":["Dash","Snake Skull","Footwork","OrangePellets","Backflip","Well Laid Plans","After Image","Happy Flower","Anchor","Cloak And Dagger"],"campfire_rested":6,"item_purchase_floors":[4,19,19,19,19,29,39,53,53,53],"current_hp_per_floor":[41,41,40,40,40,40,45,31,31,25,22,8,30,17,54,25,68,51,51,51,51,51,51,23,14,14,14,53,53,53,43,80,23,66,62,62,62,47,47,47,27,66,66,66,55,51,54,53,53,6,62,80,80,0],"gold":12,"neow_bonus":"ONE_RARE_RELIC","is_prod":false,"is_daily":false,"chose_seed":false,"campfire_upgraded":4,"win_rate":0,"timestamp":1549138785,"path_taken":["M","?","M","$","?","R","M","E","T","?","M","E","R","E","R","BOSS","M","?","?","?","M","R","E","M","T","?","R","$","R","M","R","BOSS","M","?","?","?","$","R","M","R","T","?","E","?","?","E","R","BOSS","R","$","E"],"build_version":"2019-01-23","purchased_purges":1,"victory":false,"max_hp_per_floor":[70,70,70,70,70,70,75,75,75,75,75,75,75,75,75,75,80,80,80,80,80,80,80,80,80,80,80,80,80,80,80,80,80,80,80,80,80,80,80,80,80,80,80,80,80,80,80,80,80,80,80,80,80,80],"card_choices":[{"not_picked":["Poisoned Stab","PiercingWail"],"picked":"Dagger Throw","floor":1.0},{"not_picked":["Endless Agony","Backflip"],"picked":"Leg Sweep","floor":3.0},{"not_picked":["All Out Attack","Dagger Spray"],"picked":"Adrenaline","floor":7.0},{"not_picked":["Adrenaline","Acrobatics"],"picked":"Noxious Fumes","floor":8.0},{"not_picked":["Deflect","Dagger Throw"],"picked":"Deadly Poison","floor":10.0},{"not_picked":["Heel Hook","All Out Attack"],"picked":"Caltrops","floor":11.0},{"not_picked":["Dash","Terror"],"picked":"Night Terror","floor":12.0},{"not_picked":["Masterful Stab","Dodge and Roll"],"picked":"Noxious Fumes","floor":14.0},{"not_picked":["Venomology","Bullet Time"],"picked":"Envenom","floor":16.0},{"not_picked":["Leg Sweep","Cloak And Dagger"],"picked":"Backstab","floor":17.0},{"not_picked":["Dodge and Roll","Masterful Stab"],"picked":"Bouncing Flask","floor":18.0},{"not_picked":["Dagger Spray","Cloak And Dagger","Poisoned Stab"],"picked":"SKIP","floor":22.0},{"not_picked":["Flechettes","Prepared"],"picked":"Escape Plan","floor":24.0},{"not_picked":["Slice+1","Sucker Punch"],"picked":"Acrobatics+1","floor":25.0},{"not_picked":["Flechettes+1","Dodge and Roll"],"picked":"Acrobatics","floor":31.0},{"not_picked":["Phantasmal Killer","Venomology"],"picked":"Night Terror","floor":33.0},{"not_picked":["Underhanded Strike+1","Blade Dance+1","Outmaneuver"],"picked":"SKIP","floor":35.0},{"not_picked":["Cloak And Dagger","Infinite Blades"],"picked":"Well Laid Plans","floor":38.0},{"not_picked":["Infinite Blades+1","Slice"],"picked":"Backflip","floor":41.0},{"not_picked":["Unload","Dodge and Roll","Prepared+1"],"picked":"SKIP","floor":45.0},{"not_picked":["Tactician","Dash","Flying Knee+1"],"picked":"SKIP","floor":46.0},{"not_picked":["Flying Knee+1","Deflect"],"picked":"PiercingWail+1","floor":47.0}],"player_experience":1358056,"relics_obtained":[{"floor":5.0,"key":"The Courier"},{"floor":8.0,"key":"Pantograph"},{"floor":9.0,"key":"Boot"},{"floor":12.0,"key":"Whetstone"},{"floor":14.0,"key":"Regal Pillow"},{"floor":24.0,"key":"Blue Candle"},{"floor":26.0,"key":"Oddly Smooth Stone"},{"floor":44.0,"key":"Shuriken"},{"floor":45.0,"key":"Bag of Marbles"},{"floor":47.0,"key":"Tough Bandages"}],"event_choices":[{"damage_healed":0.0,"max_hp_gain":0.0,"max_hp_loss":0.0,"gold_gain":0.0,"event_name":"The Woman in Blue","player_choice":"Bought 1 Potion","floor":2.0,"gold_loss":0.0,"damage_taken":0.0},{"damage_healed":0.0,"max_hp_gain":0.0,"max_hp_loss":0.0,"gold_gain":0.0,"event_name":"Back to Basics","player_choice":"Simplicity","floor":20.0,"gold_loss":0.0,"damage_taken":0.0,"cards_upgraded":["Defend_G","Defend_G","Defend_G","Defend_G","Defend_G","Strike_G","Strike_G","Strike_G"]},{"damage_healed":0.0,"max_hp_gain":0.0,"max_hp_loss":0.0,"gold_gain":0.0,"cards_transformed":["Strike_G","Strike_G"],"event_name":"Drug Dealer","player_choice":"Became Test Subject","floor":21.0,"gold_loss":0.0,"damage_taken":0.0,"cards_obtained":["Dash","Adrenaline"]},{"damage_healed":0.0,"max_hp_gain":0.0,"max_hp_loss":0.0,"gold_gain":0.0,"event_name":"Colosseum","player_choice":"Fight","floor":27.0,"gold_loss":0.0,"damage_taken":0.0},{"damage_healed":0.0,"max_hp_gain":0.0,"max_hp_loss":0.0,"gold_gain":0.0,"event_name":"Colosseum","player_choice":"Fled From Nobs","floor":27.0,"gold_loss":0.0,"damage_taken":0.0},{"cards_removed":["Dash"],"damage_healed":0.0,"max_hp_gain":0.0,"max_hp_loss":0.0,"gold_gain":0.0,"event_name":"Falling","player_choice":"Removed Attack","floor":36.0,"gold_loss":0.0,"damage_taken":0.0},{"damage_healed":0.0,"max_hp_gain":0.0,"max_hp_loss":0.0,"gold_gain":0.0,"event_name":"NoteForYourself","player_choice":"Ignored","floor":37.0,"gold_loss":0.0,"damage_taken":0.0},{"damage_healed":0.0,"max_hp_gain":0.0,"max_hp_loss":0.0,"gold_gain":0.0,"event_name":"MindBloom","player_choice":"Fight","floor":47.0,"gold_loss":0.0,"damage_taken":0.0}],"is_beta":true,"boss_relics":[{"not_picked":["WristBlade","Runic Pyramid"],"picked":"Tiny House"},{"not_picked":["White Beast Statue","Orrery"],"picked":"Runic Dome"}],"items_purged_floors":[39],"is_endless":false,"potions_floor_spawned":[7,8,11,16,18,24,33,35,41,45],"killed_by":"Shield and Spear","ascension_level":8}