{"path_per_floor":["M","M","?","M","M","R","?","R","T","R","M","M","M","T","R","B",null,"M","M","?","M","?","R","$","R","T","T","M","M","M","?","R"],"character_chosen":"IRONCLAD","items_purchased":["Armaments","Perfected Strike"],"gold_per_floor":[109,128,78,97,110,110,185,185,185,185,205,221,233,256,256,355,355,372,389,389,407,407,407,252,252,330,330,350,365,385,385,385],"floor_reached":33,"campfire_rested":3,"playtime":2989,"current_hp_per_floor":[68,63,63,63,48,72,61,61,68,68,60,50,50,50,50,12,87,75,75,59,44,44,70,70,70,70,70,62,33,20,20,46],"items_purged":["Strike_R"],"gold":385,"score":241,"play_id":"ccfaaa40-e98f-479d-a5ae-33eef001282b","is_prod":false,"is_daily":false,"is_ascension_mode":false,"campfire_upgraded":4,"path_taken":["M","M","?","M","M","R","?","R","T","R","?","?","M","?","R","BOSS","M","M","?","?","?","R","$","R","T","?","M","M","M","?","R","BOSS"],"build_version":"2018-02-15-PROD1","purchased_purges":1,"victory":false,"master_deck":["Strike_R","Strike_R","Strike_R","Defend_R","Defend_R","Defend_R","Defend_R","Bash","Armaments+1","Uppercut","Thunderclap+1","Iron Wave+1","Seeing Red","Power Through+1","Brutality+1","Fiend Fire+1","Perfected Strike+1","Rampage+1","Twin Strike+1","Cleave+1","Armaments+1","Perfected Strike","Searing Blow","Cleave","Cleave+1"],"max_hp_per_floor":[80,80,80,80,80,80,80,80,87,87,87,87,87,87,87,87,87,87,87,87,87,87,87,87,87,87,87,87,87,87,87,87],"relics":["Velvet Choker","Strawberry","Oddly Smooth Stone","Astrolabe","Enchiridion","Kunai","Sundial"],"card_choices":[{"not_picked":["Bloodletting","True Grit"],"picked":"Armaments"},{"not_picked":["Burning Pact","Rupture"],"picked":"Uppercut"},{"not_picked":["Infernal Blade","Metallicize"],"picked":"Thunderclap"},{"not_picked":["Uppercut","True Grit"],"picked":"Seeing Red"},{"not_picked":["Anger","Hemokinesis"],"picked":"Iron Wave"},{"not_picked":["Metallicize","Anger"],"picked":"Seeing Red"},{"not_picked":["True Grit","Feel No Pain"],"picked":"Uppercut"},{"not_picked":["Bludgeon","Juggernaut"],"picked":"Offering"},{"not_picked":["Warcry","Metallicize"],"picked":"Perfected Strike"},{"not_picked":["Body Slam","Flex"],"picked":"Rampage"},{"not_picked":["Pommel Strike","Pummel"],"picked":"Twin Strike"},{"not_picked":["Body Slam","Headbutt"],"picked":"Searing Blow"},{"not_picked":["Intimidate","Sword Boomerang"],"picked":"Cleave"},{"not_picked":["Dropkick","Metallicize"],"picked":"Cleave"}],"player_experience":7723,"potions_floor_usage":[16,16,30,33,33],"damage_taken":[{"damage":12,"enemies":"2 Louse","floor":1,"turns":2},{"damage":5,"enemies":"Small Slimes","floor":2,"turns":3},{"damage":0,"enemies":"Jaw Worm","floor":4,"turns":4},{"damage":15,"enemies":"Lots of Slimes","floor":5,"turns":5},{"damage":8,"enemies":"Exordium Wildlife","floor":11,"turns":4},{"damage":10,"enemies":"Exordium Thugs","floor":12,"turns":4},{"damage":0,"enemies":"Large Slime","floor":13,"turns":4},{"damage":38,"enemies":"Slime Boss","floor":16,"turns":12},{"damage":12,"enemies":"3 Byrds","floor":18,"turns":7},{"damage":0,"enemies":"Chosen","floor":19,"turns":5},{"damage":15,"enemies":"3 Cultists","floor":21,"turns":6},{"damage":8,"enemies":"Centurion and Healer","floor":28,"turns":7},{"damage":29,"enemies":"Chosen and Byrds","floor":29,"turns":8},{"damage":13,"enemies":"Sentry and Sphere","floor":30,"turns":5},{"damage":70,"enemies":"Automaton","floor":33,"turns":12}],"event_choices":[{"event_name":"The Cleric","player_choice":"Card Removal","floor":3,"damage_taken":0},{"event_name":"World of Goop","player_choice":"Gather Gold","floor":7,"damage_taken":0},{"event_name":"Cursed Tome","player_choice":"Obtained Book","floor":20,"damage_taken":0},{"event_name":"The Library","player_choice":"Read","floor":22,"damage_taken":0},{"event_name":"Upgrade Shrine","player_choice":"Upgraded","floor":31,"damage_taken":0}],"boss_relics":[{"not_picked":["Black Star","Orrery"],"picked":"Astrolabe"}],"potions_floor_spawned":[1,4,11,13,16,18,29,30],"seed_played":"3659782876992227309","killed_by":"Automaton","ascension_level":0,"is_trial":false}