{"gold_per_floor":[114,128,138,138,90,123,123,137,137,151,164,164,190,190,190,279,279,295,345,340,3,24,24,57,57,57,57,0,0],"floor_reached":29,"playtime":1005,"items_purged":["Injury"],"score":443,"play_id":"9ca0d06b-ffcf-44da-91bd-6da8f9533b8e","local_time":"20190206230936","is_ascension_mode":true,"campfire_choices":[{"floor":7.0,"key":"REST"},{"floor":15,"key":"REST"},{"floor":23,"key":"REST"},{"floor":25,"key":"REST"}],"neow_cost":"NONE","seed_source_timestamp":0,"circlet_count":0,"master_deck":["AscendersBane","Strike_B","Strike_B","Strike_B","Defend_B","Defend_B+1","Defend_B","Defend_B","Zap","Dualcast","Loop","BootSequence+1","Go for the Eyes","Beam Cell","FTL","Streamline","Compile Driver","Coolheaded","Buffer","Capacitor","Glacier","White Noise","Glacier+1","Self Repair"],"special_seed":0,"relics":["Cracked Core","NeowsBlessing","Pocketwatch","Ornamental Fan","Dodecahedron","Bottled Flame","Golden Idol","Philosopher\u0027s Stone","War Paint","Bottled Tornado","Toxic Egg 2"],"potions_floor_usage":[13,22,24,27],"damage_taken":[{"damage":0.0,"enemies":"Cultist","floor":1.0,"turns":1.0},{"damage":0.0,"enemies":"Jaw Worm","floor":2.0,"turns":1.0},{"damage":0.0,"enemies":"Small Slimes","floor":3.0,"turns":1.0},{"damage":12.0,"enemies":"3 Sentries","floor":6.0,"turns":7.0},{"damage":4.0,"enemies":"3 Louse","floor":8.0,"turns":3.0},{"damage":12.0,"enemies":"Large Slime","floor":10.0,"turns":4.0},{"damage":0.0,"enemies":"2 Fungi Beasts","floor":11.0,"turns":2.0},{"damage":22,"enemies":"Gremlin Nob","floor":13,"turns":4},{"damage":25,"enemies":"Hexaghost","floor":16,"turns":10},{"damage":2,"enemies":"Chosen","floor":18,"turns":5},{"damage":10,"enemies":"2 Thieves","floor":20,"turns":4},{"damage":11,"enemies":"Centurion and Healer","floor":22,"turns":12},{"damage":31,"enemies":"Slavers","floor":24,"turns":13},{"damage":27,"enemies":"Colosseum Slavers","floor":27,"turns":6},{"damage":44,"enemies":"Book of Stabbing","floor":29,"turns":6}],"seed_played":"-2848255960743426924","potions_obtained":[{"floor":1.0,"key":"FearPotion"},{"floor":2.0,"key":"FocusPotion"},{"floor":3.0,"key":"Weak Potion"},{"floor":13,"key":"AttackPotion"},{"floor":20,"key":"Swift Potion"},{"floor":24,"key":"Regen Potion"}],"is_trial":false,"path_per_floor":["M","M","M","?","$","E","R","M","T","M","M","T","E","?","R","B",null,"M","?","M","$","M","R","E","R","T","?","?","E"],"character_chosen":"DEFECT","items_purchased":["Beam Cell","Glacier","War Paint","White Noise"],"campfire_rested":4,"item_purchase_floors":[5,21,21,21],"current_hp_per_floor":[64,64,64,57,57,45,66,62,62,50,50,50,28,28,49,24,59,57,57,47,47,36,57,26,47,47,42,42,0],"gold":0,"neow_bonus":"THREE_ENEMY_KILL","is_prod":false,"is_daily":false,"chose_seed":false,"campfire_upgraded":0,"win_rate":0,"timestamp":1549512576,"path_taken":["M","?","M","?","?","E","R","M","T","?","M","?","E","?","R","BOSS","M","?","M","$","M","R","E","R","T","?","?","E"],"build_version":"2019-01-23","purchased_purges":1,"victory":false,"max_hp_per_floor":[71,71,71,71,71,71,71,71,71,71,71,71,71,71,71,71,71,71,71,71,71,71,71,71,71,71,71,71,71],"card_choices":[{"not_picked":["Skim","Recycle"],"picked":"Loop","floor":1.0},{"not_picked":["Gash","Go for the Eyes"],"picked":"BootSequence","floor":2.0},{"not_picked":["Coolheaded","Ball Lightning"],"picked":"Go for the Eyes","floor":3.0},{"not_picked":["Barrage","Streamline"],"picked":"FTL","floor":6.0},{"not_picked":["Cold Snap","Beam Cell"],"picked":"Streamline","floor":8.0},{"not_picked":["Storm","Reprogram"],"picked":"Compile Driver","floor":10.0},{"not_picked":["Blizzard","Undo"],"picked":"Coolheaded","floor":11.0},{"not_picked":["Undo","Go for the Eyes","Gash"],"picked":"SKIP","floor":13},{"not_picked":["Machine Learning","Core Surge"],"picked":"Buffer","floor":16},{"not_picked":["Turbo","Heatsinks","Undo"],"picked":"SKIP","floor":18},{"not_picked":["Redo","Tempest"],"picked":"Capacitor","floor":20},{"not_picked":["Gash","Turbo+1"],"picked":"Glacier+1","floor":22},{"not_picked":["Leap+1","Hello World+1"],"picked":"Self Repair","floor":24}],"player_experience":245995,"relics_obtained":[{"floor":6.0,"key":"Pocketwatch"},{"floor":9.0,"key":"Ornamental Fan"},{"floor":12.0,"key":"Dodecahedron"},{"floor":13,"key":"Bottled Flame"},{"floor":24,"key":"Bottled Tornado"},{"floor":26,"key":"Toxic Egg 2"}],"event_choices":[{"cards_removed":["Strike_B"],"damage_healed":0.0,"max_hp_gain":0.0,"max_hp_loss":0.0,"gold_gain":0.0,"event_name":"Golden Wing","player_choice":"Card Removal","floor":4.0,"gold_loss":0.0,"damage_taken":7.0},{"damage_healed":0,"gold_gain":0,"player_choice":"Take Wound","damage_taken":0,"relics_obtained":["Golden Idol"],"max_hp_gain":0,"max_hp_loss":0,"event_name":"Golden Idol","floor":14,"gold_loss":0,"cards_obtained":["Injury"]},{"damage_healed":0,"gold_gain":50,"player_choice":"Stole From Cult","damage_taken":0,"max_hp_gain":0,"max_hp_loss":0,"event_name":"Nest","floor":19,"gold_loss":0},{"damage_healed":0,"gold_gain":0,"player_choice":"Fight","damage_taken":0,"max_hp_gain":0,"max_hp_loss":0,"event_name":"Colosseum","floor":27,"gold_loss":0},{"damage_healed":0,"gold_gain":0,"player_choice":"Fled From Nobs","damage_taken":0,"max_hp_gain":0,"max_hp_loss":0,"event_name":"Colosseum","floor":27,"gold_loss":0},{"damage_healed":0,"gold_gain":0,"player_choice":"Paid Fearfully","damage_taken":0,"max_hp_gain":0,"max_hp_loss":0,"event_name":"Masked Bandits","floor":28,"gold_loss":57}],"is_beta":false,"boss_relics":[{"not_picked":["Orrery","White Beast Statue"],"picked":"Philosopher\u0027s Stone"}],"items_purged_floors":[21],"is_endless":false,"potions_floor_spawned":[1,2,3,13,20,24],"killed_by":"Book of Stabbing","ascension_level":15}