{"gold_per_floor":[212,62,62,77,89,89,114,126,150,150,167,167,196,196,196,196],"floor_reached":16,"playtime":577,"items_purged":[],"score":155,"play_id":"adf33f2d-dc9a-421a-96f8-9a75a495ef18","local_time":"20181216185133","is_ascension_mode":true,"campfire_choices":[{"data":"Zap","floor":6,"key":"SMITH"},{"floor":10,"key":"REST"},{"data":"Echo Form","floor":12,"key":"SMITH"},{"floor":15,"key":"REST"}],"neow_cost":"NONE","seed_source_timestamp":111513837857103,"circlet_count":0,"master_deck":["AscendersBane","Strike_B","Strike_B","Strike_B","Strike_B","Defend_B","Defend_B","Defend_B","Defend_B","Zap+1","Dualcast","Go for the Eyes","Double Energy","Coolheaded","Ball Lightning","Go for the Eyes","Echo Form+1"],"relics":["Cracked Core","Anchor","Oddly Smooth Stone","Juzu Bracelet","Vajra","Odd Mushroom","Golden Idol"],"potions_floor_usage":[7,16],"damage_taken":[{"damage":0,"enemies":"Cultist","floor":1,"turns":4},{"damage":0,"enemies":"2 Louse","floor":4,"turns":3},{"damage":0,"enemies":"Jaw Worm","floor":5,"turns":4},{"damage":14,"enemies":"Lagavulin","floor":7,"turns":6},{"damage":0,"enemies":"Exordium Wildlife","floor":8,"turns":3},{"damage":0,"enemies":"Looter","floor":11,"turns":3},{"damage":32,"enemies":"The Mushroom Lair","floor":13,"turns":4},{"damage":47,"enemies":"Slime Boss","floor":16,"turns":8}],"seed_played":"-5245599906576661265","potions_obtained":[{"floor":5,"key":"Strength Potion"},{"floor":7,"key":"Strength Potion"}],"is_trial":false,"path_per_floor":["M","$","?","M","M","R","E","M","T","R","M","R","?","?","R","B"],"character_chosen":"DEFECT","items_purchased":["Anchor"],"campfire_rested":2,"item_purchase_floors":[2],"current_hp_per_floor":[68,68,43,43,43,43,29,29,29,51,51,51,19,19,39,0],"gold":196,"neow_bonus":"HUNDRED_GOLD","is_prod":false,"is_daily":false,"chose_seed":false,"campfire_upgraded":2,"win_rate":0,"timestamp":1545004293,"path_taken":["M","$","?","M","M","R","E","M","T","R","M","R","?","?","R","BOSS"],"build_version":"2018-12-13","purchased_purges":0,"victory":false,"max_hp_per_floor":[75,75,75,75,75,75,75,75,75,75,75,75,75,69,69,69],"card_choices":[{"not_picked":["Steam","Steam Power"],"picked":"Go for the Eyes","floor":1},{"not_picked":["Turbo","Rebound"],"picked":"Double Energy","floor":4},{"not_picked":["Compile Driver","Reprogram"],"picked":"Coolheaded","floor":5},{"not_picked":["Go for the Eyes","Sunder"],"picked":"Ball Lightning","floor":7},{"not_picked":["Steam Power","Chaos"],"picked":"Go for the Eyes","floor":8},{"not_picked":["Coolheaded","Rebound"],"picked":"Echo Form","floor":11}],"player_experience":993956,"relics_obtained":[{"floor":7,"key":"Juzu Bracelet"},{"floor":9,"key":"Vajra"},{"floor":13,"key":"Odd Mushroom"}],"event_choices":[{"damage_healed":0,"gold_gain":0,"player_choice":"Success","damage_taken":25,"relics_obtained":["Oddly Smooth Stone"],"max_hp_gain":0,"max_hp_loss":0,"event_name":"Scrap Ooze","floor":3,"gold_loss":0},{"damage_healed":0,"gold_gain":0,"player_choice":"Fought Mushrooms","damage_taken":0,"max_hp_gain":0,"max_hp_loss":0,"event_name":"Mushrooms","floor":13,"gold_loss":0},{"damage_healed":0,"gold_gain":0,"player_choice":"Lose Max HP","damage_taken":0,"relics_obtained":["Golden Idol"],"max_hp_gain":0,"max_hp_loss":6,"event_name":"Golden Idol","floor":14,"gold_loss":0}],"is_beta":true,"boss_relics":[],"items_purged_floors":[],"is_endless":false,"potions_floor_spawned":[5,7],"killed_by":"Slime Boss","ascension_level":11}