{"gold_per_floor":[113,25,41,61,136,170,170,202,202,233,245,271,101,66,66,165,165,184,33,50,50,60,90,90,121,121,152,169,224,122,221,221,319,319,338,348,361,111,111,139,149,179,179,210,224,224,242,260,260,260],"floor_reached":51,"playtime":3095,"items_purged":[],"score":1091,"play_id":"fdce6f16-6037-42b7-a1f5-20ab43856865","local_time":"20180805001527","daily_mods":["Draft","Diverse","Heirloom","Allstar","Elite Swarm"],"is_ascension_mode":true,"campfire_choices":[{"floor":7,"key":"REST"},{"floor":15,"key":"REST"},{"data":"Burst","floor":24,"key":"SMITH"},{"floor":32,"key":"REST"},{"data":"Echo Form","floor":46,"key":"SMITH"},{"data":"Wraith Form v2","floor":49,"key":"SMITH"}],"neow_cost":"","seed_source_timestamp":0,"circlet_count":0,"master_deck":["Demon Form","Wraith Form v2+1","Echo Form+1","Leap","Body Slam","Conserve Battery","Beam Cell","Ball Lightning","Quick Slash","Flying Knee","True Grit","Shrug It Off","Twin Strike","Predator","Body Slam","Ball Lightning","PiercingWail","Stack","Dagger Spray","Metallicize","PiercingWail","Conserve Battery","FTL","Offering","Burst+1","Burst","Uppercut","Limit Break","Ball Lightning","Reaper","Pummel+1","Barricade","Feed","Exhume","Sucker Punch+1","Double Tap","Clothesline","Fusion","Impervious","Battle Trance+1","Storm","Steam+1","Corruption","Panache","Offering","Wraith Form v2","Dash+1","Reaper","Clumsy","Demon Form","PiercingWail+1","Adrenaline"],"relics":["Ring of the Snake","Tough Bandages","Letter Opener","Thread and Needle","Blue Candle","Ice Cream","Paper Crane","Lantern","Cursed Key","Omamori","Necronomicon","Gremlin Horn","Torii","Strawberry","Pen Nib","Tiny Chest","Coffee Dripper","Turnip","Question Card","Ninja Scroll","Mercury Hourglass","Bronze Scales"],"potions_floor_usage":[16,25,27,28,40,42,50],"damage_taken":[{"damage":0,"enemies":"Jaw Worm","floor":1,"turns":2},{"damage":0,"enemies":"2 Louse","floor":3,"turns":3},{"damage":3,"enemies":"Small Slimes","floor":4,"turns":2},{"damage":21,"enemies":"Gremlin Nob","floor":6,"turns":4},{"damage":9,"enemies":"3 Sentries","floor":8,"turns":6},{"damage":14,"enemies":"Gremlin Nob","floor":10,"turns":3},{"damage":5,"enemies":"Blue Slaver","floor":11,"turns":3},{"damage":0,"enemies":"3 Sentries","floor":12,"turns":4},{"damage":11,"enemies":"The Guardian","floor":16,"turns":5},{"damage":5,"enemies":"2 Thieves","floor":18,"turns":4},{"damage":1,"enemies":"Shell Parasite","floor":20,"turns":4},{"damage":3,"enemies":"Centurion and Healer","floor":22,"turns":3},{"damage":5,"enemies":"Book of Stabbing","floor":23,"turns":3},{"damage":5,"enemies":"Gremlin Leader","floor":25,"turns":5},{"damage":6,"enemies":"Book of Stabbing","floor":27,"turns":5},{"damage":7,"enemies":"Snecko","floor":28,"turns":6},{"damage":53,"enemies":"Slavers","floor":29,"turns":5},{"damage":6,"enemies":"Champ","floor":33,"turns":10},{"damage":5,"enemies":"Orb Walker","floor":35,"turns":1},{"damage":2,"enemies":"3 Shapes","floor":36,"turns":10},{"damage":18,"enemies":"Spire Growth","floor":37,"turns":4},{"damage":3,"floor":39,"turns":6},{"damage":0,"enemies":"2 Orb Walkers","floor":40,"turns":5},{"damage":5,"enemies":"3 Darklings","floor":41,"turns":2},{"damage":1,"enemies":"Giant Head","floor":42,"turns":6},{"damage":18,"enemies":"Nemesis","floor":44,"turns":9},{"damage":16,"enemies":"4 Shapes","floor":45,"turns":2},{"damage":0,"enemies":"Flame Bruiser 2 Orb","floor":47,"turns":4},{"damage":15,"enemies":"Sphere and 2 Shapes","floor":48,"turns":5},{"damage":31,"enemies":"Donu and Deca","floor":50,"turns":5}],"seed_played":"7254760660735360851","potions_obtained":[{"floor":3,"key":"Dexterity Potion"},{"floor":11,"key":"GhostInAJar"},{"floor":12,"key":"Weak Potion"},{"floor":16,"key":"Weak Potion"},{"floor":25,"key":"Regen Potion"},{"floor":28,"key":"FearPotion"},{"floor":29,"key":"Energy Potion"},{"floor":36,"key":"Block Potion"},{"floor":41,"key":"PowerPotion"},{"floor":44,"key":"Swift Potion"}],"is_trial":true,"path_per_floor":["M","$","M","M","?","E","R","E","T","E","M","E","$","?","R","B",null,"M","$","M","?","M","E","R","E","T","E","M","E","$","?","R","B",null,"M","M","M","$","?","E","M","E","T","E","M","R","M","M","R","B"],"character_chosen":"THE_SILENT","items_purchased":["Metallicize","PiercingWail","Lantern","Ball Lightning","Omamori","Clothesline","Fusion","Corruption","Panache"],"campfire_rested":3,"item_purchase_floors":[2,2,13,13,19,30,30,38,38],"current_hp_per_floor":[70,70,70,67,56,35,56,47,47,33,28,28,28,45,66,55,70,65,65,64,48,45,40,40,35,42,36,46,55,55,55,79,73,83,78,79,61,61,58,61,56,55,55,49,36,36,36,41,41,82],"gold":260,"neow_bonus":"","is_prod":false,"is_daily":false,"chose_seed":false,"campfire_upgraded":3,"win_rate":0,"timestamp":1533442527,"path_taken":["M","$","M","M","?","E","R","E","T","E","M","E","$","?","R","BOSS","M","$","M","?","M","E","R","E","T","E","M","E","$","?","R","BOSS","M","M","M","$","?","E","M","E","T","E","M","R","?","M","R","BOSS"],"build_version":"2018-08-01","purchased_purges":0,"victory":true,"max_hp_per_floor":[70,70,70,70,70,70,70,70,70,70,70,70,70,70,70,70,70,70,70,70,70,70,70,70,70,77,77,80,83,83,83,83,83,83,83,86,86,86,86,89,89,89,89,89,92,92,92,92,92,92],"card_choices":[{"not_picked":["Steam","Blur"],"picked":"Leap","floor":0},{"not_picked":["Iron Wave","Undo"],"picked":"Body Slam","floor":0},{"not_picked":["Havoc","Deflect"],"picked":"Conserve Battery","floor":0},{"not_picked":["Coolheaded","Conserve Battery"],"picked":"Beam Cell","floor":0},{"not_picked":["Sentinel","Blur"],"picked":"Ball Lightning","floor":0},{"not_picked":["Dropkick","Evolve"],"picked":"Quick Slash","floor":0},{"not_picked":["Deflect","Tempest"],"picked":"Flying Knee","floor":0},{"not_picked":["Second Wind","Cleave"],"picked":"True Grit","floor":0},{"not_picked":["Skim","Bane"],"picked":"Shrug It Off","floor":0},{"not_picked":["Redo","Heatsinks"],"picked":"Twin Strike","floor":0},{"not_picked":["Iron Wave","Escape Plan"],"picked":"Predator","floor":0},{"not_picked":["Wild Strike","Blood for Blood"],"picked":"Body Slam","floor":0},{"not_picked":["Heel Hook","Turbo"],"picked":"Ball Lightning","floor":0},{"not_picked":["Blade Dance","Heavy Blade"],"picked":"PiercingWail","floor":0},{"not_picked":["Reinforced Body","Searing Blow"],"picked":"Stack","floor":0},{"not_picked":["Reckless Charge","Dodge and Roll"],"picked":"Dagger Spray","floor":1},{"not_picked":["True Grit","Twin Strike"],"picked":"Conserve Battery","floor":3},{"not_picked":["Blood for Blood","Prepared"],"picked":"FTL","floor":4},{"not_picked":["After Image","Machine Learning"],"picked":"Offering","floor":6},{"not_picked":["Juggernaut","Echo Form"],"picked":"Burst","floor":8},{"not_picked":["Unload","Fiend Fire"],"picked":"Burst","floor":10},{"not_picked":["Cleave","Defragment"],"picked":"Uppercut","floor":11},{"not_picked":["Hyperbeam","Immolate"],"picked":"Limit Break","floor":12},{"not_picked":["Biased Cognition","Venomology"],"picked":"Reaper","floor":16},{"not_picked":["Dodge and Roll+1","Force Field","Pommel Strike"],"picked":"SKIP","floor":18},{"not_picked":["Redo+1","Clash"],"picked":"Pummel+1","floor":20},{"not_picked":["Melter","Iron Wave+1","Acrobatics"],"picked":"SKIP","floor":22},{"not_picked":["Electrodynamics","All For One"],"picked":"Barricade","floor":23},{"not_picked":["Juggernaut","Adrenaline"],"picked":"Feed","floor":25},{"not_picked":["Meteor Strike","Corpse Explosion"],"picked":"Exhume","floor":27},{"not_picked":["Rebound+1","Conserve Battery"],"picked":"Sucker Punch+1","floor":28},{"not_picked":["Fiend Fire","Echo Form"],"picked":"Double Tap","floor":29},{"not_picked":["Grand Finale","Juggernaut"],"picked":"Impervious","floor":33},{"not_picked":["Pommel Strike+1","Choke+1"],"picked":"Battle Trance+1","floor":35},{"not_picked":["Sentinel","Havoc+1"],"picked":"Storm","floor":36},{"not_picked":["Reprogram+1","Ball Lightning"],"picked":"Steam+1","floor":37},{"not_picked":["Streamline+1","Noxious Fumes+1"],"picked":"Offering","floor":39},{"not_picked":["Juggernaut","Brutality"],"picked":"Wraith Form v2","floor":40},{"not_picked":["Underhanded Strike+1","Static Discharge+1","Melter+1"],"picked":"Dash+1","floor":41},{"not_picked":["Bludgeon","Venomology","Electrodynamics"],"picked":"Reaper","floor":42},{"not_picked":["Brutality","Bludgeon","Biased Cognition"],"picked":"Demon Form","floor":44},{"not_picked":["Rebound+1","Static Discharge+1","Pommel Strike+1"],"picked":"PiercingWail+1","floor":45},{"not_picked":["Masterful Stab+1","Bloodletting+1","Bane+1","Dodge and Roll"],"picked":"SKIP","floor":47},{"not_picked":["Hemokinesis+1","Flex+1","Rip and Tear+1"],"picked":"Adrenaline","floor":48}],"player_experience":717024,"relics_obtained":[{"floor":6,"key":"Letter Opener"},{"floor":8,"key":"Thread and Needle"},{"floor":9,"key":"Blue Candle"},{"floor":10,"key":"Ice Cream"},{"floor":12,"key":"Paper Crane"},{"floor":21,"key":"Necronomicon"},{"floor":23,"key":"Gremlin Horn"},{"floor":25,"key":"Torii"},{"floor":26,"key":"Strawberry"},{"floor":27,"key":"Pen Nib"},{"floor":29,"key":"Tiny Chest"},{"floor":39,"key":"Turnip"},{"floor":40,"key":"Question Card"},{"floor":42,"key":"Ninja Scroll"},{"floor":43,"key":"Mercury Hourglass"},{"floor":44,"key":"Bronze Scales"}],"event_choices":[{"event_name":"World of Goop","player_choice":"Gather Gold","floor":5,"damage_taken":0},{"event_name":"The Cleric","player_choice":"Healed","floor":14,"damage_taken":0},{"event_name":"Cursed Tome","player_choice":"Obtained Book","floor":21,"damage_taken":0},{"event_name":"Nest","player_choice":"Stole From Cult","floor":31,"damage_taken":0},{"event_name":"MindBloom","player_choice":"Fight","floor":39,"damage_taken":0}],"is_beta":true,"boss_relics":[{"not_picked":["Black Star","Calling Bell"],"picked":"Cursed Key"},{"not_picked":["Philosopher\u0027s Stone","Snecko Eye"],"picked":"Coffee Dripper"}],"items_purged_floors":[],"is_endless":false,"potions_floor_spawned":[3,11,12,16,23,25,28,29,33,36,37,41,44,45,47],"ascension_level":1}