{"path_per_floor":["M","M","$","?","M","R","E","M","T","$","M","M","R","?","R","B",null,"M","?","?","?","M","R","M","M","T","M","M","R","E","M","R","B",null,"M","?","M","$","M","R","E","R","T","M","M"],"character_chosen":"THE_SILENT","items_purchased":["Quick Slash","Infinite Blades","Die Die Die","Dodge and Roll","Apotheosis"],"gold_per_floor":[116,134,111,111,131,131,157,169,196,119,132,147,147,147,147,252,252,266,266,266,266,280,280,293,306,355,375,389,389,417,432,432,527,557,567,567,579,161,176,176,206,206,255,274,290],"floor_reached":46,"campfire_rested":4,"playtime":5657,"current_hp_per_floor":[70,70,70,70,70,70,59,40,40,40,40,36,70,58,58,45,70,70,70,70,70,70,70,56,48,48,48,39,70,17,17,53,47,75,69,69,69,69,56,56,8,45,45,24,6],"items_purged":["Defend_G"],"gold":290,"score":451,"play_id":"40c2b93c-4fe8-4083-8fe3-2b54566ffa43","is_prod":false,"is_daily":false,"is_ascension_mode":false,"campfire_upgraded":4,"path_taken":["M","M","$","?","M","R","E","?","T","$","M","M","R","?","R","BOSS","M","?","?","?","M","R","M","M","T","?","M","R","E","M","R","BOSS","M","?","M","$","M","R","E","R","T","?","M","M"],"build_version":"2018-02-15-PROD1","purchased_purges":1,"victory":false,"master_deck":["Defend_G+1","Defend_G+1","Defend_G+1","Defend_G+1","Strike_G+1","Strike_G+1","Strike_G+1","Survivor","Neutralize+1","Poisoned Stab+1","Deadly Poison","Quick Slash","Adrenaline+1","Poisoned Stab","Caltrops","Blur+1","Infinite Blades+1","Deflect","Deflect","After Image","Slice+1","Noxious Fumes","Sucker Punch+1","Blur+1","Infinite Blades+1","Dagger Spray","Deflect+1","Backflip","PiercingWail","Bouncing Flask","Quick Slash","Die Die Die","Dodge and Roll","Apotheosis","Dagger Spray+1","Die Die Die","Dagger Spray+1","Flying Knee+1"],"max_hp_per_floor":[70,70,70,70,70,70,70,70,70,70,70,70,70,70,70,70,70,70,70,70,70,70,70,70,70,70,70,70,70,70,70,70,70,75,75,75,75,75,75,75,75,75,75,75,75],"relics":["Ring of the Snake","Regal Pillow","Vajra","Bronze Scales","Velvet Choker","Lantern","Mercury Hourglass","Tiny House","Centennial Puzzle","Ancient Tea Set"],"card_choices":[{"not_picked":["Heel Hook","Dodge and Roll"],"picked":"Poisoned Stab"},{"not_picked":["Sucker Punch","Envenom"],"picked":"Deadly Poison"},{"not_picked":["Acrobatics","Backflip"],"picked":"Poisoned Stab"},{"not_picked":["Prepared","Outmaneuver"],"picked":"Caltrops"},{"not_picked":["Outmaneuver","Acrobatics"],"picked":"Blur"},{"not_picked":["Prepared","Poisoned Stab"],"picked":"Deflect"},{"not_picked":["Caltrops","Night Terror"],"picked":"Deflect"},{"not_picked":["Envenom","Phantasmal Killer"],"picked":"After Image"},{"not_picked":["Outmaneuver","Poisoned Stab"],"picked":"Slice"},{"not_picked":["Distraction","Flying Knee"],"picked":"Sucker Punch"},{"not_picked":["Slice","Flying Knee"],"picked":"Blur"},{"not_picked":["Poisoned Stab","Prepared"],"picked":"Infinite Blades"},{"not_picked":["Blade Dance","Terror"],"picked":"Dagger Spray"},{"not_picked":["Crippling Poison","Deadly Poison"],"picked":"Deflect"},{"not_picked":["Venomology","Blade Dance"],"picked":"Backflip"},{"not_picked":["Outmaneuver","Deflect"],"picked":"PiercingWail"},{"not_picked":["Sucker Punch","Flying Knee"],"picked":"Bouncing Flask"},{"not_picked":["Bouncing Flask","Masterful Stab"],"picked":"Quick Slash"},{"not_picked":["Poisoned Stab","Flying Knee"],"picked":"Dagger Spray"},{"not_picked":["Infinite Blades","Blade Dance"],"picked":"Die Die Die"},{"not_picked":["Poisoned Stab","Blade Dance"],"picked":"Dagger Spray"},{"not_picked":["Calculated Gamble","PiercingWail"],"picked":"Flying Knee"}],"player_experience":2066,"potions_floor_usage":[30,30,33,45],"damage_taken":[{"damage":0.0,"enemies":"Small Slimes","floor":1.0,"turns":4.0},{"damage":0.0,"enemies":"Cultist","floor":2.0,"turns":4.0},{"damage":0.0,"enemies":"Jaw Worm","floor":5.0,"turns":4.0},{"damage":11.0,"enemies":"3 Sentries","floor":7.0,"turns":7.0},{"damage":19.0,"enemies":"Exordium Thugs","floor":8.0,"turns":7.0},{"damage":0.0,"enemies":"Blue Slaver","floor":11.0,"turns":4.0},{"damage":4.0,"enemies":"2 Fungi Beasts","floor":12.0,"turns":4.0},{"damage":13.0,"enemies":"Hexaghost","floor":16.0,"turns":8.0},{"damage":0.0,"enemies":"Shell Parasite","floor":18.0,"turns":5.0},{"damage":0.0,"enemies":"Chosen","floor":22.0,"turns":4.0},{"damage":14,"enemies":"3 Cultists","floor":24,"turns":5},{"damage":8,"enemies":"Chosen and Byrds","floor":25,"turns":6},{"damage":0,"enemies":"Sentry and Sphere","floor":27,"turns":6},{"damage":9,"enemies":"Snecko","floor":28,"turns":4},{"damage":53,"enemies":"Slavers","floor":30,"turns":6},{"damage":0,"enemies":"Snake Plant","floor":31,"turns":4},{"damage":6,"enemies":"Champ","floor":33,"turns":12},{"damage":6,"enemies":"3 Darklings","floor":35,"turns":5},{"damage":0,"enemies":"Orb Walker","floor":37,"turns":3},{"damage":13,"enemies":"Maw","floor":39,"turns":8},{"damage":48,"enemies":"2 Orb Walkers","floor":41,"turns":6},{"damage":21,"enemies":"4 Shapes","floor":44,"turns":4},{"damage":18,"enemies":"Sphere and 2 Shapes","floor":45,"turns":3},{"damage":14,"enemies":"3 Darklings","floor":46,"turns":2}],"event_choices":[{"event_name":"Transmorgrifier","player_choice":"Transform","floor":4.0,"damage_taken":0.0},{"event_name":"Scrap Ooze","player_choice":"success","floor":14.0,"damage_taken":12.0},{"event_name":"Back to Basics","player_choice":"Simplicity","floor":19.0,"damage_taken":0.0},{"event_name":"Vampires","player_choice":"Ignored","floor":20.0,"damage_taken":0.0},{"event_name":"The Library","player_choice":"Read","floor":21.0,"damage_taken":0.0}],"boss_relics":[{"not_picked":["Snecko Eye","Runic Dome"],"picked":"Tiny House"}],"potions_floor_spawned":[1,5,11,18,24,27,31,39,41],"seed_played":"-6743445762368629146","killed_by":"3 Darklings","ascension_level":0,"is_trial":false}