{"path_per_floor":["M","?","M","?","M","E","R","M","T","M","M"],"character_chosen":"THE_SILENT","items_purchased":[],"gold_per_floor":[116,116,137,137,152,193,193,212,265,289,308,308],"floor_reached":12,"campfire_rested":0,"playtime":431,"item_purchase_floors":[],"current_hp_per_floor":[63,63,63,63,63,46,46,46,46,34,43,0],"items_purged":[],"gold":308,"score":119,"play_id":"e6718672-789b-4e14-8d52-3312cf397f27","local_time":"20180602150254","is_prod":false,"is_daily":false,"chose_seed":false,"is_ascension_mode":true,"campfire_upgraded":1,"win_rate":0,"timestamp":1527966174,"campfire_choices":[{"data":"Neutralize","floor":7,"key":"SMITH"}],"path_taken":["M","?","M","?","?","E","R","M","T","M","M","E"],"build_version":"2018-05-30v2","seed_source_timestamp":1395412551026450,"purchased_purges":0,"victory":false,"master_deck":["Defend_G","Defend_G","Defend_G","Defend_G","Defend_G","Strike_G","Strike_G","Strike_G","Strike_G","Survivor","Neutralize+1","All Out Attack","Flying Knee","Quick Slash","Riddle With Holes","Infinite Blades","Night Terror","Cloak And Dagger"],"max_hp_per_floor":[70,65,65,65,65,65,65,65,65,65,65,65],"relics":["Ring of the Snake","NeowsBlessing","Golden Idol","Blue Candle","Juzu Bracelet"],"card_choices":[{"not_picked":["Distraction","Heel Hook"],"picked":"All Out Attack","floor":1},{"not_picked":["Prepared","Terror"],"picked":"Flying Knee","floor":3},{"not_picked":["Dodge and Roll","Acrobatics"],"picked":"Quick Slash","floor":5},{"not_picked":["Quick Slash","Dodge and Roll"],"picked":"Riddle With Holes","floor":6},{"not_picked":["Flying Knee","Deadly Poison"],"picked":"Infinite Blades","floor":8},{"not_picked":["Bane","Deflect"],"picked":"Night Terror","floor":10},{"not_picked":["Poisoned Stab","Dagger Throw"],"picked":"Cloak And Dagger","floor":11}],"player_experience":388966,"potions_floor_usage":[6,11,11],"damage_taken":[{"damage":0,"enemies":"Cultist","floor":1,"turns":1},{"damage":0,"enemies":"2 Louse","floor":3,"turns":1},{"damage":0,"enemies":"Small Slimes","floor":5,"turns":1},{"damage":17,"enemies":"3 Sentries","floor":6,"turns":8},{"damage":0,"enemies":"Looter","floor":8,"turns":3},{"damage":12,"enemies":"Gremlin Gang","floor":10,"turns":4},{"damage":0,"enemies":"Exordium Wildlife","floor":11,"turns":3},{"damage":49,"enemies":"Lagavulin","floor":12,"turns":8}],"relics_obtained":[{"floor":6,"key":"Blue Candle"},{"floor":9,"key":"Juzu Bracelet"}],"event_choices":[{"event_name":"Golden Idol","player_choice":"Lose Max HP","floor":2,"damage_taken":0},{"event_name":"Purifier","player_choice":"One Purge","floor":4,"damage_taken":0}],"boss_relics":[],"items_purged_floors":[],"potions_floor_spawned":[1,3,8,10],"seed_played":"8548728105545023166","killed_by":"Lagavulin","ascension_level":9,"potions_obtained":[{"floor":1,"key":"AttackPotion"},{"floor":3,"key":"FearPotion"},{"floor":8,"key":"Energy Potion"},{"floor":10,"key":"Regen Potion"}],"is_trial":false}