{"path_per_floor":["M","?","M","$","M","E","R","M","T","E","?","E","M","?","R","B",null,"M","M","$","M","?"],"character_chosen":"THE_SILENT","items_purchased":["Cloak And Dagger","Bag of Marbles"],"gold_per_floor":[110,110,123,71,81,109,109,126,126,157,157,190,204,204,204,301,301,313,326,183,203,303,303],"floor_reached":23,"campfire_rested":1,"playtime":1407,"current_hp_per_floor":[66,66,65,65,63,59,59,59,59,37,25,22,22,22,43,35,61,57,47,47,28,28,0],"items_purged":[],"gold":303,"score":264,"play_id":"d0c6b6fc-cd41-4a81-9a6d-cf8e19007982","local_time":"20180408000000","is_prod":false,"is_daily":false,"is_ascension_mode":true,"campfire_upgraded":1,"timestamp":1523160000,"path_taken":["M","?","?","$","M","E","R","?","T","E","?","E","?","?","R","BOSS","M","M","?","M","?","E"],"build_version":"2018-04-05","purchased_purges":1,"victory":false,"master_deck":["Defend_G","Defend_G","Defend_G","Defend_G","Defend_G","Strike_G","Strike_G","Strike_G","Strike_G","Strike_G","Survivor","Neutralize+1","Flying Knee","Dash","Cloak And Dagger+1","Quick Slash","Endless Agony","Malaise","Expertise","Backstab","Glass Knife","Escape Plan","Endless Agony","Glass Knife"],"max_hp_per_floor":[70,70,70,70,70,70,70,70,70,70,70,70,70,70,70,70,70,70,70,70,70,70,70],"relics":["Ring of the Snake","Orichalcum","Bottled Lightning","Tingsha","Happy Flower","Blood Vial","Juzu Bracelet","Velvet Choker","Bag of Marbles"],"card_choices":[{"not_picked":["Quick Slash","Distraction"],"picked":"Flying Knee","floor":1},{"not_picked":["Escape Plan","Infinite Blades"],"picked":"Dash","floor":3},{"not_picked":["Outmaneuver","Riddle With Holes"],"picked":"Quick Slash","floor":5},{"not_picked":["Acrobatics","Venomology"],"picked":"Endless Agony","floor":6},{"not_picked":["Distraction","PiercingWail"],"picked":"Malaise","floor":8},{"not_picked":["Flying Knee","Bouncing Flask"],"picked":"Expertise","floor":10},{"not_picked":["Well Laid Plans","Dodge and Roll"],"picked":"Backstab","floor":12},{"not_picked":["Unload","Doppelganger"],"picked":"Glass Knife","floor":16},{"not_picked":["Flying Knee","PiercingWail"],"picked":"Escape Plan","floor":18},{"not_picked":["Acrobatics","Outmaneuver"],"picked":"Endless Agony","floor":19},{"not_picked":["Poisoned Stab","Underhanded Strike"],"picked":"Glass Knife","floor":21}],"player_experience":126003,"potions_floor_usage":[6,12,12,16,23],"damage_taken":[{"damage":4,"enemies":"Cultist","floor":1,"turns":5},{"damage":1,"enemies":"2 Louse","floor":3,"turns":2},{"damage":2,"enemies":"Jaw Worm","floor":5,"turns":4},{"damage":4,"enemies":"3 Sentries","floor":6,"turns":9},{"damage":0,"enemies":"2 Fungi Beasts","floor":8,"turns":3},{"damage":22,"enemies":"Gremlin Nob","floor":10,"turns":5},{"damage":18,"enemies":"Lagavulin","floor":12,"turns":6},{"damage":2,"enemies":"Large Slime","floor":13,"turns":5},{"damage":10,"enemies":"The Guardian","floor":16,"turns":11},{"damage":6,"enemies":"Chosen","floor":18,"turns":5},{"damage":12,"enemies":"2 Thieves","floor":19,"turns":4},{"damage":21,"enemies":"Snake Plant","floor":21,"turns":6},{"damage":36,"enemies":"Gremlin Leader","floor":23,"turns":6}],"event_choices":[{"event_name":"Living Wall","player_choice":"Grow","floor":2,"damage_taken":0},{"event_name":"Scrap Ooze","player_choice":"success","floor":11,"damage_taken":12},{"event_name":"Dead Adventurer","player_choice":"Searched \u00271\u0027 times","floor":14,"damage_taken":0},{"event_name":"Golden Shrine","player_choice":"Pray","floor":22,"damage_taken":0}],"boss_relics":[{"not_picked":["White Beast Statue","Snecko Eye"],"picked":"Velvet Choker"}],"potions_floor_spawned":[5,6,8,10,18],"seed_played":"-2864650436054023173","killed_by":"Gremlin Leader","ascension_level":5,"is_trial":false}