{"path_per_floor":["M","?","?","M","M","R","E","?","T","M","E","M","M","M","R"],"character_chosen":"THE_SILENT","items_purchased":[],"gold_per_floor":[19,19,19,33,52,52,78,78,129,142,167,183,195,207,207],"floor_reached":16,"campfire_rested":0,"playtime":4111,"current_hp_per_floor":[82,82,84,84,84,84,66,84,84,84,61,54,54,54,54],"items_purged":[],"gold":207,"score":131,"play_id":"eda8bf13-c0b2-45b8-832d-d4335605ca2c","local_time":"20180308212231","is_prod":false,"is_daily":false,"is_ascension_mode":true,"campfire_upgraded":2,"timestamp":1520562151,"path_taken":["M","?","?","M","?","R","E","?","T","M","E","?","?","M","R","BOSS"],"build_version":"2018-03-01-PROD1","purchased_purges":0,"victory":false,"master_deck":["Defend_G","Defend_G","Defend_G","Defend_G+1","Defend_G","Strike_G","Strike_G","Strike_G","Strike_G","Strike_G","Survivor","Neutralize","Backflip+1","Backflip+1","Finisher","Accuracy+1","Noxious Fumes","Deflect","PiercingWail"],"max_hp_per_floor":[84,84,84,84,84,84,84,84,84,84,84,84,84,84,84],"relics":["Ring of the Snake","Ninja Scroll","War Paint","Pen Nib"],"card_choices":[{"not_picked":["Slice","Eviscerate"],"picked":"Backflip"},{"not_picked":["Quick Slash","Reflex"],"picked":"Backflip"},{"not_picked":["Dagger Throw","Predator"],"picked":"Finisher"},{"not_picked":["Backflip","Caltrops"],"picked":"Accuracy"},{"not_picked":["Wraith Form","Distraction"],"picked":"Noxious Fumes"},{"not_picked":["Dash","Dodge and Roll"],"picked":"Deflect"},{"not_picked":["Acrobatics","Bane"],"picked":"PiercingWail"}],"player_experience":441951,"potions_floor_usage":[7,11,11,16,16],"damage_taken":[{"damage":2,"enemies":"2 Louse","floor":1,"turns":3},{"damage":0,"enemies":"Cultist","floor":4,"turns":5},{"damage":0,"enemies":"Small Slimes","floor":5,"turns":4},{"damage":18,"enemies":"3 Sentries","floor":7,"turns":14},{"damage":0,"enemies":"Blue Slaver","floor":10,"turns":3},{"damage":23,"enemies":"Lagavulin","floor":11,"turns":10},{"damage":7,"enemies":"Lots of Slimes","floor":12,"turns":4},{"damage":0,"enemies":"Gremlin Gang","floor":13,"turns":4},{"damage":0,"enemies":"Looter","floor":14,"turns":3},{"damage":64,"enemies":"Slime Boss","floor":16,"turns":14}],"event_choices":[{"event_name":"The Lab","player_choice":"Got Potions","floor":2,"damage_taken":0},{"event_name":"Wheel of Change","player_choice":"Full Heal","floor":3,"damage_taken":0},{"event_name":"Big Fish","player_choice":"Banana","floor":8,"damage_taken":0}],"boss_relics":[],"potions_floor_spawned":[5,7,11],"seed_played":"6737915153283779623","killed_by":"Slime Boss","ascension_level":3,"is_trial":false}