{"path_per_floor":["M","M","$","?","?","R","E","M","T","M","M","?","E","M","R"],"character_chosen":"IRONCLAD","items_purchased":[],"gold_per_floor":[113,128,53,53,53,53,83,101,126,143,156,156,183,197,197],"floor_reached":16,"campfire_rested":1,"playtime":1372,"current_hp_per_floor":[80,76,76,76,76,76,35,29,29,28,25,25,21,13,37],"items_purged":["Immolate"],"gold":197,"score":112,"play_id":"51986934-ab0f-44ac-aca5-25a7d239ea09","is_prod":false,"is_daily":false,"is_ascension_mode":false,"campfire_upgraded":1,"path_taken":["M","M","$","?","?","R","E","M","T","M","M","?","E","M","R","BOSS"],"build_version":"2018-02-15-PROD1","purchased_purges":1,"victory":false,"master_deck":["Strike_R","Strike_R","Strike_R","Strike_R","Strike_R","Defend_R","Defend_R","Defend_R","Defend_R","Bash+1","Combust","Metallicize+1","Double Tap","Spot Weakness","Uppercut","Wild Strike","Cleave","Rage"],"max_hp_per_floor":[80,80,80,80,80,80,80,80,80,80,80,80,80,80,80],"relics":["Burning Blood","Singing Bowl","Pen Nib","Bottled Flame"],"card_choices":[{"not_picked":["True Grit","Havoc"],"picked":"Combust"},{"not_picked":["Wild Strike","Whirlwind"],"picked":"Metallicize"},{"not_picked":["Armaments","Havoc"],"picked":"Double Tap"},{"not_picked":["Armaments","Burning Pact"],"picked":"Spot Weakness"},{"not_picked":["Whirlwind","Searing Blow"],"picked":"Uppercut"},{"not_picked":["Flame Barrier","Burning Pact"],"picked":"Wild Strike"},{"not_picked":["Corruption","Blood for Blood"],"picked":"Cleave"},{"not_picked":["Armaments","Feel No Pain"],"picked":"Rage"}],"player_experience":137484,"potions_floor_usage":[7,13,13,14,14],"damage_taken":[{"damage":0,"enemies":"2 Louse","floor":1,"turns":4},{"damage":10,"enemies":"Cultist","floor":2,"turns":4},{"damage":47,"enemies":"Lagavulin","floor":7,"turns":9},{"damage":12,"enemies":"Jaw Worm","floor":8,"turns":4},{"damage":7,"enemies":"2 Fungi Beasts","floor":10,"turns":5},{"damage":9,"enemies":"Large Slime","floor":11,"turns":4},{"damage":10,"enemies":"Gremlin Nob","floor":13,"turns":3},{"damage":14,"enemies":"Exordium Thugs","floor":14,"turns":4},{"damage":39,"enemies":"The Guardian","floor":16,"turns":12}],"event_choices":[{"event_name":"The Lab","player_choice":"Got Potions","floor":4,"damage_taken":0},{"event_name":"Living Wall","player_choice":"Grow","floor":5,"damage_taken":0},{"event_name":"Liars Game","player_choice":"disagreed","floor":12,"damage_taken":0}],"boss_relics":[],"potions_floor_spawned":[1,10,11,13],"seed_played":"7293899306029601704","killed_by":"The Guardian","ascension_level":0,"is_trial":false}