{"path_per_floor":["M","M","M","?","$","R","E","R","T","R","?","E","R","M","R","B",null,"M","?","?","M","M","R","M","?","T","$","M","M","M","$","R","B",null,"M","?","M","$","?","R","M","R","T","T","T","M","M","M","R","B"],"character_chosen":"THE_SILENT","items_purchased":["Panache","Infinite Blades","Torii","Glass Knife","Cloak And Dagger","After Image"],"gold_per_floor":[216,235,248,308,55,55,88,88,167,167,260,289,289,305,305,404,404,419,419,419,436,448,448,466,466,492,30,50,64,74,22,22,119,119,134,134,154,79,79,79,95,95,146,170,218,229,245,260,260,260],"floor_reached":51,"campfire_rested":4,"playtime":3560,"current_hp_per_floor":[70,70,70,70,70,70,58,58,58,58,36,33,33,33,54,20,70,66,66,66,64,64,64,64,64,64,64,51,51,44,44,65,31,70,54,54,54,54,54,54,42,63,63,63,63,63,56,58,74,56],"items_purged":["Clumsy"],"gold":260,"score":683,"play_id":"890c8cf3-0c57-45a2-b0eb-c194d2ab2746","local_time":"20180331210427","is_prod":false,"is_daily":false,"is_ascension_mode":false,"campfire_upgraded":6,"timestamp":1522544667,"path_taken":["M","M","M","?","$","R","E","R","T","R","?","E","R","?","R","BOSS","M","?","?","M","?","R","M","?","T","$","M","M","M","?","R","BOSS","M","?","M","$","?","R","M","R","T","?","?","?","M","M","R","BOSS"],"build_version":"2018-03-29","purchased_purges":1,"victory":true,"master_deck":["Defend_G","Defend_G","Defend_G","Defend_G","Defend_G","Strike_G","Strike_G","Strike_G","Strike_G","Strike_G","Survivor","Neutralize+1","Cloak And Dagger+1","Backstab","Escape Plan+1","Panache+1","Infinite Blades+1","Dagger Spray","Escape Plan","Sucker Punch+1","Slice+1","Storm of Steel","Escape Plan+1","Malaise","Deflect","Endless Agony+1","Backflip+1","Glass Knife+1","Acrobatics+1","Prepared","Finisher+1","Cloak And Dagger","A Thousand Cuts+1","Injury","Writhe","PiercingWail+1","Cloak And Dagger","After Image+1","Terror+1","Decay","Accuracy"],"max_hp_per_floor":[70,70,70,70,70,70,70,70,70,70,70,70,70,70,70,70,70,70,70,70,70,70,70,70,70,70,70,70,70,70,70,70,70,70,70,70,70,70,70,70,70,70,70,70,70,70,72,74,74,74],"relics":["Ring of the Snake","Ancient Tea Set","Molten Egg 2","Tiny Chest","Lantern","Cursed Key","Happy Flower","Torii","Calling Bell","Kunai","Oddly Smooth Stone","Meat on the Bone","Spirit Poop","Omamori","Singing Bowl","Bronze Scales"],"card_choices":[{"not_picked":["Bane","Malaise"],"picked":"Cloak And Dagger","floor":1},{"not_picked":["Expertise","Bouncing Flask"],"picked":"Backstab","floor":2},{"not_picked":["Prepared","All Out Attack"],"picked":"Escape Plan","floor":3},{"not_picked":["Noxious Fumes","Tactician"],"picked":"Dagger Spray","floor":7},{"not_picked":["Prepared","Outmaneuver"],"picked":"Escape Plan","floor":11},{"not_picked":["Deadly Poison","Venomology"],"picked":"Sucker Punch","floor":12},{"not_picked":["Noxious Fumes","Underhanded Strike"],"picked":"Slice","floor":14},{"not_picked":["Tactician","Wraith Form"],"picked":"Storm of Steel","floor":16},{"not_picked":["Leg Sweep","Deadly Poison"],"picked":"Escape Plan","floor":18},{"not_picked":["Dagger Throw","Bane"],"picked":"Deflect","floor":21},{"not_picked":["Deflect","Outmaneuver"],"picked":"Endless Agony","floor":22},{"not_picked":["Dodge and Roll","Prepared"],"picked":"Backflip","floor":24},{"not_picked":["Accuracy","Deadly Poison"],"picked":"Acrobatics","floor":28},{"not_picked":["Quick Slash","Flying Knee"],"picked":"Prepared","floor":29},{"not_picked":["Slice","Sucker Punch"],"picked":"Finisher","floor":30},{"not_picked":["Doppelganger","Burst"],"picked":"A Thousand Cuts","floor":33},{"not_picked":["Crippling Poison","Sucker Punch"],"picked":"PiercingWail","floor":35},{"not_picked":["Slice","Deadly Poison"],"picked":"Cloak And Dagger","floor":37},{"not_picked":["Poisoned Stab","Cloak And Dagger"],"picked":"Terror","floor":41},{"not_picked":["Sucker Punch","Finisher"],"picked":"Accuracy","floor":46}],"player_experience":43222,"potions_floor_usage":[11,12,12,12,18,24,24,28,35,46,50],"damage_taken":[{"damage":0,"enemies":"2 Louse","floor":1,"turns":3},{"damage":0,"enemies":"Jaw Worm","floor":2,"turns":4},{"damage":0,"enemies":"Cultist","floor":3,"turns":4},{"damage":12,"enemies":"Gremlin Nob","floor":7,"turns":4},{"damage":22,"enemies":"Lagavulin Event","floor":11,"turns":4},{"damage":3,"enemies":"3 Sentries","floor":12,"turns":2},{"damage":0,"enemies":"Red Slaver","floor":14,"turns":4},{"damage":34,"enemies":"The Guardian","floor":16,"turns":12},{"damage":4,"enemies":"2 Thieves","floor":18,"turns":3},{"damage":2,"enemies":"Shell Parasite","floor":21,"turns":3},{"damage":0,"enemies":"Centurion and Healer","floor":22,"turns":3},{"damage":0,"enemies":"Snecko","floor":24,"turns":4},{"damage":13,"enemies":"Chosen and Byrds","floor":28,"turns":7},{"damage":0,"enemies":"Centurion and Healer","floor":29,"turns":5},{"damage":7,"enemies":"Sentry and Sphere","floor":30,"turns":4},{"damage":34,"enemies":"Automaton","floor":33,"turns":8},{"damage":16,"enemies":"Flame Bruiser 1 Orb","floor":35,"turns":3},{"damage":0,"enemies":"Orb Walker","floor":37,"turns":2},{"damage":12,"enemies":"3 Darklings","floor":41,"turns":4},{"damage":0,"enemies":"Flame Bruiser 2 Orb","floor":46,"turns":4},{"damage":9,"enemies":"Spire Growth","floor":47,"turns":6},{"damage":0,"enemies":"Maw","floor":48,"turns":6},{"damage":18,"enemies":"Time Eater","floor":50,"turns":11}],"event_choices":[{"event_name":"Golden Wing","player_choice":"Gained Gold","floor":4,"damage_taken":0},{"event_name":"Dead Adventurer","player_choice":"Searched \u00272\u0027 times","floor":11,"damage_taken":0},{"event_name":"The Library","player_choice":"Read","floor":19,"damage_taken":0},{"event_name":"Drug Dealer","player_choice":"Ignored","floor":20,"damage_taken":0},{"event_name":"Upgrade Shrine","player_choice":"Upgraded","floor":25,"damage_taken":0},{"event_name":"Bonfire Elementals","player_choice":"CURSE","floor":36,"damage_taken":0},{"event_name":"Accursed Blacksmith","player_choice":"Forge","floor":39,"damage_taken":0}],"boss_relics":[{"not_picked":["Eternal Feather","Ectoplasm"],"picked":"Cursed Key"},{"not_picked":["Velvet Choker","Pandora\u0027s Box"],"picked":"Calling Bell"}],"potions_floor_spawned":[2,3,11,11,12,14,21,22,30,33,35,41,48],"seed_played":"2916294883242023248","ascension_level":0,"is_trial":false}