{"path_per_floor":["M","?","M","M","M","R","T","E","T","M","M","R","$","M","R","B",null,"M","?","M","?","M"],"character_chosen":"THE_SILENT","items_purchased":["Glass Knife","Footwork"],"gold_per_floor":[114,114,127,140,155,155,155,187,236,254,266,266,47,61,61,159,159,174,89,100,100,114,114],"floor_reached":23,"campfire_rested":2,"playtime":1390,"item_purchase_floors":[13,13],"current_hp_per_floor":[63,63,62,54,54,54,54,8,8,17,25,46,46,47,68,44,64,59,59,52,52,51,0],"items_purged":[],"gold":114,"score":283,"play_id":"301b7193-01a8-45b3-87c4-1c0e496207c9","local_time":"20180605191925","is_prod":false,"is_daily":false,"chose_seed":true,"is_ascension_mode":true,"campfire_upgraded":1,"win_rate":0,"timestamp":1528240765,"campfire_choices":[{"data":"Neutralize","floor":6,"key":"SMITH"},{"floor":12,"key":"REST"},{"floor":15,"key":"REST"}],"path_taken":["M","?","?","?","M","R","?","E","T","M","M","R","$","M","R","BOSS","M","?","M","?","?","E"],"build_version":"2018-06-04v2","seed_source_timestamp":201775403320939,"purchased_purges":0,"victory":false,"master_deck":["Defend_G","Defend_G","Defend_G","Defend_G","Defend_G","Strike_G","Strike_G","Strike_G","Strike_G","Strike_G","Survivor","Neutralize+1","Backflip+1","Wraith Form v2","Quick Slash","Dodge and Roll","Skewer","Cloak And Dagger","Night Terror","Glass Knife","Footwork","Backstab","Phantasmal Killer","Setup+1","PiercingWail","Night Terror"],"max_hp_per_floor":[70,70,70,70,70,70,70,70,70,70,70,70,70,70,70,70,70,70,70,70,70,70,70],"relics":["Ring of the Snake","Ninja Scroll","Meat on the Bone","Boot","Sozu","Shovel"],"card_choices":[{"not_picked":["Deflect","Accuracy"],"picked":"Backflip","floor":1},{"not_picked":["Dodge and Roll","Prepared"],"picked":"Wraith Form v2","floor":3},{"not_picked":["Acrobatics","Deflect"],"picked":"Quick Slash","floor":4},{"not_picked":["Accuracy","Deadly Poison"],"picked":"Dodge and Roll","floor":5},{"not_picked":["Dagger Throw","Prepared"],"picked":"Skewer","floor":8},{"not_picked":["Underhanded Strike","Noxious Fumes"],"picked":"Cloak And Dagger","floor":10},{"not_picked":["Prepared","Backflip"],"picked":"Night Terror","floor":11},{"not_picked":["Deadly Poison","Dagger Throw"],"picked":"Backstab","floor":14},{"not_picked":["A Thousand Cuts","Tactician"],"picked":"Phantasmal Killer","floor":16},{"not_picked":["Deadly Poison","Distraction+1"],"picked":"Setup+1","floor":18},{"not_picked":["Eviscerate","Prepared+1"],"picked":"PiercingWail","floor":20},{"not_picked":["Backflip","Flying Knee"],"picked":"Night Terror","floor":22}],"player_experience":397855,"potions_floor_usage":[8,16],"damage_taken":[{"damage":0,"enemies":"2 Louse","floor":1,"turns":4},{"damage":1,"enemies":"Cultist","floor":3,"turns":5},{"damage":8,"enemies":"Jaw Worm","floor":4,"turns":9},{"damage":0,"enemies":"Red Slaver","floor":5,"turns":6},{"damage":46,"enemies":"Lagavulin","floor":8,"turns":11},{"damage":3,"enemies":"Gremlin Gang","floor":10,"turns":4},{"damage":4,"enemies":"Exordium Thugs","floor":11,"turns":6},{"damage":11,"enemies":"Large Slime","floor":14,"turns":8},{"damage":24,"enemies":"Hexaghost","floor":16,"turns":12},{"damage":5,"enemies":"Spheric Guardian","floor":18,"turns":3},{"damage":7,"enemies":"Shell Parasite","floor":20,"turns":4},{"damage":1,"enemies":"Snecko","floor":22,"turns":5},{"damage":52,"enemies":"Slavers","floor":23,"turns":11}],"relics_obtained":[{"floor":7,"key":"Ninja Scroll"},{"floor":8,"key":"Meat on the Bone"},{"floor":9,"key":"Boot"}],"event_choices":[{"event_name":"Upgrade Shrine","player_choice":"Upgraded","floor":2,"damage_taken":0},{"event_name":"Addict","player_choice":"Obtained Relic","floor":19,"damage_taken":0},{"event_name":"Drug Dealer","player_choice":"Ignored","floor":21,"damage_taken":0}],"boss_relics":[{"not_picked":["Astrolabe","White Beast Statue"],"picked":"Sozu"}],"items_purged_floors":[],"potions_floor_spawned":[3,11,14,16,18,22],"seed_played":"-8623042705149605899","killed_by":"Slavers","ascension_level":9,"potions_obtained":[{"floor":3,"key":"PowerPotion"},{"floor":11,"key":"LiquidBronze"},{"floor":14,"key":"SpeedPotion"},{"floor":16,"key":"Ancient Potion"}],"is_trial":false}