{"path_per_floor":["M","M","?","$","M","R","M","E","T","R","?","M","R","M","R","B",null,"M","?","?","?","M","E","R","M","T","$","?","M","?","M","R","B",null,"M","$","M","M","?","R","M","?","T","M","?","M","M"],"character_chosen":"THE_SILENT","items_purchased":["Flash of Steel","PiercingWail","Pen Nib","Slice","Orichalcum","Strawberry","Madness","Accuracy"],"gold_per_floor":[362,376,376,82,102,102,118,143,169,169,269,288,288,300,300,403,403,420,420,420,420,431,466,466,476,549,49,49,59,89,107,107,204,204,221,47,65,79,79,79,89,89,116,132,132,150,160,160],"floor_reached":48,"campfire_rested":3,"playtime":3086,"current_hp_per_floor":[62,62,55,55,55,55,45,37,37,37,37,37,55,54,54,40,63,58,58,58,58,58,39,57,57,57,64,64,54,37,32,53,36,70,69,69,63,40,70,70,68,68,68,47,47,32,20,0],"items_purged":["Eviscerate","Decay"],"gold":160,"score":574,"play_id":"64d8458b-a4b1-45e8-8bd1-221013168b03","local_time":"20180407012512","is_prod":false,"is_daily":false,"is_ascension_mode":true,"campfire_upgraded":4,"timestamp":1523078712,"path_taken":["M","M","?","$","?","R","M","E","T","R","?","M","R","?","R","BOSS","M","?","?","?","?","E","R","M","T","$","?","M","?","M","R","BOSS","M","$","?","M","?","R","?","?","T","?","?","M","M","?"],"build_version":"2018-04-05","purchased_purges":2,"victory":false,"master_deck":["Defend_G+1","Defend_G+1","Defend_G+1","Defend_G+1","Strike_G+1","Strike_G+1","Survivor","Neutralize+1","Dagger Spray+1","Malaise+1","Flash of Steel+1","PiercingWail","Flying Knee","Burst","Adrenaline","Infinite Blades+1","Skewer+1","Backflip+1","Footwork","Phantasmal Killer","PiercingWail+1","Distraction","Cloak And Dagger","Slice","Madness","Dagger Throw+1","After Image+1","Accuracy","Outmaneuver+1","Acrobatics","Bandage Up","Cloak And Dagger","Cloak And Dagger"],"max_hp_per_floor":[63,63,63,63,63,63,63,63,63,63,63,63,63,63,63,63,63,63,63,63,63,63,63,63,63,63,70,70,70,70,70,70,70,70,70,70,70,70,70,70,70,70,70,72,72,72,72,72],"relics":["Ring of the Snake","Pen Nib","Bag of Preparation","Whetstone","Astrolabe","Kunai","Shuriken","Orichalcum","Strawberry","Red Mask","Eternal Feather","Singing Bowl"],"card_choices":[{"not_picked":["Cloak And Dagger","Accuracy"],"picked":"Dagger Spray","floor":1},{"not_picked":["Dagger Spray","Underhanded Strike"],"picked":"Malaise","floor":2},{"not_picked":["Reflex","Deflect"],"picked":"Flying Knee","floor":5},{"not_picked":["Sucker Punch","Prepared"],"picked":"PiercingWail","floor":8},{"not_picked":["Slice","Dodge and Roll"],"picked":"Burst","floor":14},{"not_picked":["Phantasmal Killer","Doppelganger"],"picked":"Adrenaline","floor":16},{"not_picked":["Dagger Spray","All Out Attack"],"picked":"Backflip","floor":18},{"not_picked":["Dagger Throw","Bane"],"picked":"PiercingWail","floor":22},{"not_picked":["Acrobatics","PiercingWail"],"picked":"Distraction","floor":23},{"not_picked":["Die Die Die","Poisoned Stab"],"picked":"Cloak And Dagger","floor":25},{"not_picked":["Slice","Concentrate"],"picked":"Dagger Throw","floor":31},{"not_picked":["Die Die Die","Bullet Time"],"picked":"After Image","floor":33},{"not_picked":["Outmaneuver","Endless Agony"],"picked":"Backflip","floor":35},{"not_picked":["Reflex","Distraction"],"picked":"Outmaneuver","floor":38},{"not_picked":["Dagger Throw","Poisoned Stab"],"picked":"Acrobatics","floor":41},{"not_picked":["Mind Blast","Swift Strike"],"picked":"Bandage Up","floor":45},{"not_picked":["Backflip","Flying Knee"],"picked":"Cloak And Dagger","floor":46},{"not_picked":["Noxious Fumes","Flechettes"],"picked":"Cloak And Dagger","floor":47}],"player_experience":102841,"potions_floor_usage":[8,8,14,29,35,41,46,46,47],"damage_taken":[{"damage":1,"enemies":"2 Louse","floor":1,"turns":3},{"damage":0,"enemies":"Small Slimes","floor":2,"turns":2},{"damage":0,"enemies":"Cultist","floor":5,"turns":5},{"damage":10,"enemies":"Red Slaver","floor":7,"turns":6},{"damage":8,"enemies":"Lagavulin","floor":8,"turns":9},{"damage":0,"enemies":"Looter","floor":12,"turns":3},{"damage":1,"enemies":"Exordium Thugs","floor":14,"turns":4},{"damage":14,"enemies":"The Guardian","floor":16,"turns":16},{"damage":5,"enemies":"Shell Parasite","floor":18,"turns":6},{"damage":0,"enemies":"Chosen","floor":22,"turns":4},{"damage":19,"enemies":"Slavers","floor":23,"turns":7},{"damage":0,"enemies":"Snecko","floor":25,"turns":3},{"damage":10,"enemies":"Snake Plant","floor":29,"turns":7},{"damage":17,"enemies":"Masked Bandits","floor":30,"turns":4},{"damage":5,"enemies":"Centurion and Healer","floor":31,"turns":5},{"damage":17,"enemies":"Champ","floor":33,"turns":12},{"damage":1,"enemies":"Orb Walker","floor":35,"turns":5},{"damage":6,"enemies":"3 Shapes","floor":37,"turns":6},{"damage":23,"enemies":"Sphere and 2 Shapes","floor":38,"turns":8},{"damage":2,"enemies":"Flame Bruiser 2 Orb","floor":41,"turns":7},{"damage":23,"enemies":"Spire Growth","floor":44,"turns":5},{"damage":19,"enemies":"4 Shapes","floor":46,"turns":6},{"damage":16,"enemies":"3 Darklings","floor":47,"turns":6},{"damage":24,"enemies":"Spire Growth","floor":48,"turns":4}],"event_choices":[{"event_name":"Golden Wing","player_choice":"Card Removal","floor":3,"damage_taken":0},{"event_name":"Golden Shrine","player_choice":"Pray","floor":11,"damage_taken":0},{"event_name":"Back to Basics","player_choice":"Simplicity","floor":19,"damage_taken":0},{"event_name":"The Library","player_choice":"Read","floor":20,"damage_taken":0},{"event_name":"Transmorgrifier","player_choice":"Transform","floor":21,"damage_taken":0},{"event_name":"Forgotten Altar","player_choice":"Smashed Altar","floor":28,"damage_taken":0},{"event_name":"Masked Bandits","player_choice":"Fought over 59 gold","floor":30,"damage_taken":0},{"event_name":"Wheel of Change","player_choice":"Full Heal","floor":39,"damage_taken":0},{"event_name":"SensoryStone","player_choice":"Memory 1","floor":45,"damage_taken":0}],"boss_relics":[{"not_picked":["Orrery","Calling Bell"],"picked":"Astrolabe"},{"not_picked":["Black Star","Lizard Tail"],"picked":"Eternal Feather"}],"potions_floor_spawned":[2,7,8,23,29,33,37,41,46],"seed_played":"-4357525596730001942","killed_by":"Spire Growth","ascension_level":3,"is_trial":false}