{"path_per_floor":["M","M","?","M","M","R","E","?","T","M","M","?","?","M","R"],"character_chosen":"THE_SILENT","items_purchased":[],"gold_per_floor":[119,136,136,151,121,121,149,149,219,230,245,245,217,231,231,231],"floor_reached":16,"campfire_rested":1,"playtime":968,"current_hp_per_floor":[63,56,56,56,52,52,24,24,24,20,20,20,20,19,40,0],"items_purged":[],"gold":231,"score":138,"play_id":"3bb35fc2-61fd-437c-8b48-1cf57e55288e","local_time":"20180408201102","is_prod":false,"is_daily":false,"is_ascension_mode":true,"campfire_upgraded":1,"timestamp":1523232662,"path_taken":["M","M","?","?","M","R","E","?","T","M","?","?","?","M","R","BOSS"],"build_version":"2018-04-05","purchased_purges":0,"victory":false,"master_deck":["Defend_G","Defend_G","Defend_G","Defend_G","Defend_G","Strike_G","Strike_G","Strike_G","Strike_G","Strike_G","Survivor","Neutralize+1","Footwork+1","Reflex","Underhanded Strike","Dodge and Roll","Acrobatics","Cloak And Dagger","Flying Knee","Backflip"],"max_hp_per_floor":[70,70,70,70,70,70,70,70,70,70,70,70,70,70,70,70],"relics":["Ring of the Snake","Letter Opener","Bottled Flame"],"card_choices":[{"not_picked":["Dodge and Roll","Distraction"],"picked":"Footwork","floor":1},{"not_picked":["Dagger Throw","Poisoned Stab"],"picked":"Reflex","floor":2},{"not_picked":["Skewer","Bane"],"picked":"Underhanded Strike","floor":4},{"not_picked":["Calculated Gamble","Sucker Punch"],"picked":"Dodge and Roll","floor":5},{"not_picked":["Escape Plan","Tools of the Trade"],"picked":"Acrobatics","floor":7},{"not_picked":["Setup","Sucker Punch"],"picked":"Cloak And Dagger","floor":10},{"not_picked":["Deadly Poison","Concentrate"],"picked":"Flying Knee","floor":11},{"not_picked":["Blade Dance","Bane"],"picked":"Backflip","floor":14}],"player_experience":146730,"potions_floor_usage":[14,16],"damage_taken":[{"damage":0,"enemies":"2 Louse","floor":1,"turns":2},{"damage":7,"enemies":"Small Slimes","floor":2,"turns":5},{"damage":0,"enemies":"Cultist","floor":4,"turns":4},{"damage":4,"enemies":"Looter","floor":5,"turns":4},{"damage":28,"enemies":"3 Sentries","floor":7,"turns":16},{"damage":4,"enemies":"2 Fungi Beasts","floor":10,"turns":5},{"damage":0,"enemies":"3 Louse","floor":11,"turns":6},{"damage":1,"enemies":"Red Slaver","floor":14,"turns":3},{"damage":40,"enemies":"The Guardian","floor":16,"turns":14}],"event_choices":[{"event_name":"Living Wall","player_choice":"Grow","floor":3,"damage_taken":0},{"event_name":"Shining Light","player_choice":"Ignored","floor":8,"damage_taken":0},{"event_name":"The Lab","player_choice":"Got Potions","floor":12,"damage_taken":0},{"event_name":"World of Goop","player_choice":"Left","floor":13,"damage_taken":0}],"boss_relics":[],"potions_floor_spawned":[2,4,10],"seed_played":"4878146373516754848","killed_by":"The Guardian","ascension_level":7,"is_trial":false}