{"gold_per_floor":[115,115,127,52,70,97,108,108,135,5,5,5,38,38,38,136,136,154,154,27,27,39,39,65,65,65,15,15,32,32,47,47,146,146,160,7,7,23,42,60,60],"floor_reached":41,"playtime":1623,"items_purged":["Strike_G","Strike_G","Accuracy"],"score":419,"play_id":"3ed868d4-5a56-431d-989a-4d94ce367c9e","local_time":"20181228204517","is_ascension_mode":false,"campfire_choices":[{"data":"Crippling Poison","floor":8,"key":"SMITH"},{"floor":11,"key":"REST"},{"data":"Noxious Fumes","floor":15,"key":"SMITH"},{"data":"Footwork","floor":23,"key":"SMITH"},{"floor":25,"key":"REST"},{"data":"Footwork","floor":30,"key":"SMITH"},{"floor":32,"key":"REST"}],"neow_cost":"NONE","seed_source_timestamp":8498428429964,"circlet_count":0,"master_deck":["Defend_G","Defend_G","Defend_G","Defend_G","Defend_G","Strike_G","Survivor","Neutralize","Escape Plan","Flying Knee","Caltrops","Crippling Poison+1","Deflect","Noxious Fumes+1","Blur","Malaise","Footwork+1","Cloak And Dagger","Noxious Fumes","Footwork+1","Dash+1","Caltrops","Dodge and Roll+1","Adrenaline","Dagger Spray+1","Glass Knife+1","Swift Strike+1","Catalyst+1","PiercingWail","Noxious Fumes+1"],"relics":["Ring of the Snake","Bronze Scales","Smiling Mask","Oddly Smooth Stone","Bag of Marbles","Philosopher\u0027s Stone","Molten Egg 2","Eternal Feather"],"potions_floor_usage":[13,22,24,33,35,40],"damage_taken":[{"damage":2,"enemies":"Jaw Worm","floor":1,"turns":6},{"damage":4,"enemies":"Cultist","floor":3,"turns":5},{"damage":0,"enemies":"2 Louse","floor":5,"turns":3},{"damage":22,"enemies":"Lagavulin","floor":6,"turns":10},{"damage":4,"enemies":"2 Fungi Beasts","floor":7,"turns":4},{"damage":4,"enemies":"3 Sentries","floor":13,"turns":8},{"damage":13,"enemies":"The Guardian","floor":16,"turns":10},{"damage":3,"enemies":"Spheric Guardian","floor":18,"turns":6},{"damage":2,"enemies":"Shell Parasite","floor":22,"turns":4},{"damage":47,"enemies":"Slavers","floor":24,"turns":5},{"damage":1,"enemies":"Centurion and Healer","floor":29,"turns":6},{"damage":14,"enemies":"Cultist and Chosen","floor":31,"turns":6},{"damage":13,"enemies":"Automaton","floor":33,"turns":10},{"damage":0,"enemies":"Orb Walker","floor":35,"turns":5},{"damage":0,"enemies":"3 Shapes","floor":38,"turns":4},{"damage":5,"enemies":"Spire Growth","floor":39,"turns":7},{"damage":6,"enemies":"Writhing Mass","floor":40,"turns":5},{"damage":70,"enemies":"Reptomancer","floor":41,"turns":5}],"seed_played":"-1451808382346059571","potions_obtained":[{"floor":1,"key":"Regen Potion"},{"floor":6,"key":"SkillPotion"},{"floor":16,"key":"SkillPotion"},{"floor":18,"key":"SkillPotion"},{"floor":22,"key":"Poison Potion"},{"floor":31,"key":"SteroidPotion"},{"floor":38,"key":"Fire Potion"}],"is_trial":false,"path_per_floor":["M","?","M","$","M","E","M","R","T","$","R","$","E","?","R","B",null,"M","?","$","?","M","R","E","R","T","$","?","M","R","M","R","B",null,"M","$","?","M","M","M","E"],"character_chosen":"THE_SILENT","items_purchased":["Noxious Fumes","Cloak And Dagger","Noxious Fumes","Glass Knife+1"],"campfire_rested":3,"item_purchase_floors":[10,20,20,36],"current_hp_per_floor":[68,68,64,64,64,42,38,38,38,38,59,59,67,60,60,47,70,67,54,54,54,52,52,5,27,27,27,52,51,51,37,59,46,75,75,75,75,75,70,64,0],"gold":60,"neow_bonus":"RANDOM_COMMON_RELIC","is_prod":false,"is_daily":false,"chose_seed":false,"campfire_upgraded":4,"win_rate":0,"timestamp":1546047917,"path_taken":["M","?","M","$","?","E","M","R","T","$","R","?","E","?","R","BOSS","M","?","$","?","M","R","E","R","T","$","?","M","R","M","R","BOSS","M","$","?","M","M","M","E"],"build_version":"2018-12-25","purchased_purges":3,"victory":false,"max_hp_per_floor":[70,70,70,70,70,70,70,70,70,70,70,70,70,70,70,70,70,70,75,75,75,75,75,75,75,75,75,75,75,75,75,75,75,75,75,75,75,75,75,75,75],"card_choices":[{"not_picked":["Deflect","Underhanded Strike"],"picked":"Escape Plan","floor":1},{"not_picked":["Sucker Punch","Quick Slash"],"picked":"Flying Knee","floor":3},{"not_picked":["Escape Plan","Deadly Poison"],"picked":"Caltrops","floor":5},{"not_picked":["Underhanded Strike","Blade Dance"],"picked":"Crippling Poison","floor":6},{"not_picked":["Reflex","Distraction"],"picked":"Deflect","floor":7},{"not_picked":["Slice","Accuracy"],"picked":"Blur","floor":13},{"not_picked":["Corpse Explosion","A Thousand Cuts"],"picked":"Malaise","floor":16},{"not_picked":["Reflex+1","Slice"],"picked":"Footwork","floor":18},{"not_picked":["Predator","Underhanded Strike"],"picked":"Footwork","floor":22},{"not_picked":["Reflex","Heel Hook"],"picked":"Dash","floor":24},{"not_picked":["Infinite Blades+1","Deadly Poison"],"picked":"Caltrops","floor":29},{"not_picked":["Escape Plan","Riddle With Holes+1"],"picked":"Dodge and Roll+1","floor":31},{"not_picked":["Tools of the Trade","Venomology"],"picked":"Adrenaline","floor":33},{"not_picked":["Underhanded Strike+1","Choke+1"],"picked":"Dagger Spray+1","floor":35},{"not_picked":["Madness","Impatience"],"picked":"Swift Strike+1","floor":37},{"not_picked":["Bane+1","Endless Agony+1"],"picked":"Catalyst+1","floor":38},{"not_picked":["Finisher+1","Prepared+1"],"picked":"PiercingWail","floor":39},{"not_picked":["Slice+1","Flechettes+1"],"picked":"Noxious Fumes+1","floor":40}],"player_experience":1052106,"relics_obtained":[{"floor":6,"key":"Smiling Mask"},{"floor":9,"key":"Oddly Smooth Stone"},{"floor":13,"key":"Bag of Marbles"},{"floor":24,"key":"Molten Egg 2"}],"event_choices":[{"damage_healed":0,"gold_gain":0,"cards_transformed":["Strike_G"],"player_choice":"Transformed","damage_taken":0,"max_hp_gain":0,"max_hp_loss":0,"event_name":"Transmorgrifier","floor":2,"gold_loss":0,"cards_obtained":["Accuracy"]},{"cards_removed":["Strike_G"],"damage_healed":0,"gold_gain":0,"player_choice":"Card Removal","damage_taken":7,"max_hp_gain":0,"max_hp_loss":0,"event_name":"Golden Wing","floor":14,"gold_loss":0},{"damage_healed":0,"gold_gain":0,"player_choice":"Shed Blood","damage_taken":18,"max_hp_gain":5,"max_hp_loss":0,"event_name":"Forgotten Altar","floor":19,"gold_loss":0},{"damage_healed":0,"gold_gain":0,"player_choice":"Ignored","damage_taken":0,"max_hp_gain":0,"max_hp_loss":0,"event_name":"Beggar","floor":21,"gold_loss":0},{"damage_healed":25,"gold_gain":0,"player_choice":"Heal","damage_taken":0,"max_hp_gain":0,"max_hp_loss":0,"event_name":"The Library","floor":28,"gold_loss":0},{"damage_healed":0,"gold_gain":0,"player_choice":"Memory 1","damage_taken":0,"max_hp_gain":0,"max_hp_loss":0,"event_name":"SensoryStone","floor":37,"gold_loss":0}],"is_beta":true,"boss_relics":[{"not_picked":["Orrery","Pandora\u0027s Box"],"picked":"Philosopher\u0027s Stone"},{"not_picked":["White Beast Statue","WristBlade"],"picked":"Eternal Feather"}],"items_purged_floors":[4,10,27],"is_endless":false,"potions_floor_spawned":[1,6,16,18,22,31,38],"killed_by":"Reptomancer","ascension_level":0}