{"gold_per_floor":[117,130,130,147,21,55,55,75,129,140,169,195,207,219,231,341,353,378,0,0,0,15,15,32,32,32,32,58,23,23],"floor_reached":30,"playtime":1628,"items_purged":["Pain","Strike_B"],"score":415,"play_id":"f394282b-48cc-412a-af69-e4d58554844c","local_time":"20181215105108","is_ascension_mode":true,"campfire_choices":[{"floor":7,"key":"REST"},{"floor":15,"key":"REST"},{"floor":23,"key":"REST"},{"data":"Blizzard","floor":25,"key":"SMITH"},{"data":"Zap","floor":27,"key":"SMITH"}],"neow_cost":"NONE","seed_source_timestamp":2561996081040347,"circlet_count":0,"master_deck":["AscendersBane","Strike_B","Strike_B","Strike_B","Defend_B","Defend_B","Defend_B","Defend_B","Zap+1","Dualcast","Leap","Conserve Battery","Gash","Coolheaded","Rainbow+1","Redo+1","Scrape","Coolheaded+1","Blizzard+1","Rainbow+1","Chaos+1","Chaos+1","Buffer","Hologram+1","Stack+1","Chill+1"],"relics":["Cracked Core","WarpedTongs","Toxic Egg 2","Orichalcum","MawBank","Sozu","HandDrill","Incense Burner","Omamori"],"potions_floor_usage":[6,11,13,24],"damage_taken":[{"damage":14,"enemies":"Jaw Worm","floor":1,"turns":4},{"damage":0,"enemies":"Cultist","floor":2,"turns":4},{"damage":2,"enemies":"2 Louse","floor":4,"turns":2},{"damage":22,"enemies":"Lagavulin","floor":6,"turns":6},{"damage":8,"enemies":"Large Slime","floor":8,"turns":5},{"damage":13,"enemies":"Exordium Wildlife","floor":10,"turns":4},{"damage":17,"enemies":"3 Sentries","floor":11,"turns":6},{"damage":0,"enemies":"Exordium Thugs","floor":12,"turns":3},{"damage":0,"enemies":"Lagavulin","floor":13,"turns":1},{"damage":25,"enemies":"The Guardian","floor":16,"turns":10},{"damage":15,"enemies":"Spheric Guardian","floor":18,"turns":4},{"damage":1,"enemies":"Chosen","floor":22,"turns":6},{"damage":0,"enemies":"3 Cultists","floor":24,"turns":5},{"damage":47,"enemies":"Slavers","floor":28,"turns":6},{"damage":8,"enemies":"Snake Plant","floor":30,"turns":3}],"seed_played":"-7010117146910084730","potions_obtained":[{"floor":0,"key":"AttackPotion"},{"floor":0,"key":"Poison Potion"},{"floor":2,"key":"Explosive Potion"},{"floor":10,"key":"SmokeBomb"},{"floor":16,"key":"Explosive Potion"}],"is_trial":false,"path_per_floor":["M","M","?","M","$","E","R","M","T","M","E","M","E","?","R","B",null,"M","$","?","?","M","R","M","R","T","R","E","$","M"],"character_chosen":"DEFECT","items_purchased":["Coolheaded","Chaos+1","HandDrill","Chill+1"],"campfire_rested":3,"item_purchase_floors":[5,19,19,29],"current_hp_per_floor":[54,54,54,52,52,30,52,44,44,31,14,14,14,14,36,11,59,44,44,30,30,29,53,53,53,53,53,6,6,0],"gold":23,"neow_bonus":"THREE_SMALL_POTIONS","is_prod":false,"is_daily":false,"chose_seed":false,"campfire_upgraded":2,"win_rate":0,"timestamp":1544889068,"path_taken":["M","M","?","M","$","E","R","?","T","M","E","M","E","?","R","BOSS","M","$","?","?","?","R","M","R","T","R","E","?","M"],"build_version":"2018-12-13","purchased_purges":2,"victory":false,"max_hp_per_floor":[75,75,75,75,75,75,75,75,75,75,75,75,75,75,75,75,75,75,75,80,80,80,80,80,80,80,80,80,80,80],"card_choices":[{"not_picked":["Barrage","Fusion"],"picked":"Leap","floor":1},{"not_picked":["Barrage","Go for the Eyes"],"picked":"Conserve Battery","floor":2},{"not_picked":["Aggregate","Rebound"],"picked":"Gash","floor":4},{"not_picked":["Turbo","Gash"],"picked":"Rainbow","floor":6},{"not_picked":["Beam Cell","Compile Driver"],"picked":"Redo+1","floor":8},{"not_picked":["Beam Cell","Hyperbeam"],"picked":"Scrape","floor":10},{"not_picked":["Rebound","Redo+1"],"picked":"Coolheaded+1","floor":11},{"not_picked":["Scrape","Cold Snap"],"picked":"Blizzard","floor":12},{"not_picked":["All For One","Machine Learning"],"picked":"Rainbow+1","floor":16},{"not_picked":["FTL","Beam Cell+1"],"picked":"Chaos+1","floor":18},{"not_picked":["Turbo+1","Go for the Eyes"],"picked":"Hologram+1","floor":22},{"not_picked":["Cold Snap","Conserve Battery+1","Compile Driver"],"picked":"SKIP","floor":24},{"not_picked":["Sweeping Beam","Lockon"],"picked":"Stack+1","floor":28}],"player_experience":966159,"relics_obtained":[{"floor":6,"key":"Toxic Egg 2"},{"floor":9,"key":"Orichalcum"},{"floor":11,"key":"MawBank"},{"floor":26,"key":"Incense Burner"},{"floor":28,"key":"Omamori"}],"event_choices":[{"damage_healed":0,"gold_gain":0,"player_choice":"Rummage","damage_taken":0,"relics_obtained":["WarpedTongs"],"max_hp_gain":0,"max_hp_loss":0,"event_name":"Accursed Blacksmith","floor":3,"gold_loss":0,"cards_obtained":["Pain"]},{"damage_healed":0,"gold_gain":0,"player_choice":"Ignored","damage_taken":0,"max_hp_gain":0,"max_hp_loss":0,"event_name":"Shining Light","floor":14,"gold_loss":0},{"damage_healed":0,"gold_gain":0,"player_choice":"Shed Blood","damage_taken":19,"max_hp_gain":5,"max_hp_loss":0,"event_name":"Forgotten Altar","floor":20,"gold_loss":0},{"damage_healed":0,"gold_gain":0,"player_choice":"1 cards matched","damage_taken":0,"max_hp_gain":0,"max_hp_loss":0,"event_name":"Match and Keep!","floor":21,"gold_loss":0,"cards_obtained":["Buffer"]}],"is_beta":true,"boss_relics":[{"not_picked":["Orrery","Runic Dome"],"picked":"Sozu"}],"items_purged_floors":[5,19],"is_endless":false,"potions_floor_spawned":[2,4,10,16,18,28],"killed_by":"Snake Plant","ascension_level":11}