{"gold_per_floor":[111,123,123,123,137,137,160,160,160,195,208,208,208,222,222,222],"floor_reached":16,"playtime":495,"items_purged":[],"score":115,"play_id":"3a2954bf-a37f-44a3-bc9f-8e8cea2f9b2c","local_time":"20190120125927","is_ascension_mode":true,"campfire_choices":[{"data":"Fiend Fire","floor":6,"key":"SMITH"},{"floor":8,"key":"REST"},{"floor":13,"key":"REST"},{"data":"Armaments","floor":15,"key":"SMITH"}],"neow_cost":"PERCENT_DAMAGE","seed_source_timestamp":929846966183806,"circlet_count":0,"master_deck":["Strike_R","Strike_R","Strike_R","Defend_R","Defend_R","Defend_R","Defend_R","Bash","Fiend Fire+1","Perfected Strike","Pommel Strike","Perfected Strike","Armaments+1","Shockwave","Headbutt","Headbutt","Armaments"],"relics":["Burning Blood","Odd Mushroom","Bottled Lightning","Darkstone Periapt"],"potions_floor_usage":[14],"damage_taken":[{"damage":1,"enemies":"Cultist","floor":1,"turns":3},{"damage":0,"enemies":"2 Louse","floor":2,"turns":2},{"damage":7,"enemies":"Small Slimes","floor":5,"turns":3},{"damage":28,"enemies":"The Mushroom Lair","floor":7,"turns":4},{"damage":30,"enemies":"Lagavulin","floor":10,"turns":5},{"damage":6,"enemies":"Looter","floor":11,"turns":2},{"damage":12,"enemies":"Exordium Thugs","floor":14,"turns":4},{"damage":59,"enemies":"The Guardian","floor":16,"turns":10}],"seed_played":"-5151202230482882402","potions_obtained":[{"floor":10,"key":"AttackPotion"},{"floor":11,"key":"Fire Potion"}],"is_trial":false,"path_per_floor":["M","M","?","?","M","R","?","R","T","E","M","?","R","M","R","B"],"character_chosen":"IRONCLAD","items_purchased":[],"campfire_rested":2,"item_purchase_floors":[],"current_hp_per_floor":[61,67,60,60,59,59,37,61,61,37,37,37,61,55,55,0],"gold":222,"neow_bonus":"THREE_RARE_CARDS","is_prod":false,"is_daily":false,"chose_seed":false,"campfire_upgraded":2,"win_rate":0,"timestamp":1548007167,"path_taken":["M","M","?","?","?","R","?","R","T","E","M","?","R","M","R","BOSS"],"build_version":"2019-01-19","purchased_purges":0,"victory":false,"max_hp_per_floor":[80,80,80,80,80,80,80,80,80,80,80,80,80,80,80,80],"card_choices":[{"not_picked":["Barricade","Reaper"],"picked":"Fiend Fire","floor":0},{"not_picked":["Flex","Heavy Blade"],"picked":"Perfected Strike","floor":1},{"not_picked":["Ghostly Armor","Cleave"],"picked":"Pommel Strike","floor":2},{"not_picked":["Infernal Blade","Warcry"],"picked":"Perfected Strike","floor":5},{"not_picked":["Perfected Strike","Sword Boomerang"],"picked":"Armaments","floor":7},{"not_picked":["Second Wind","Pommel Strike"],"picked":"Shockwave","floor":10},{"not_picked":["Bludgeon","Hemokinesis"],"picked":"Headbutt","floor":11},{"not_picked":["Seeing Red","Headbutt"],"picked":"Armaments","floor":14}],"player_experience":1286927,"relics_obtained":[{"floor":7,"key":"Odd Mushroom"},{"floor":9,"key":"Bottled Lightning"},{"floor":10,"key":"Darkstone Periapt"}],"event_choices":[{"cards_removed":["Strike_R"],"damage_healed":0,"gold_gain":0,"player_choice":"Card Removal","damage_taken":7,"max_hp_gain":0,"max_hp_loss":0,"event_name":"Golden Wing","floor":3,"gold_loss":0},{"damage_healed":0,"gold_gain":0,"player_choice":"Bought 0 Potions","damage_taken":0,"max_hp_gain":0,"max_hp_loss":0,"event_name":"The Woman in Blue","floor":4,"gold_loss":0},{"damage_healed":0,"gold_gain":0,"player_choice":"Fought Mushrooms","damage_taken":0,"max_hp_gain":0,"max_hp_loss":0,"event_name":"Mushrooms","floor":7,"gold_loss":0},{"damage_healed":0,"gold_gain":0,"cards_transformed":["Strike_R"],"player_choice":"Transformed","damage_taken":0,"max_hp_gain":0,"max_hp_loss":0,"event_name":"Transmorgrifier","floor":12,"gold_loss":0,"cards_obtained":["Headbutt"]}],"is_beta":true,"boss_relics":[],"items_purged_floors":[],"is_endless":false,"potions_floor_spawned":[10,11],"killed_by":"The Guardian","ascension_level":3}