{"gold_per_floor":[118,130,205,155,173,199,220,220,243,243,253,253,272,272,272,375,375,390,390,416,371],"floor_reached":21,"playtime":807,"items_purged":[],"score":257,"play_id":"1e3f8295-e075-4739-8d16-2b31ae814a02","local_time":"20180717195352","is_ascension_mode":true,"campfire_choices":[{"floor":10,"key":"REST"},{"data":"Bash","floor":12,"key":"SMITH"},{"floor":15,"key":"REST"}],"neow_cost":"NONE","seed_source_timestamp":2847424951199835,"circlet_count":0,"master_deck":["Strike_R","Strike_R","Strike_R","Strike_R","Defend_R","Defend_R","Defend_R","Defend_R","Bash+1","Clothesline","Anger","Evolve","Flame Barrier","Reckless Charge","Headbutt","Offering","Shrug It Off","Armaments","Cleave+1"],"relics":["Burning Blood","NeowsBlessing","Art of War","Odd Mushroom","CultistMask","Ancient Tea Set","Prayer Wheel","Fusion Hammer","Enchiridion","Red Mask"],"potions_floor_usage":[7,16,16,20,21],"damage_taken":[{"damage":0,"enemies":"Cultist","floor":1,"turns":1},{"damage":0,"enemies":"Jaw Worm","floor":2,"turns":1},{"damage":0,"enemies":"Small Slimes","floor":5,"turns":1},{"damage":51,"enemies":"Lagavulin","floor":6,"turns":9},{"damage":20,"floor":7,"turns":5},{"damage":2,"enemies":"Looter","floor":11,"turns":3},{"damage":10,"enemies":"Exordium Wildlife","floor":13,"turns":3},{"damage":56,"enemies":"The Guardian","floor":16,"turns":15},{"damage":4,"enemies":"3 Byrds","floor":18,"turns":4},{"damage":34,"floor":20,"turns":7},{"damage":22,"enemies":"2 Thieves","floor":21,"turns":2}],"seed_played":"-2678619826758261638","potions_obtained":[{"floor":1,"key":"Dexterity Potion"},{"floor":5,"key":"SpeedPotion"},{"floor":11,"key":"GamblersBrew"},{"floor":13,"key":"Fire Potion"},{"floor":20,"key":"Explosive Potion"}],"is_trial":false,"path_per_floor":["M","M","?","?","M","E","?","?","T","R","M","R","M","T","R","B",null,"M","?","?"],"character_chosen":"IRONCLAD","items_purchased":[],"campfire_rested":2,"item_purchase_floors":[],"current_hp_per_floor":[78,80,69,69,75,30,16,16,16,40,44,44,40,40,64,14,64,66,50,22,0],"gold":371,"neow_bonus":"THREE_ENEMY_KILL","is_prod":false,"is_daily":false,"chose_seed":false,"campfire_upgraded":1,"win_rate":0,"timestamp":1531871632,"path_taken":["M","?","?","?","M","E","?","?","T","R","?","R","M","?","R","BOSS","M","?","?","M"],"build_version":"2018-07-16","purchased_purges":0,"victory":false,"max_hp_per_floor":[80,80,80,80,80,80,80,80,80,80,80,80,80,80,80,80,80,80,80,80,80],"card_choices":[{"not_picked":["Pummel","Shockwave"],"picked":"Clothesline","floor":1},{"not_picked":["Shrug It Off","Cleave"],"picked":"Anger","floor":2},{"not_picked":["Fire Breathing","Thunderclap"],"picked":"Evolve","floor":5},{"not_picked":["Wild Strike","Seeing Red"],"picked":"Flame Barrier","floor":6},{"not_picked":["Iron Wave","Clash"],"picked":"Reckless Charge","floor":7},{"not_picked":["Clothesline","Berserk","Warcry"],"picked":"SKIP","floor":11},{"not_picked":["Twin Strike","Sword Boomerang"],"picked":"Headbutt","floor":13},{"not_picked":["Limit Break","Fiend Fire"],"picked":"Offering","floor":16},{"not_picked":["Wild Strike","Dual Wield"],"picked":"Shrug It Off","floor":18},{"not_picked":["Cleave","Perfected Strike"],"picked":"Armaments","floor":18},{"not_picked":["Anger","Havoc+1"],"picked":"Cleave+1","floor":20}],"player_experience":581874,"relics_obtained":[{"floor":6,"key":"Art of War"},{"floor":7,"key":"Odd Mushroom"},{"floor":9,"key":"Ancient Tea Set"},{"floor":14,"key":"Prayer Wheel"},{"floor":19,"key":"Enchiridion"},{"floor":20,"key":"Red Mask"}],"event_choices":[{"event_name":"World of Goop","player_choice":"Gather Gold","floor":3,"damage_taken":0},{"event_name":"The Cleric","player_choice":"Card Removal","floor":4,"damage_taken":0},{"event_name":"Mushrooms","player_choice":"Fought Mushrooms","floor":7,"damage_taken":0},{"event_name":"FaceTrader","player_choice":"Trade","floor":8,"damage_taken":0},{"event_name":"Cursed Tome","player_choice":"Obtained Book","floor":19,"damage_taken":0},{"event_name":"Masked Bandits","player_choice":"Fought over 390 gold","floor":20,"damage_taken":0}],"boss_relics":[{"not_picked":["Runic Pyramid","Pandora\u0027s Box"],"picked":"Fusion Hammer"}],"items_purged_floors":[],"is_endless":false,"potions_floor_spawned":[1,5,11,13,20],"killed_by":"2 Thieves","ascension_level":9}