{"path_per_floor":["M","$","M","?","?","R","?","R","T","E","$","R","?","?","R","B",null,"M","M","?","M","?","R","?","R","T","M","$","$","R","?","R","B",null,"M","$","M","?","?","R","$","R","T","?","M","?","?","M","R","B"],"character_chosen":"THE_SILENT","items_purchased":["Juzu Bracelet","Footwork","Backflip","Flying Knee","Art of War","Backflip"],"gold_per_floor":[210,67,80,80,80,80,80,80,106,149,73,73,33,33,33,157,157,172,162,162,177,177,177,177,177,177,196,74,74,74,74,74,174,174,190,23,33,33,33,33,10,10,10,10,21,21,0,14,14,14],"floor_reached":51,"campfire_rested":4,"playtime":2190,"current_hp_per_floor":[70,70,70,70,63,63,51,51,51,25,25,46,46,46,67,5,70,48,48,48,7,70,70,70,70,70,61,61,61,69,69,70,51,70,60,60,31,22,22,53,53,63,63,63,53,48,48,48,70,46],"items_purged":["Strike_G"],"gold":14,"score":689,"play_id":"687f728a-dfaf-4f4b-a1d4-b4b4bdb86268","local_time":"20180401135734","is_prod":false,"is_daily":false,"is_ascension_mode":true,"campfire_upgraded":7,"timestamp":1522605454,"path_taken":["M","$","M","?","?","R","?","R","T","E","$","R","?","?","R","BOSS","M","M","?","M","?","R","?","R","T","M","?","$","R","?","R","BOSS","M","$","M","?","?","R","$","R","T","?","M","?","?","M","R","BOSS"],"build_version":"2018-03-29","purchased_purges":3,"victory":true,"master_deck":["Defend_G","Defend_G","Defend_G","Defend_G","Defend_G","Strike_G","Strike_G","Strike_G","Survivor","Neutralize+1","Infinite Blades","Dagger Spray+1","Cloak And Dagger+1","Footwork+1","Poisoned Stab+1","Panacea","Neutralize+1","A Thousand Cuts+1","Backflip+1","After Image+1","Underhanded Strike+1","Backflip","Adrenaline+1","Dagger Spray+1","Flying Knee+1","Madness","Madness","Backflip","Outmaneuver+1","Panache","Madness","Malaise"],"max_hp_per_floor":[70,70,70,70,70,70,70,70,70,70,70,70,70,70,70,70,70,70,70,70,70,70,70,70,70,70,70,70,70,70,70,70,70,70,70,70,70,70,70,70,70,70,70,70,70,70,70,70,70,70],"relics":["Ring of the Snake","Juzu Bracelet","Bloody Idol","Molten Egg 2","Anchor","Ice Cream","Eternal Feather","Gambling Chip","Lizard Tail","Art of War","Tingsha","Red Mask"],"card_choices":[{"not_picked":["PiercingWail","Quick Slash"],"picked":"Infinite Blades","floor":1},{"not_picked":["Underhanded Strike","Flying Knee"],"picked":"Dagger Spray","floor":3},{"not_picked":["Doppelganger","Dash"],"picked":"Cloak And Dagger","floor":10},{"not_picked":["Venomology","Unload"],"picked":"A Thousand Cuts","floor":16},{"not_picked":["Dagger Throw","Skewer"],"picked":"Backflip","floor":18},{"not_picked":["Dodge and Roll","Expertise"],"picked":"Terror","floor":19},{"not_picked":["Distraction","Escape Plan"],"picked":"After Image","floor":21},{"not_picked":["Bouncing Flask","Crippling Poison"],"picked":"Underhanded Strike","floor":27},{"not_picked":["Doppelganger","Wraith Form"],"picked":"Adrenaline","floor":33},{"not_picked":["Noxious Fumes","Terror"],"picked":"Dagger Spray","floor":35},{"not_picked":["Cloak And Dagger","PiercingWail"],"picked":"Outmaneuver","floor":45},{"not_picked":["Swift Strike","Finesse"],"picked":"Panache","floor":46},{"not_picked":["Blind","Trip"],"picked":"Madness","floor":46},{"not_picked":["Reflex","Masterful Stab"],"picked":"Malaise","floor":48}],"player_experience":63310,"potions_floor_usage":[10,16,16,16,19,33,33,50],"damage_taken":[{"damage":0,"enemies":"Jaw Worm","floor":1,"turns":5},{"damage":0,"enemies":"Cultist","floor":3,"turns":3},{"damage":26,"enemies":"Lagavulin","floor":10,"turns":7},{"damage":62,"enemies":"Slime Boss","floor":16,"turns":12},{"damage":22,"enemies":"Chosen","floor":18,"turns":6},{"damage":0,"enemies":"2 Thieves","floor":19,"turns":4},{"damage":46,"enemies":"Cultist and Chosen","floor":21,"turns":8},{"damage":14,"enemies":"Snecko","floor":27,"turns":7},{"damage":24,"enemies":"Automaton","floor":33,"turns":11},{"damage":15,"enemies":"3 Darklings","floor":35,"turns":5},{"damage":34,"enemies":"3 Shapes","floor":37,"turns":8},{"damage":15,"enemies":"Spire Growth","floor":45,"turns":6},{"damage":5,"enemies":"4 Shapes","floor":48,"turns":8},{"damage":24,"enemies":"Time Eater","floor":50,"turns":17}],"event_choices":[{"event_name":"Golden Idol","player_choice":"Take Wound","floor":4,"damage_taken":0},{"event_name":"Golden Wing","player_choice":"Card Removal","floor":5,"damage_taken":0},{"event_name":"Scrap Ooze","player_choice":"success","floor":7,"damage_taken":12},{"event_name":"The Woman in Blue","player_choice":"Bought 3 Potions","floor":13,"damage_taken":0},{"event_name":"Match and Keep!","player_choice":"3 cards matched","floor":14,"damage_taken":0},{"event_name":"Forgotten Altar","player_choice":"Gave Idol","floor":20,"damage_taken":0},{"event_name":"Bonfire Elementals","player_choice":"UNCOMMON","floor":22,"damage_taken":0},{"event_name":"Ghosts","player_choice":"Ignored","floor":24,"damage_taken":0},{"event_name":"N\u0027loth","player_choice":"Ignored","floor":31,"damage_taken":0},{"event_name":"Winding Halls","player_choice":"Embrace Madness","floor":38,"damage_taken":0},{"event_name":"Mysterious Sphere","player_choice":"Ignore","floor":44,"damage_taken":0},{"event_name":"SensoryStone","player_choice":"Memory 2","floor":46,"damage_taken":0},{"event_name":"Tomb of Lord Red Mask","player_choice":"Paid","floor":47,"damage_taken":0}],"boss_relics":[{"not_picked":["The Specimen","Philosopher\u0027s Stone"],"picked":"Eternal Feather"},{"not_picked":["Velvet Choker","Black Star"],"picked":"Lizard Tail"}],"potions_floor_spawned":[1,16,18,27,35],"seed_played":"779500876988471281","ascension_level":1,"is_trial":false}