{"path_per_floor":["M","?","M","?","$","R","E","M","T","M","?","?","R","M","R","B",null,"M","$","M","?","M","R","E","R","T","$","M","R","M","?","R","B",null,"M","?","$","M","?","E","R","M","T","$","E","?","?","M","R","B"],"character_chosen":"THE_SILENT","items_purchased":["Accuracy","Noxious Fumes","Blade Dance","Blur","Footwork"],"gold_per_floor":[112,112,123,123,48,48,81,95,170,189,189,248,248,259,259,360,360,373,234,251,251,263,263,290,290,336,99,114,114,130,80,80,184,184,202,254,28,44,0,32,32,42,111,32,67,67,67,85,85,85],"floor_reached":51,"campfire_rested":3,"playtime":6472,"current_hp_per_floor":[70,70,70,75,75,75,61,61,61,59,59,48,48,48,48,16,75,75,75,75,75,74,74,64,64,64,64,54,54,45,45,67,56,75,71,60,60,64,64,5,27,39,39,39,41,41,41,27,49,10],"items_purged":["Decay","Defend_G","Clumsy","Strike_G"],"gold":85,"score":548,"play_id":"537203c8-841e-42cf-8cf1-43838f39216b","is_prod":false,"is_daily":false,"is_ascension_mode":false,"campfire_upgraded":3,"path_taken":["M","?","M","?","$","R","E","M","T","?","?","?","R","M","R","BOSS","M","$","M","?","?","R","E","R","T","?","M","R","M","?","R","BOSS","M","?","?","M","?","E","R","?","T","$","E","?","?","?","R","BOSS"],"build_version":"2018-02-22-PROD2","purchased_purges":4,"victory":true,"master_deck":["Defend_G","Defend_G","Defend_G","Defend_G","Strike_G","Strike_G","Strike_G","Survivor","Neutralize","Cloak And Dagger+1","Poisoned Stab","All Out Attack","Acrobatics","Leg Sweep","Quick Slash","Burst+1","Prepared+1","Accuracy+1","Dagger Throw","Cloak And Dagger+1","Noxious Fumes","Blade Dance","Underhanded Strike+1","Bullet Time","Burst","Outmaneuver+1","Backflip+1","Blur","Accuracy","Footwork","Catalyst+1","Venomology"],"max_hp_per_floor":[70,70,70,75,75,75,75,75,75,75,75,75,75,75,75,75,75,75,75,75,75,75,75,75,75,75,75,75,75,75,75,75,75,75,75,75,75,75,75,75,75,75,75,75,75,75,75,75,75,75],"relics":["Ring of the Snake","Girya","Anchor","Tiny Chest","Paper Crane","Cursed Key","Blood Vial","Omamori","Runic Pyramid","Bird Faced Urn","Red Mask","Bag of Preparation","Smiling Mask","Snake Skull"],"card_choices":[{"not_picked":["Deflect","Backflip"],"picked":"Cloak And Dagger"},{"not_picked":["Crippling Poison","Endless Agony"],"picked":"Poisoned Stab"},{"not_picked":["Acrobatics","Dagger Spray"],"picked":"All Out Attack"},{"not_picked":["Underhanded Strike","Dagger Spray"],"picked":"Acrobatics"},{"not_picked":["Deadly Poison","PiercingWail"],"picked":"Leg Sweep"},{"not_picked":["Catalyst","PiercingWail"],"picked":"Quick Slash"},{"not_picked":["Glass Knife","Venomology"],"picked":"Burst"},{"not_picked":["Leg Sweep","Deadly Poison"],"picked":"Prepared"},{"not_picked":["Distraction","Setup"],"picked":"Dagger Throw"},{"not_picked":["Quick Slash","Poisoned Stab"],"picked":"Cloak And Dagger"},{"not_picked":["Calculated Gamble","Deadly Poison"],"picked":"Underhanded Strike"},{"not_picked":["Flechettes","Dodge and Roll"],"picked":"Bullet Time"},{"not_picked":["Venomology","Tactician"],"picked":"Burst"},{"not_picked":["PiercingWail","Sucker Punch"],"picked":"Outmaneuver"},{"not_picked":["Choke","Sucker Punch"],"picked":"Backflip"},{"not_picked":["Setup","Quick Slash"],"picked":"Well Laid Plans"},{"not_picked":["Eviscerate","Backflip"],"picked":"Accuracy"},{"not_picked":["Sucker Punch","Dagger Spray"],"picked":"Catalyst"}],"player_experience":302009,"potions_floor_usage":[7,16,16,24,33,35,42,42,50,50,50],"damage_taken":[{"damage":0,"enemies":"Jaw Worm","floor":1,"turns":7},{"damage":0,"enemies":"Cultist","floor":3,"turns":4},{"damage":14,"enemies":"Gremlin Nob","floor":7,"turns":4},{"damage":0,"enemies":"Small Slimes","floor":8,"turns":3},{"damage":2,"enemies":"Looter","floor":10,"turns":3},{"damage":11,"enemies":"3 Sentries","floor":12,"turns":6},{"damage":0,"enemies":"Blue Slaver","floor":14,"turns":2},{"damage":32,"enemies":"Hexaghost","floor":16,"turns":15},{"damage":0,"enemies":"Chosen","floor":18,"turns":6},{"damage":0,"enemies":"3 Byrds","floor":20,"turns":6},{"damage":1,"enemies":"Centurion and Healer","floor":22,"turns":5},{"damage":10,"enemies":"Book of Stabbing","floor":24,"turns":6},{"damage":12,"enemies":"Sentry and Sphere","floor":28,"turns":4},{"damage":11,"enemies":"Slaver and Parasite","floor":30,"turns":5},{"damage":13,"enemies":"Automaton","floor":33,"turns":10},{"damage":4,"enemies":"3 Shapes","floor":35,"turns":6},{"damage":13,"enemies":"Mysterious Sphere","floor":36,"turns":8},{"damage":0,"enemies":"Orb Walker","floor":38,"turns":2},{"damage":67,"enemies":"2 Orb Walkers","floor":40,"turns":7},{"damage":10,"enemies":"3 Darklings","floor":42,"turns":5},{"damage":10,"enemies":"Nemesis","floor":45,"turns":9},{"damage":24,"enemies":"Sphere and 2 Shapes","floor":48,"turns":4},{"damage":49,"enemies":"Time Eater","floor":50,"turns":16}],"event_choices":[{"event_name":"Wheel of Change","player_choice":"Full Heal","floor":2,"damage_taken":0},{"event_name":"Big Fish","player_choice":"Donut","floor":4,"damage_taken":0},{"event_name":"Bonfire Elementals","player_choice":"BASIC","floor":11,"damage_taken":0},{"event_name":"Dead Adventurer","player_choice":"Searched \u00271\u0027 times","floor":12,"damage_taken":0},{"event_name":"Drug Dealer","player_choice":"Ignored","floor":21,"damage_taken":0},{"event_name":"The Joust","player_choice":"Bet on Owner","floor":31,"damage_taken":0},{"event_name":"Mysterious Sphere","player_choice":"Fight","floor":36,"damage_taken":0},{"event_name":"Tomb of Lord Red Mask","player_choice":"Paid","floor":39,"damage_taken":0},{"event_name":"Match and Keep!","player_choice":"1 cards matched","floor":47,"damage_taken":0}],"boss_relics":[{"not_picked":["Philosopher\u0027s Stone","Runic Dome"],"picked":"Cursed Key"},{"not_picked":["Question Card","Eternal Feather"],"picked":"Runic Pyramid"}],"potions_floor_spawned":[3,8,10,12,16,20,24,30,35,48],"seed_played":"1233241447775334695","ascension_level":0,"is_trial":false}