{"path_per_floor":["M","M","?","M","?","E","R","E","T","$","M","?","M","E","R","B",null,"M","M","M","?","M","R","E","$","T","M","?","?","T","$","R","B",null,"M","M","?","M","M","R","E","?","T","$","M","$","?","$","R"],"character_chosen":"THE_SILENT","items_purchased":["Noxious Fumes","Bouncing Flask","Noxious Fumes","Poisoned Stab","Dodge and Roll","Mind Blast","Flying Knee","Noxious Fumes"],"gold_per_floor":[114,125,125,139,139,167,167,198,198,3,14,14,29,70,70,195,195,189,202,225,150,163,163,201,13,13,37,37,37,60,60,60,184,184,200,216,216,237,255,255,296,296,322,39,62,12,12,12,12],"floor_reached":50,"campfire_rested":4,"playtime":2395,"current_hp_per_floor":[70,70,70,70,70,53,53,45,45,45,27,27,27,31,69,50,79,71,59,46,46,44,83,66,66,66,59,59,59,59,59,85,29,87,86,74,63,45,42,42,41,41,41,41,26,26,26,26,69],"items_purged":["Strike_G","Strike_G","Regret","Clumsy"],"gold":12,"score":586,"play_id":"c85fcbd3-dacb-43b2-9624-3e0b76701be2","local_time":"20180312214926","is_prod":false,"is_daily":false,"is_ascension_mode":false,"campfire_upgraded":2,"timestamp":1520905766,"path_taken":["M","M","?","?","?","E","R","E","T","?","M","?","M","E","R","BOSS","M","M","M","?","?","R","E","$","T","M","?","?","?","$","R","BOSS","M","M","?","M","M","R","E","?","T","$","?","$","?","$","R","BOSS"],"build_version":"2018-03-09","purchased_purges":4,"victory":false,"master_deck":["Defend_G","Defend_G","Defend_G","Defend_G","Defend_G","Strike_G","Strike_G","Survivor","Neutralize","Bouncing Flask+1","PiercingWail","Infinite Blades","Poisoned Stab","Noxious Fumes","Bouncing Flask","Acrobatics","Dagger Spray","Envenom+1","Noxious Fumes+1","Catalyst","PiercingWail","Noxious Fumes","Poisoned Stab","Parasite","Catalyst","Backflip","Madness","Madness","Catalyst+1","Dodge and Roll","Mind Blast","Flying Knee","Noxious Fumes"],"max_hp_per_floor":[70,70,70,70,70,70,70,77,77,77,77,77,77,79,79,79,79,81,83,83,83,83,83,83,83,83,85,85,85,85,85,85,87,87,89,89,89,91,91,91,93,93,93,93,95,95,95,95,95],"relics":["Ring of the Snake","NeowsBlessing","Regal Pillow","Strawberry","Art of War","Golden Idol","Singing Bowl","Cursed Key","Thread and Needle","Snake Skull","Vajra","Lizard Tail","Smiling Mask","Bag of Preparation"],"card_choices":[{"not_picked":["All Out Attack","Infinite Blades"],"picked":"Bouncing Flask"},{"not_picked":["Flying Knee","Reflex"],"picked":"PiercingWail"},{"not_picked":["Slice","Endless Agony"],"picked":"Infinite Blades"},{"not_picked":["Heel Hook","Sucker Punch"],"picked":"Poisoned Stab"},{"not_picked":["Dash","Deadly Poison"],"picked":"Acrobatics"},{"not_picked":["Underhanded Strike","Acrobatics"],"picked":"Dagger Spray"},{"not_picked":["Wraith Form","Venomology"],"picked":"Envenom"},{"not_picked":["Leg Sweep","PiercingWail"],"picked":"Noxious Fumes"},{"not_picked":["Backstab","Eviscerate"],"picked":"Catalyst"},{"not_picked":["Backstab","Finisher"],"picked":"PiercingWail"},{"not_picked":["Calculated Gamble","Bane"],"picked":"Backflip"},{"not_picked":["Flying Knee","A Thousand Cuts"],"picked":"Catalyst"}],"player_experience":547879,"potions_floor_usage":[14,14,20,22,22,24,33,38,39,50],"damage_taken":[{"damage":0,"enemies":"Jaw Worm","floor":1,"turns":1},{"damage":0,"enemies":"Cultist","floor":2,"turns":1},{"damage":0,"enemies":"Small Slimes","floor":4,"turns":1},{"damage":17,"enemies":"Lagavulin","floor":6,"turns":8},{"damage":15,"enemies":"3 Sentries","floor":8,"turns":9},{"damage":18,"enemies":"Gremlin Gang","floor":11,"turns":6},{"damage":0,"enemies":"2 Fungi Beasts","floor":13,"turns":4},{"damage":13,"enemies":"Lagavulin","floor":14,"turns":6},{"damage":19,"enemies":"The Guardian","floor":16,"turns":7},{"damage":10,"enemies":"2 Thieves","floor":18,"turns":4},{"damage":14,"enemies":"Spheric Guardian","floor":19,"turns":4},{"damage":13,"enemies":"Slaver and Parasite","floor":20,"turns":6},{"damage":2,"enemies":"Centurion and Healer","floor":22,"turns":5},{"damage":17,"enemies":"Book of Stabbing","floor":24,"turns":5},{"damage":9,"enemies":"Cultist and Chosen","floor":27,"turns":6},{"damage":58,"enemies":"Automaton","floor":33,"turns":8},{"damage":3,"enemies":"3 Shapes","floor":35,"turns":5},{"damage":12,"enemies":"Orb Walker","floor":36,"turns":3},{"damage":20,"enemies":"4 Shapes","floor":38,"turns":5},{"damage":3,"enemies":"3 Darklings","floor":39,"turns":5},{"damage":60,"enemies":"Nemesis","floor":41,"turns":7},{"damage":17,"enemies":"Maw","floor":45,"turns":3},{"damage":69,"enemies":"Donu and Deca","floor":50,"turns":4}],"event_choices":[{"event_name":"Bonfire Elementals","player_choice":"BASIC","floor":3,"damage_taken":0},{"event_name":"Liars Game","player_choice":"disagreed","floor":5,"damage_taken":0},{"event_name":"Golden Idol","player_choice":"Take Wound","floor":12,"damage_taken":0},{"event_name":"Beggar","player_choice":"Gave Gold","floor":21,"damage_taken":0},{"event_name":"Duplicator","player_choice":"One dupe","floor":28,"damage_taken":0},{"event_name":"Drug Dealer","player_choice":"Ignored","floor":29,"damage_taken":0},{"event_name":"Winding Halls","player_choice":"Embrace Madness","floor":37,"damage_taken":0},{"event_name":"Tomb of Lord Red Mask","player_choice":"Ignored","floor":42,"damage_taken":0},{"event_name":"Mysterious Sphere","player_choice":"Ignore","floor":47,"damage_taken":0}],"boss_relics":[{"not_picked":["Sozu","Calling Bell"],"picked":"Cursed Key"},{"not_picked":["Velvet Choker","Philosopher\u0027s Stone"],"picked":"Lizard Tail"}],"potions_floor_spawned":[1,2,6,14,16,18,19,20,24,35,36,45],"seed_played":"6877100030071473369","killed_by":"Donu and Deca","ascension_level":0,"is_trial":false}