{"gold_per_floor":[115,125,144,144,45,45,62,82,82,82,99,99,64,80,80,154,154,79,29,29,48,48,48,81,81,81,96,21,32,32,43,43,43],"floor_reached":33,"playtime":1189,"items_purged":[],"score":450,"play_id":"b964a275-14b7-4f0a-b161-d1e4568706fa","local_time":"20190106184436","is_ascension_mode":true,"campfire_choices":[{"data":"A Thousand Cuts","floor":6,"key":"SMITH"},{"data":"Deadly Poison","floor":10,"key":"SMITH"},{"data":"Neutralize","floor":12,"key":"SMITH"},{"data":"Deadly Poison","floor":15,"key":"SMITH"},{"floor":23,"key":"REST"},{"floor":25,"key":"REST"},{"floor":30,"key":"REST"},{"floor":32,"key":"REST"}],"neow_cost":"NONE","seed_source_timestamp":513083601801048,"circlet_count":0,"master_deck":["AscendersBane","Defend_G","Defend_G","Defend_G","Defend_G","Defend_G","Strike_G","Strike_G","Strike_G+1","Survivor","Neutralize+1","PiercingWail","Deadly Poison+1","A Thousand Cuts+1","Poisoned Stab","Backflip","Sucker Punch+1","Quick Slash","Dagger Spray","Deadly Poison+1","Glass Knife","Dash","Predator+1","Caltrops","Deflect","Flying Knee","Terror","Crippling Poison"],"relics":["Ring of the Serpent","Orichalcum","Strawberry","Bag of Preparation","Shuriken"],"potions_floor_usage":[11,16,24,27,31],"damage_taken":[{"damage":0,"enemies":"Jaw Worm","floor":1,"turns":7},{"damage":0,"enemies":"2 Louse","floor":2,"turns":4},{"damage":1,"enemies":"Cultist","floor":3,"turns":4},{"damage":2,"enemies":"2 Fungi Beasts","floor":7,"turns":5},{"damage":2,"enemies":"Red Slaver","floor":8,"turns":4},{"damage":6,"enemies":"Exordium Thugs","floor":11,"turns":4},{"damage":2,"enemies":"2 Fungi Beasts","floor":14,"turns":4},{"damage":28,"enemies":"Hexaghost","floor":16,"turns":9},{"damage":13,"enemies":"2 Thieves","floor":18,"turns":5},{"damage":17,"enemies":"Spheric Guardian","floor":21,"turns":7},{"damage":34,"enemies":"Gremlin Leader","floor":24,"turns":8},{"damage":14,"enemies":"Centurion and Healer","floor":27,"turns":5},{"damage":12,"enemies":"Snake Plant","floor":29,"turns":4},{"damage":0,"enemies":"Snecko","floor":31,"turns":4},{"damage":66,"enemies":"Automaton","floor":33,"turns":9}],"seed_played":"3471274886666138228","potions_obtained":[{"floor":2,"key":"PowerPotion"},{"floor":3,"key":"Explosive Potion"},{"floor":11,"key":"Dexterity Potion"},{"floor":14,"key":"GhostInAJar"},{"floor":24,"key":"Fire Potion"},{"floor":31,"key":"Fruit Juice"}],"is_trial":false,"path_per_floor":["M","M","M","?","$","R","M","M","T","R","M","R","?","M","R","B",null,"M","?","$","M","?","R","E","R","T","M","$","M","R","M","R","B"],"character_chosen":"THE_SILENT","items_purchased":["Poisoned Stab","Backflip","Deflect","Flying Knee"],"campfire_rested":4,"item_purchase_floors":[5,5,28,28],"current_hp_per_floor":[59,59,58,51,51,51,49,47,54,54,48,48,66,64,64,36,64,51,51,51,34,34,55,21,42,42,28,28,16,37,42,65,0],"gold":43,"neow_bonus":"RANDOM_COMMON_RELIC","is_prod":false,"is_daily":false,"chose_seed":false,"campfire_upgraded":4,"win_rate":0,"timestamp":1546818276,"path_taken":["M","M","M","?","$","R","M","M","T","R","M","R","?","M","R","BOSS","M","?","?","M","?","R","E","R","T","M","$","M","R","M","R","BOSS"],"build_version":"2019-01-03v4","purchased_purges":0,"victory":false,"max_hp_per_floor":[66,66,66,66,66,66,66,66,73,73,73,73,73,73,73,73,73,73,73,73,73,73,73,73,73,73,73,73,73,73,78,78,78],"card_choices":[{"not_picked":["Bane","Accuracy"],"picked":"PiercingWail","floor":1},{"not_picked":["Dagger Throw","Flying Knee"],"picked":"Deadly Poison","floor":2},{"not_picked":["Escape Plan","Expertise"],"picked":"A Thousand Cuts","floor":3},{"not_picked":["Distraction","Calculated Gamble"],"picked":"Sucker Punch","floor":7},{"not_picked":["Dagger Throw","Sucker Punch"],"picked":"Quick Slash","floor":8},{"not_picked":["Dodge and Roll","Distraction"],"picked":"Dagger Spray","floor":11},{"not_picked":["Choke","Dagger Throw"],"picked":"Deadly Poison","floor":14},{"not_picked":["Die Die Die","Venomology"],"picked":"Glass Knife","floor":16},{"not_picked":["Bane","Acrobatics+1"],"picked":"Dash","floor":18},{"not_picked":["Bane","Underhanded Strike","Slice"],"picked":"SKIP","floor":21},{"not_picked":["Flying Knee","Blade Dance"],"picked":"Predator+1","floor":24},{"not_picked":["Expertise","Finisher"],"picked":"Caltrops","floor":27},{"not_picked":["Expertise+1","Flying Knee"],"picked":"Terror","floor":29},{"not_picked":["Slice","Deadly Poison"],"picked":"Crippling Poison","floor":31}],"player_experience":1200658,"relics_obtained":[{"floor":9,"key":"Strawberry"},{"floor":24,"key":"Bag of Preparation"},{"floor":26,"key":"Shuriken"}],"event_choices":[{"cards_removed":["Strike_G"],"damage_healed":0,"gold_gain":0,"player_choice":"Card Removal","damage_taken":7,"max_hp_gain":0,"max_hp_loss":0,"event_name":"Golden Wing","floor":4,"gold_loss":0},{"damage_healed":18,"gold_gain":0,"player_choice":"Healed","damage_taken":0,"max_hp_gain":0,"max_hp_loss":0,"event_name":"The Cleric","floor":13,"gold_loss":35},{"damage_healed":0,"gold_gain":0,"player_choice":"Upgraded Two","damage_taken":0,"max_hp_gain":0,"max_hp_loss":0,"event_name":"Designer","floor":19,"gold_loss":50,"cards_upgraded":["Strike_G","Sucker Punch"]},{"cards_removed":["Strike_G"],"damage_healed":0,"gold_gain":0,"player_choice":"Purged","damage_taken":0,"max_hp_gain":0,"max_hp_loss":0,"event_name":"Purifier","floor":22,"gold_loss":0}],"is_beta":true,"boss_relics":[{"not_picked":["Lizard Tail","Busted Crown"],"picked":"Ring of the Serpent"}],"items_purged_floors":[],"is_endless":false,"potions_floor_spawned":[2,3,8,11,14,24,31],"killed_by":"Automaton","ascension_level":15}