{"path_per_floor":["M","M","$","M","?","E","?","R","T","M","M","M","M","E","R","B",null,"M","T","?","$","M","E","?","R","T","$","?","R","E","$","R","B",null,"M","$","?","$","M","R","M","?","T","$","?","R","M","M","R"],"character_chosen":"THE_SILENT","items_purchased":["Well Laid Plans","Bouncing Flask","Accuracy","Panache","Cloak And Dagger","Flying Knee","Infinite Blades","Footwork"],"gold_per_floor":[117,135,20,39,39,73,73,73,73,89,108,124,137,162,162,265,265,277,577,577,400,420,484,484,484,484,87,87,87,115,68,68,165,195,209,34,83,6,25,25,40,40,90,13,13,13,24,37,37],"floor_reached":50,"campfire_rested":5,"playtime":4747,"current_hp_per_floor":[69,69,69,69,55,44,44,44,58,58,57,56,52,55,80,63,84,72,72,56,56,49,17,17,58,58,58,58,58,58,58,89,59,94,75,75,26,26,19,62,52,94,94,94,82,82,49,49,92],"items_purged":["Defend_G","Clumsy","Writhe","Strike_G"],"gold":37,"score":561,"play_id":"34d8fe00-af8f-4cb8-9ea6-bec8827a4f9a","is_prod":false,"is_daily":false,"is_ascension_mode":true,"campfire_upgraded":3,"path_taken":["M","M","?","M","?","E","?","R","T","M","?","?","M","E","R","BOSS","M","?","?","$","M","E","?","R","T","$","?","R","E","?","R","BOSS","M","$","?","?","M","R","M","?","T","$","?","R","M","M","R","BOSS"],"build_version":"2018-02-22-PROD2","purchased_purges":4,"victory":false,"master_deck":["Defend_G","Defend_G","Defend_G","Defend_G","Strike_G+1","Strike_G","Strike_G+1","Survivor+1","Neutralize+1","Backflip+1","Flying Knee+1","Sucker Punch","Backflip","Prepared","Caltrops","PiercingWail","Cloak And Dagger","Die Die Die","Burst+1","Dagger Throw+1","Bouncing Flask","Cloak And Dagger","Parasite","Accuracy","Panache","Escape Plan","Prepared+1","Cloak And Dagger","A Thousand Cuts+1","Dodge and Roll+1","Bane+1","Flying Knee","Poisoned Stab+1","Infinite Blades","Quick Slash+1","Well Laid Plans+1","Decay","Footwork","Madness","Madness","Accuracy+1"],"max_hp_per_floor":[70,70,70,70,70,70,70,70,84,84,84,84,84,84,84,84,84,84,84,89,89,89,89,89,89,89,89,89,89,89,89,89,89,94,94,94,94,94,94,94,94,94,94,94,94,94,94,94,94],"relics":["Ring of the Snake","Pantograph","Mango","Gremlin Horn","Cursed Key","Old Coin","Tiny Chest","Regal Pillow","Du-Vu Doll","Whetstone","Tiny House","Torii","Snake Skull"],"card_choices":[{"not_picked":["Quick Slash","Malaise"],"picked":"Backflip"},{"not_picked":["Accuracy","Tools of the Trade"],"picked":"Flying Knee"},{"not_picked":["Bane","Deflect"],"picked":"Sucker Punch"},{"not_picked":["Dash","Dodge and Roll"],"picked":"Backflip"},{"not_picked":["Outmaneuver","Sucker Punch"],"picked":"Prepared"},{"not_picked":["Backstab","Expertise"],"picked":"Caltrops"},{"not_picked":["Storm of Steel","Flying Knee"],"picked":"PiercingWail"},{"not_picked":["Prepared","Caltrops"],"picked":"Cloak And Dagger"},{"not_picked":["Reflex","Outmaneuver"],"picked":"Die Die Die"},{"not_picked":["Night Terror","Venomology"],"picked":"Burst"},{"not_picked":["Accuracy","Eviscerate"],"picked":"Dagger Throw"},{"not_picked":["Concentrate","Slice"],"picked":"Cloak And Dagger"},{"not_picked":["Deadly Poison","Reflex"],"picked":"Prepared"},{"not_picked":["Die Die Die","Glass Knife"],"picked":"A Thousand Cuts"},{"not_picked":["Flying Knee","Deflect"],"picked":"Dodge and Roll"},{"not_picked":["Underhanded Strike","Crippling Poison"],"picked":"Bane"},{"not_picked":["Riddle With Holes","Setup"],"picked":"Poisoned Stab"},{"not_picked":["Flechettes","Backflip"],"picked":"Quick Slash"},{"not_picked":["Leg Sweep","Riddle With Holes"],"picked":"Well Laid Plans"},{"not_picked":["Backflip","Infinite Blades"],"picked":"Accuracy"}],"player_experience":277754,"potions_floor_usage":[14,16,23,30,30,33,37,37,39,48],"damage_taken":[{"damage":1,"enemies":"Cultist","floor":1,"turns":4},{"damage":0,"enemies":"Jaw Worm","floor":2,"turns":5},{"damage":0,"enemies":"Small Slimes","floor":4,"turns":3},{"damage":11,"enemies":"Lagavulin","floor":6,"turns":9},{"damage":0,"enemies":"3 Louse","floor":10,"turns":3},{"damage":1,"enemies":"Red Slaver","floor":11,"turns":5},{"damage":1,"enemies":"Exordium Thugs","floor":12,"turns":5},{"damage":4,"enemies":"Gremlin Gang","floor":13,"turns":6},{"damage":12,"enemies":"3 Sentries","floor":14,"turns":9},{"damage":21,"enemies":"Hexaghost","floor":16,"turns":13},{"damage":12,"enemies":"3 Byrds","floor":18,"turns":5},{"damage":7,"enemies":"2 Thieves","floor":22,"turns":3},{"damage":32,"enemies":"Slavers","floor":23,"turns":5},{"damage":0,"enemies":"Gremlin Leader","floor":30,"turns":3},{"damage":30,"enemies":"Automaton","floor":33,"turns":11},{"damage":19,"enemies":"Orb Walker","floor":35,"turns":4},{"damage":49,"enemies":"Mysterious Sphere","floor":37,"turns":5},{"damage":7,"enemies":"3 Shapes","floor":39,"turns":4},{"damage":10,"enemies":"Sphere and 2 Shapes","floor":41,"turns":4},{"damage":33,"enemies":"3 Darklings","floor":47,"turns":5},{"damage":0,"enemies":"4 Shapes","floor":48,"turns":3},{"damage":104,"enemies":"Time Eater","floor":50,"turns":9}],"event_choices":[{"event_name":"Shining Light","player_choice":"Entered Light","floor":5,"damage_taken":0},{"event_name":"The Lab","player_choice":"Got Potions","floor":7,"damage_taken":0},{"event_name":"Forgotten Altar","player_choice":"Shed Blood","floor":20,"damage_taken":0},{"event_name":"The Mausoleum","player_choice":"Yes","floor":24,"damage_taken":0},{"event_name":"The Library","player_choice":"Read","floor":28,"damage_taken":0},{"event_name":"Mysterious Sphere","player_choice":"Fight","floor":37,"damage_taken":0},{"event_name":"Bonfire Elementals","player_choice":"UNCOMMON","floor":42,"damage_taken":0},{"event_name":"Winding Halls","player_choice":"Embrace Madness","floor":45,"damage_taken":0}],"boss_relics":[{"not_picked":["Lizard Tail","Calling Bell"],"picked":"Cursed Key"},{"not_picked":["Orrery","Question Card"],"picked":"Tiny House"}],"potions_floor_spawned":[10,12,14,22,23,33,37,39],"seed_played":"-3972932786728960804","killed_by":"Time Eater","ascension_level":1,"is_trial":false}