{"gold_per_floor":[111,127,127,107,126,126,154,174,174,174,174,26,26,26,26,122,122,133,2,2],"floor_reached":20,"playtime":784,"items_purged":[],"score":221,"play_id":"bab03da7-6746-4834-9e28-668070aa5448","local_time":"20190112204003","is_ascension_mode":true,"campfire_choices":[{"data":"Neutralize","floor":6,"key":"SMITH"},{"data":"Noxious Fumes","floor":10,"key":"SMITH"},{"floor":15,"key":"REST"}],"neow_cost":"NONE","seed_source_timestamp":265877739528754,"circlet_count":0,"master_deck":["Survivor","Neutralize+1","Noxious Fumes+1","Poisoned Stab","Terror","Sucker Punch","Malaise","Doppelganger","Venomology","Unload","Footwork","Malaise","Setup","PiercingWail","Backflip","Tools of the Trade","Skewer","Footwork","PiercingWail"],"relics":["Ring of the Snake","Boot","Bag of Marbles","PreservedInsect","Snake Skull","Darkstone Periapt","Pandora\u0027s Box"],"potions_floor_usage":[7,7,18,20],"damage_taken":[{"damage":1,"enemies":"2 Louse","floor":1,"turns":4},{"damage":4,"enemies":"Small Slimes","floor":2,"turns":6},{"damage":0,"enemies":"Cultist","floor":5,"turns":4},{"damage":5,"enemies":"3 Sentries","floor":7,"turns":8},{"damage":10,"enemies":"2 Fungi Beasts","floor":8,"turns":4},{"damage":9,"enemies":"The Guardian","floor":16,"turns":10},{"damage":12,"enemies":"Shell Parasite","floor":18,"turns":6},{"damage":77,"enemies":"Masked Bandits","floor":20,"turns":5}],"seed_played":"7443222028540978340","potions_obtained":[{"floor":1,"key":"Fire Potion"},{"floor":4,"key":"FearPotion"},{"floor":5,"key":"Poison Potion"}],"is_trial":false,"path_per_floor":["M","M","?","?","M","R","E","M","T","R","?","$","?","?","R","B",null,"M","$","?"],"character_chosen":"THE_SILENT","items_purchased":["Snake Skull","Footwork","PiercingWail"],"campfire_rested":1,"item_purchase_floors":[12,19,19],"current_hp_per_floor":[62,58,63,63,63,63,58,48,48,48,41,41,29,29,51,42,67,55,55,0],"gold":2,"neow_bonus":"RANDOM_COMMON_RELIC","is_prod":false,"is_daily":false,"chose_seed":false,"campfire_upgraded":2,"win_rate":0,"timestamp":1547343603,"path_taken":["M","M","?","?","M","R","E","?","T","R","?","$","?","?","R","BOSS","M","$","?"],"build_version":"2019-01-10","purchased_purges":0,"victory":false,"max_hp_per_floor":[70,70,75,75,75,75,75,75,75,75,75,75,75,75,75,75,75,75,75,75],"card_choices":[{"not_picked":["Accuracy","Concentrate","Prepared"],"picked":"SKIP","floor":1},{"not_picked":["Underhanded Strike","Deflect"],"picked":"Noxious Fumes","floor":2},{"not_picked":["Flying Knee","Reflex"],"picked":"Poisoned Stab","floor":5},{"not_picked":["Setup","Reflex"],"picked":"Terror","floor":7},{"not_picked":["Eviscerate","All Out Attack"],"picked":"Sucker Punch","floor":8},{"not_picked":["Phantasmal Killer","Grand Finale"],"picked":"Malaise","floor":16},{"not_picked":["Riddle With Holes","Slice"],"picked":"Skewer","floor":18}],"player_experience":1252712,"relics_obtained":[{"floor":7,"key":"Bag of Marbles"},{"floor":9,"key":"PreservedInsect"}],"event_choices":[{"damage_healed":0,"gold_gain":0,"player_choice":"Donut","damage_taken":0,"max_hp_gain":5,"max_hp_loss":0,"event_name":"Big Fish","floor":3,"gold_loss":0},{"damage_healed":0,"gold_gain":0,"player_choice":"Bought 1 Potion","damage_taken":0,"max_hp_gain":0,"max_hp_loss":0,"event_name":"The Woman in Blue","floor":4,"gold_loss":0},{"cards_removed":["Strike_G"],"damage_healed":0,"gold_gain":0,"player_choice":"Card Removal","damage_taken":7,"max_hp_gain":0,"max_hp_loss":0,"event_name":"Golden Wing","floor":11,"gold_loss":0},{"damage_healed":0,"gold_gain":0,"player_choice":"Success","damage_taken":12,"relics_obtained":["Darkstone Periapt"],"max_hp_gain":0,"max_hp_loss":0,"event_name":"Scrap Ooze","floor":13,"gold_loss":0},{"damage_healed":0,"gold_gain":0,"player_choice":"Ignored","damage_taken":0,"max_hp_gain":0,"max_hp_loss":0,"event_name":"Shining Light","floor":14,"gold_loss":0},{"damage_healed":0,"gold_gain":0,"player_choice":"Fought Bandits","damage_taken":0,"max_hp_gain":0,"max_hp_loss":0,"event_name":"Masked Bandits","floor":20,"gold_loss":0}],"is_beta":true,"boss_relics":[{"not_picked":["Runic Pyramid","Coffee Dripper"],"picked":"Pandora\u0027s Box"}],"items_purged_floors":[],"is_endless":false,"potions_floor_spawned":[1,5],"killed_by":"Masked Bandits","ascension_level":6}