{"gold_per_floor":[112,4,4,24,24,24,58,58,81,115,140,59,59,76,76,177,177,194,39,58,58,78,78,108,108,160,160,24,24,24,57,57,57],"floor_reached":33,"playtime":829,"items_purged":[],"score":455,"play_id":"9ec760c3-9efa-4d47-b1cc-e693587ea03c","local_time":"20190201231437","is_ascension_mode":true,"campfire_choices":[{"data":"Armaments","floor":6,"key":"SMITH"},{"data":"Inflame","floor":8,"key":"SMITH"},{"data":"Heavy Blade","floor":15,"key":"SMITH"},{"floor":23,"key":"REST"},{"floor":25,"key":"REST"},{"floor":32,"key":"REST"}],"neow_cost":"NONE","seed_source_timestamp":441329860268530,"circlet_count":0,"master_deck":["Strike_R+1","Strike_R+1","Strike_R+1","Defend_R+1","Defend_R+1","Defend_R+1","Defend_R+1","Bash","Thunderclap","Inflame+1","Whirlwind+1","Twin Strike+1","Armaments+1","Anger","Sword Boomerang","Uppercut","Intimidate","Heavy Blade+1","Offering","Pummel","Dual Wield","Limit Break","Shrug It Off","Warcry+1","Fiend Fire","Shrug It Off","Twin Strike","Feed","Fiend Fire","Reaper"],"relics":["Burning Blood","Prayer Wheel","Strawberry","Boot","Red Skull","NlothsMask","Black Star","Blood Vial","Art of War","MutagenicStrength","Blue Candle","Smiling Mask"],"potions_floor_usage":[10,22,22,31,33],"damage_taken":[{"damage":10,"enemies":"Small Slimes","floor":1,"turns":4},{"damage":7,"enemies":"Jaw Worm","floor":4,"turns":4},{"damage":15,"enemies":"3 Sentries","floor":7,"turns":4},{"damage":16,"enemies":"Gremlin Nob","floor":10,"turns":3},{"damage":0,"enemies":"2 Louse","floor":14,"turns":1},{"damage":0,"enemies":"Slime Boss","floor":16,"turns":3},{"damage":6,"enemies":"2 Thieves","floor":18,"turns":1},{"damage":24,"enemies":"Spheric Guardian","floor":20,"turns":4},{"damage":43,"enemies":"3 Cultists","floor":22,"turns":5},{"damage":35,"enemies":"Book of Stabbing","floor":24,"turns":4},{"damage":22,"enemies":"Gremlin Leader","floor":31,"turns":4},{"damage":95,"enemies":"Collector","floor":33,"turns":6}],"seed_played":"5199557731605490876","potions_obtained":[{"floor":1,"key":"SkillPotion"},{"floor":10,"key":"Swift Potion"},{"floor":16,"key":"EssenceOfSteel"},{"floor":21,"key":"BloodPotion"},{"floor":22,"key":"AttackPotion"}],"is_trial":false,"path_per_floor":["M","$","?","M","?","R","E","R","T","E","T","$","?","M","R","B",null,"M","$","M","?","M","R","E","R","T","?","$","?","?","E","R","B"],"character_chosen":"IRONCLAD","items_purchased":["Whirlwind","Twin Strike","Uppercut","Limit Break","Feed"],"campfire_rested":3,"item_purchase_floors":[2,2,12,19,28],"current_hp_per_floor":[68,68,61,60,44,44,35,35,42,32,32,32,32,38,38,44,76,76,76,58,58,29,55,26,52,52,52,52,52,52,38,64,0],"gold":57,"neow_bonus":"THREE_CARDS","is_prod":false,"is_daily":false,"chose_seed":false,"campfire_upgraded":3,"win_rate":0,"timestamp":1549080877,"path_taken":["M","$","?","M","?","R","E","R","T","E","?","?","?","?","R","BOSS","M","?","M","?","?","R","E","R","T","?","$","?","?","E","R","BOSS"],"build_version":"2019-01-23","purchased_purges":0,"victory":false,"max_hp_per_floor":[80,80,80,80,80,80,80,80,87,87,87,87,87,87,87,87,87,87,87,87,87,87,87,87,87,87,87,87,87,87,87,87,87],"card_choices":[{"not_picked":["Blood for Blood","Iron Wave"],"picked":"Thunderclap","floor":0},{"not_picked":["Disarm","Blood for Blood"],"picked":"Inflame","floor":1},{"not_picked":["Perfected Strike","Iron Wave"],"picked":"Armaments","floor":4},{"not_picked":["Inflame","Sentinel"],"picked":"Anger","floor":7},{"not_picked":["Anger","Bloodletting"],"picked":"Sword Boomerang","floor":10},{"not_picked":["Havoc","Seeing Red"],"picked":"Intimidate","floor":14},{"not_picked":["Evolve","Body Slam"],"picked":"Heavy Blade","floor":14},{"not_picked":["Bludgeon","Exhume"],"picked":"Offering","floor":16},{"not_picked":["Iron Wave+1","Combust"],"picked":"Pummel","floor":18},{"not_picked":["Cleave+1","Warcry"],"picked":"Dual Wield","floor":18},{"not_picked":["Twin Strike","Power Through"],"picked":"Shrug It Off","floor":20},{"not_picked":["Rampage","Hemokinesis"],"picked":"Warcry+1","floor":20},{"not_picked":["Perfected Strike+1","Iron Wave+1"],"picked":"Fiend Fire","floor":22},{"not_picked":["Dual Wield","Seeing Red"],"picked":"Shrug It Off","floor":22},{"not_picked":["Flex+1","Sword Boomerang"],"picked":"Twin Strike","floor":24},{"not_picked":["Barricade","Reckless Charge"],"picked":"Reaper","floor":31}],"player_experience":1352937,"relics_obtained":[{"floor":7,"key":"Prayer Wheel"},{"floor":9,"key":"Strawberry"},{"floor":10,"key":"Boot"},{"floor":11,"key":"Red Skull"},{"floor":24,"key":"Blood Vial"},{"floor":24,"key":"Art of War"},{"floor":31,"key":"Blue Candle"},{"floor":31,"key":"Smiling Mask"}],"event_choices":[{"cards_removed":["Strike_R"],"damage_healed":0,"gold_gain":0,"player_choice":"Card Removal","damage_taken":7,"max_hp_gain":0,"max_hp_loss":0,"event_name":"Golden Wing","floor":3,"gold_loss":0},{"damage_healed":0,"gold_gain":0,"player_choice":"Entered Light","damage_taken":16,"max_hp_gain":0,"max_hp_loss":0,"event_name":"Shining Light","floor":5,"gold_loss":0,"cards_upgraded":["Twin Strike","Whirlwind"]},{"damage_healed":0,"gold_gain":0,"player_choice":"Trade","damage_taken":0,"relics_obtained":["NlothsMask"],"max_hp_gain":0,"max_hp_loss":0,"event_name":"FaceTrader","floor":13,"gold_loss":0},{"damage_healed":0,"gold_gain":0,"player_choice":"Got Potions","damage_taken":0,"max_hp_gain":0,"max_hp_loss":0,"event_name":"Lab","floor":21,"gold_loss":0},{"damage_healed":0,"gold_gain":0,"player_choice":"Inject Mutagens","damage_taken":0,"relics_obtained":["MutagenicStrength"],"max_hp_gain":0,"max_hp_loss":0,"event_name":"Drug Dealer","floor":27,"gold_loss":0},{"damage_healed":0,"gold_gain":0,"player_choice":"Simplicity","damage_taken":0,"max_hp_gain":0,"max_hp_loss":0,"event_name":"Back to Basics","floor":29,"gold_loss":0,"cards_upgraded":["Strike_R","Strike_R","Strike_R","Strike_R","Defend_R","Defend_R","Defend_R","Defend_R"]},{"damage_healed":0,"gold_gain":0,"cards_transformed":["Strike_R"],"player_choice":"Transformed","damage_taken":0,"max_hp_gain":0,"max_hp_loss":0,"event_name":"Transmorgrifier","floor":30,"gold_loss":0,"cards_obtained":["Fiend Fire"]}],"is_beta":true,"boss_relics":[{"not_picked":["Coffee Dripper","Empty Cage"],"picked":"Black Star"}],"items_purged_floors":[],"is_endless":false,"potions_floor_spawned":[1,10,16,22],"killed_by":"Collector","ascension_level":7}