{"path_per_floor":["M","M","?","M","?","E","R","T","T","M","M","R","E","?","R","B",null,"M","?","$","T","M"],"character_chosen":"THE_SILENT","items_purchased":["Art of War","Well Laid Plans"],"gold_per_floor":[109,124,124,138,88,144,144,170,223,237,250,250,282,282,282,384,384,398,398,96,120,137],"floor_reached":23,"campfire_rested":1,"playtime":1487,"current_hp_per_floor":[69,69,69,69,69,65,65,65,65,61,63,63,54,54,70,49,70,69,69,69,69,70],"items_purged":["Strike_G"],"gold":137,"score":199,"play_id":"08a437ef-ede7-4f21-aed0-2a56655fd72b","is_prod":false,"is_daily":false,"is_ascension_mode":false,"campfire_upgraded":2,"path_taken":["M","M","?","M","?","E","R","?","T","M","?","R","E","?","R","BOSS","M","?","$","?","M","E"],"build_version":"2018-02-22-PROD2","purchased_purges":1,"victory":false,"master_deck":["Defend_G","Defend_G","Defend_G","Defend_G","Strike_G","Strike_G","Strike_G","Survivor","Neutralize+1","Quick Slash","Bouncing Flask+1","Deadly Poison","Flying Knee","Catalyst+1","Deflect","Terror","Escape Plan","Night Terror","Noxious Fumes","Well Laid Plans","Slice+1"],"max_hp_per_floor":[70,70,70,70,70,70,70,70,70,70,70,70,70,70,70,70,70,70,70,70,70,70],"relics":["Ring of the Snake","Tiny Chest","Snake Skull","Blood Vial","Dream Catcher","Velvet Choker","Art of War","Vajra"],"card_choices":[{"not_picked":["Catalyst","Terror"],"picked":"Quick Slash"},{"not_picked":["Cloak And Dagger","PiercingWail"],"picked":"Bouncing Flask"},{"not_picked":["Dagger Spray","Prepared"],"picked":"Deadly Poison"},{"not_picked":["PiercingWail","Blade Dance"],"picked":"Flying Knee"},{"not_picked":["Bouncing Flask","Dagger Spray"],"picked":"Catalyst"},{"not_picked":["Calculated Gamble","Outmaneuver"],"picked":"Deflect"},{"not_picked":["Blade Dance","Unload"],"picked":"Terror"},{"not_picked":["Finisher","Deadly Poison"],"picked":"Escape Plan"},{"not_picked":["A Thousand Cuts","Die Die Die"],"picked":"Night Terror"},{"not_picked":["Distraction","Dagger Throw"],"picked":"Noxious Fumes"},{"not_picked":["Terror","Deflect"],"picked":"Slice"}],"player_experience":174815,"potions_floor_usage":[6,11,13],"damage_taken":[{"damage":1,"enemies":"Jaw Worm","floor":1,"turns":4},{"damage":0,"enemies":"Cultist","floor":2,"turns":3},{"damage":0,"enemies":"2 Louse","floor":4,"turns":2},{"damage":4,"enemies":"Gremlin Nob","floor":6,"turns":3},{"damage":6,"enemies":"2 Fungi Beasts","floor":10,"turns":3},{"damage":0,"enemies":"Looter","floor":11,"turns":3},{"damage":11,"enemies":"3 Sentries","floor":13,"turns":8},{"damage":21,"enemies":"Hexaghost","floor":16,"turns":6},{"damage":1,"enemies":"Shell Parasite","floor":18,"turns":2},{"damage":0,"enemies":"Spheric Guardian","floor":22,"turns":2},{"damage":75,"enemies":"Slavers","floor":23,"turns":4}],"event_choices":[{"event_name":"Upgrade Shrine","player_choice":"Upgraded","floor":3,"damage_taken":0},{"event_name":"The Cleric","player_choice":"Card Removal","floor":5,"damage_taken":0},{"event_name":"Purifier","player_choice":"One Purge","floor":14,"damage_taken":0},{"event_name":"Vampires","player_choice":"Ignored","floor":19,"damage_taken":0}],"boss_relics":[{"not_picked":["Runic Dome","Philosopher\u0027s Stone"],"picked":"Velvet Choker"}],"potions_floor_spawned":[2,4,6,10,13],"seed_played":"24391300862197507","killed_by":"Slavers","ascension_level":0,"is_trial":false}