{"gold_per_floor":[111,131,231,243,26,52,64,76,142,185,162,103,103,120,120,217,217,232,250,261,261,261,261,291,310,386,386,34,34,46,62,62,163,163,179,232,245,245,255,286,286,386,409,426,460,560,574,123,123,123,123,123,47,77,77],"floor_reached":56,"playtime":3594,"items_purged":["Strike_G","Strike_G"],"score":1525,"play_id":"744ed963-d50c-4795-948d-abbe04068eac","local_time":"20190110005811","is_ascension_mode":true,"campfire_choices":[{"floor":7,"key":"REST"},{"data":"After Image","floor":15,"key":"SMITH"},{"floor":23,"key":"REST"},{"floor":27,"key":"REST"},{"floor":29,"key":"RECALL"},{"floor":32,"key":"REST"},{"floor":41,"key":"DIG"},{"floor":49,"key":"DIG"},{"floor":52,"key":"DIG"}],"neow_cost":"NONE","seed_source_timestamp":19275342087789,"circlet_count":0,"master_deck":["Defend_G+1","Defend_G","Defend_G+1","Defend_G","Defend_G","Strike_G","Survivor","Neutralize","Leg Sweep","Dagger Spray","After Image+1","Bandage Up","Skewer","Caltrops","Leg Sweep","Cloak And Dagger+1","Crippling Poison+1","Blur+1","Night Terror+1","Calculated Gamble+1","PiercingWail+1","RitualDagger","Backflip+1","Acrobatics+1","Infinite Blades","Terror+1","Endless Agony+1","Envenom","Backflip+1","Backstab+1","Acrobatics+1","Caltrops","Malaise+1","Noxious Fumes","Well Laid Plans+1","Footwork","Calculated Gamble+1","Blade Dance+1","Leg Sweep+1"],"relics":["Ring of the Serpent","NeowsBlessing","MawBank","Bronze Scales","Toxic Egg 2","Fusion Hammer","Paper Crane","Dream Catcher","Mummified Hand","Mercury Hourglass","Shovel","War Paint","Juzu Bracelet","Du-Vu Doll","Kunai","Pear","Ninja Scroll","Sundial","Thread and Needle"],"potions_floor_usage":[6,18,19,24,25,33,33,36,40,44,50,54,55],"damage_taken":[{"damage":0,"enemies":"Small Slimes","floor":1,"turns":1},{"damage":0,"enemies":"Cultist","floor":2,"turns":1},{"damage":0,"enemies":"Jaw Worm","floor":4,"turns":1},{"damage":37,"enemies":"Lagavulin","floor":6,"turns":11},{"damage":13,"enemies":"3 Sentries","floor":10,"turns":9},{"damage":0,"enemies":"Blue Slaver","floor":14,"turns":4},{"damage":14,"enemies":"Hexaghost","floor":16,"turns":11},{"damage":7,"enemies":"2 Thieves","floor":18,"turns":4},{"damage":0,"enemies":"Shell Parasite","floor":19,"turns":5},{"damage":1,"enemies":"Centurion and Healer","floor":20,"turns":13},{"damage":8,"enemies":"Slavers","floor":24,"turns":5},{"damage":3,"enemies":"Snake Plant","floor":25,"turns":4},{"damage":0,"enemies":"Cultist and Chosen","floor":30,"turns":6},{"damage":3,"enemies":"Centurion and Healer","floor":31,"turns":8},{"damage":7,"enemies":"Automaton","floor":33,"turns":14},{"damage":0,"enemies":"3 Shapes","floor":35,"turns":4},{"damage":21,"enemies":"2 Orb Walkers","floor":36,"turns":5},{"damage":0,"enemies":"Orb Walker","floor":37,"turns":5},{"damage":0,"enemies":"Sphere and 2 Shapes","floor":39,"turns":7},{"damage":9,"enemies":"Giant Head","floor":40,"turns":7},{"damage":0,"enemies":"Mind Bloom Boss Battle","floor":42,"turns":7},{"damage":1,"enemies":"Jaw Worm Horde","floor":44,"turns":4},{"damage":9,"enemies":"Nemesis","floor":45,"turns":11},{"damage":0,"enemies":"3 Darklings","floor":47,"turns":4},{"damage":0,"enemies":"Awakened One","floor":50,"turns":15},{"damage":14,"enemies":"Shield and Spear","floor":54,"turns":11},{"damage":39,"enemies":"The Heart","floor":55,"turns":10}],"seed_played":"6060276140902699230","potions_obtained":[{"floor":4,"key":"PowerPotion"},{"floor":6,"key":"EssenceOfSteel"},{"floor":10,"key":"Ancient Potion"},{"floor":14,"key":"Ancient Potion"},{"floor":18,"key":"LiquidBronze"},{"floor":19,"key":"Fire Potion"},{"floor":24,"key":"Strength Potion"},{"floor":31,"key":"SkillPotion"},{"floor":33,"key":"Fire Potion"},{"floor":36,"key":"EssenceOfSteel"},{"floor":42,"key":"Dexterity Potion"},{"floor":45,"key":"AttackPotion"}],"is_trial":false,"path_per_floor":["M","M","?","M","$","E","R","$","T","E","?","$","?","M","R","B",null,"M","M","M","?","?","R","E","M","T","R","$","R","M","M","R","B",null,"M","?","M","?","M","E","R","?","T","M","E","?","M","$","R","B",null,"R","$","E","B",null],"character_chosen":"THE_SILENT","items_purchased":["Bandage Up","Skewer","Caltrops","Crippling Poison+1","Mercury Hourglass","Infinite Blades","PowerPotion","Pear","Blade Dance+1","Leg Sweep+1"],"campfire_rested":4,"item_purchase_floors":[5,5,5,12,28,28,48,48,48,53],"current_hp_per_floor":[70,70,70,70,70,37,58,58,58,49,66,66,59,63,63,53,66,63,67,69,69,63,70,66,63,63,70,70,70,70,70,70,67,69,70,53,57,57,61,56,56,60,60,63,58,58,62,72,72,76,79,79,79,69,34],"gold":77,"neow_bonus":"THREE_ENEMY_KILL","is_prod":false,"is_daily":false,"chose_seed":false,"campfire_upgraded":1,"win_rate":0,"timestamp":1547099891,"path_taken":["M","M","?","?","$","E","R","$","T","E","?","?","?","M","R","BOSS","M","M","M","?","?","R","E","M","T","R","?","R","M","?","R","BOSS","M","?","M","?","?","E","R","?","T","M","E","?","M","$","R","BOSS","R","$","E","BOSS"],"build_version":"2019-01-08","purchased_purges":2,"victory":true,"max_hp_per_floor":[70,70,70,70,70,70,70,70,70,70,70,70,70,70,70,70,70,70,70,70,70,70,70,70,70,70,70,70,70,70,70,70,70,70,70,70,70,70,70,70,70,70,70,70,70,70,70,80,80,80,80,80,80,80,80],"card_choices":[{"not_picked":["Slice","Prepared"],"picked":"Leg Sweep","floor":1},{"not_picked":["Prepared","Sucker Punch"],"picked":"Dagger Spray","floor":2},{"not_picked":["Prepared","Sucker Punch"],"picked":"After Image","floor":4},{"not_picked":["Blade Dance","Envenom"],"picked":"Leg Sweep","floor":6},{"not_picked":["Dagger Spray","Storm of Steel"],"picked":"Cloak And Dagger","floor":10},{"not_picked":["Expertise+1","Slice"],"picked":"Blur+1","floor":14},{"not_picked":["Grand Finale","Burst+1"],"picked":"Night Terror+1","floor":16},{"not_picked":["Underhanded Strike+1","Flying Knee"],"picked":"Calculated Gamble+1","floor":18},{"not_picked":["Catalyst+1","Sucker Punch","Tactician+1"],"picked":"SKIP","floor":19},{"not_picked":["Dagger Throw+1","Underhanded Strike"],"picked":"PiercingWail+1","floor":20},{"not_picked":["Underhanded Strike","Slice"],"picked":"Backflip+1","floor":24},{"not_picked":["Eviscerate+1","Deadly Poison+1"],"picked":"Acrobatics+1","floor":25},{"not_picked":["Flying Knee","Slice+1"],"picked":"Terror+1","floor":30},{"not_picked":["Bane","Endless Agony+1","Eviscerate"],"picked":"SKIP","floor":31},{"not_picked":["Quick Slash+1","Dagger Throw"],"picked":"Endless Agony+1","floor":32},{"not_picked":["Grand Finale","Glass Knife"],"picked":"Envenom","floor":33},{"not_picked":["Setup+1","Flying Knee"],"picked":"Backflip+1","floor":35},{"not_picked":["Sucker Punch+1","Bane"],"picked":"Backstab+1","floor":36},{"not_picked":["Choke+1","Eviscerate+1"],"picked":"Acrobatics+1","floor":37},{"not_picked":["Bouncing Flask+1","Dagger Throw"],"picked":"Caltrops","floor":39},{"not_picked":["Deflect+1","Choke"],"picked":"Malaise+1","floor":40},{"not_picked":["Underhanded Strike+1","Poisoned Stab"],"picked":"Noxious Fumes","floor":42},{"not_picked":["Dagger Spray","PiercingWail+1"],"picked":"Well Laid Plans+1","floor":44},{"not_picked":["Blade Dance+1","Prepared+1"],"picked":"Footwork","floor":45},{"not_picked":["Flechettes+1","Bane+1"],"picked":"Calculated Gamble+1","floor":47},{"not_picked":["Deflect+1","Unload","Finisher+1"],"picked":"SKIP","floor":54}],"player_experience":1226835,"relics_obtained":[{"floor":6,"key":"MawBank"},{"floor":9,"key":"Bronze Scales"},{"floor":10,"key":"Toxic Egg 2"},{"floor":24,"key":"Dream Catcher"},{"floor":26,"key":"Mummified Hand"},{"floor":36,"key":"Shovel"},{"floor":40,"key":"War Paint"},{"floor":41,"key":"Juzu Bracelet"},{"floor":42,"key":"Du-Vu Doll"},{"floor":45,"key":"Kunai"},{"floor":49,"key":"Ninja Scroll"},{"floor":52,"key":"Sundial"},{"floor":54,"key":"Thread and Needle"}],"event_choices":[{"damage_healed":0,"gold_gain":100,"player_choice":"Pray","damage_taken":0,"max_hp_gain":0,"max_hp_loss":0,"event_name":"Golden Shrine","floor":3,"gold_loss":0},{"damage_healed":17,"gold_gain":0,"player_choice":"Healed","damage_taken":0,"max_hp_gain":0,"max_hp_loss":0,"event_name":"The Cleric","floor":11,"gold_loss":35},{"cards_removed":["Strike_G"],"damage_healed":0,"gold_gain":0,"player_choice":"Card Removal","damage_taken":7,"max_hp_gain":0,"max_hp_loss":0,"event_name":"Golden Wing","floor":13,"gold_loss":0},{"damage_healed":0,"gold_gain":0,"player_choice":"Opened","damage_taken":0,"relics_obtained":["Paper Crane"],"max_hp_gain":0,"max_hp_loss":0,"event_name":"The Mausoleum","floor":21,"gold_loss":0},{"damage_healed":0,"gold_gain":0,"player_choice":"Joined the Cult","damage_taken":6,"max_hp_gain":0,"max_hp_loss":0,"event_name":"Nest","floor":22,"gold_loss":0,"cards_obtained":["RitualDagger"]},{"damage_healed":0,"gold_gain":0,"player_choice":"Fight","damage_taken":0,"max_hp_gain":0,"max_hp_loss":0,"event_name":"Mysterious Sphere","floor":36,"gold_loss":0},{"cards_removed":["Strike_G"],"damage_healed":0,"gold_gain":0,"player_choice":"Card Removal","damage_taken":0,"max_hp_gain":0,"max_hp_loss":0,"event_name":"Wheel of Change","floor":38,"gold_loss":0},{"damage_healed":0,"gold_gain":0,"player_choice":"Fight","damage_taken":0,"max_hp_gain":0,"max_hp_loss":0,"event_name":"MindBloom","floor":42,"gold_loss":0},{"damage_healed":0,"gold_gain":100,"player_choice":"Pray","damage_taken":0,"max_hp_gain":0,"max_hp_loss":0,"event_name":"Golden Shrine","floor":46,"gold_loss":0}],"is_beta":true,"boss_relics":[{"not_picked":["Runic Dome","Runic Pyramid"],"picked":"Fusion Hammer"},{"not_picked":["Philosopher\u0027s Stone","Orrery"],"picked":"Ring of the Serpent"}],"items_purged_floors":[28,48],"is_endless":false,"potions_floor_spawned":[4,6,10,14,18,19,24,31,33,36,42,45],"ascension_level":5}