{"path_per_floor":["M","?","M","?","M","E","$","R","T","$","R","M","R","E","R","B",null,"M","M","?","?","?","M","$","?","T","R","?","?","$","?","R","B",null,"M","M","$","?","$","M","M","R","T","R","M","?","R","?","R"],"character_chosen":"THE_SILENT","items_purchased":["Infinite Blades","Flying Knee","Anchor","Dagger Throw","Escape Plan"],"gold_per_floor":[116,116,130,80,100,132,18,18,89,42,42,62,62,90,90,195,195,215,225,225,225,225,239,11,11,11,11,11,11,11,11,11,109,109,129,142,22,122,72,90,107,107,130,130,143,0,0,0,0],"floor_reached":50,"campfire_rested":3,"playtime":5809,"current_hp_per_floor":[61,48,48,48,48,27,27,45,45,45,63,63,63,62,62,49,63,48,48,37,37,37,35,35,35,35,55,55,55,55,68,68,24,68,58,58,58,58,58,50,48,58,58,68,66,66,68,59,68],"items_purged":["Defend_G","Strike_G","Doubt","Strike_G"],"gold":0,"score":394,"play_id":"9037927a-e72a-4baf-aa3e-014970ba571e","is_prod":false,"is_daily":false,"is_ascension_mode":false,"campfire_upgraded":7,"path_taken":["M","?","M","?","M","E","$","R","T","$","R","M","R","E","R","BOSS","M","M","?","?","?","M","$","?","T","R","?","?","$","?","R","BOSS","M","M","$","?","$","M","M","R","T","R","M","?","R","?","R","BOSS"],"build_version":"2018-02-22-PROD2","purchased_purges":4,"victory":false,"master_deck":["Defend_G+1","Defend_G+1","Defend_G+1","Defend_G+1","Strike_G+1","Strike_G+1","Survivor","Neutralize+1","After Image+1","Predator","Dodge and Roll+1","Acrobatics","Infinite Blades","Flying Knee","Venomology","Cloak And Dagger+1","Die Die Die","Quick Slash+1","Dagger Throw+1","Caltrops+1","Dagger Throw","Burst+1","Dodge and Roll+1","Caltrops","Escape Plan","Cloak And Dagger+1","Injury","Quick Slash+1","Madness","Madness"],"max_hp_per_floor":[63,63,63,63,63,63,63,63,63,63,63,63,63,63,63,63,63,63,63,68,68,68,68,68,68,68,68,68,68,68,68,68,68,68,68,68,68,68,68,68,68,68,68,68,68,68,68,68,68],"relics":["Ring of the Snake","Juzu Bracelet","Letter Opener","Smiling Mask","Cursed Key","Anchor","Torii","Eternal Feather","Regal Pillow","Red Mask"],"card_choices":[{"not_picked":["A Thousand Cuts","Doppelganger"],"picked":"After Image"},{"not_picked":["Underhanded Strike","Expertise"],"picked":"Predator"},{"not_picked":["Prepared","Underhanded Strike"],"picked":"Caltrops"},{"not_picked":["Masterful Stab","PiercingWail"],"picked":"Dodge and Roll"},{"not_picked":["Predator","Quick Slash"],"picked":"Acrobatics"},{"not_picked":["Bane","Sucker Punch"],"picked":"Venomology"},{"not_picked":["Outmaneuver","Dodge and Roll"],"picked":"Cloak And Dagger"},{"not_picked":["After Image","Bullet Time"],"picked":"Die Die Die"},{"not_picked":["Riddle With Holes","Cloak And Dagger"],"picked":"Quick Slash"},{"not_picked":["Prepared","Dagger Spray"],"picked":"Dagger Throw"},{"not_picked":["Dodge and Roll","Deadly Poison"],"picked":"Caltrops"},{"not_picked":["Die Die Die","Bullet Time"],"picked":"Burst"},{"not_picked":["Caltrops","Dagger Spray"],"picked":"Dodge and Roll"},{"not_picked":["Riddle With Holes","Dagger Spray"],"picked":"Caltrops"},{"not_picked":["Underhanded Strike","Quick Slash"],"picked":"Cloak And Dagger"},{"not_picked":["Escape Plan","Poisoned Stab"],"picked":"Quick Slash"}],"player_experience":193027,"potions_floor_usage":[6,14,16,16,18,23,23,33,33,33,35,35,41,45,45,45,50,50,50,50],"damage_taken":[{"damage":2,"enemies":"Small Slimes","floor":1,"turns":5},{"damage":0,"enemies":"Jaw Worm","floor":3,"turns":6},{"damage":0,"enemies":"Cultist","floor":5,"turns":4},{"damage":36,"enemies":"Gremlin Nob","floor":6,"turns":6},{"damage":0,"enemies":"Blue Slaver","floor":12,"turns":5},{"damage":1,"enemies":"3 Sentries","floor":14,"turns":6},{"damage":13,"enemies":"The Guardian","floor":16,"turns":9},{"damage":15,"enemies":"Spheric Guardian","floor":18,"turns":4},{"damage":0,"enemies":"3 Byrds","floor":19,"turns":3},{"damage":2,"enemies":"Sentry and Sphere","floor":23,"turns":4},{"damage":44,"enemies":"Collector","floor":33,"turns":14},{"damage":10,"enemies":"3 Darklings","floor":35,"turns":6},{"damage":0,"enemies":"Orb Walker","floor":36,"turns":4},{"damage":8,"enemies":"3 Darklings","floor":40,"turns":5},{"damage":2,"enemies":"Maw","floor":41,"turns":11},{"damage":2,"enemies":"Sphere and 2 Shapes","floor":45,"turns":6},{"damage":100,"enemies":"Donu and Deca","floor":50,"turns":7}],"event_choices":[{"event_name":"Shining Light","player_choice":"Entered Light","floor":2,"damage_taken":0},{"event_name":"The Cleric","player_choice":"Card Removal","floor":4,"damage_taken":0},{"event_name":"Forgotten Altar","player_choice":"Shed Blood","floor":20,"damage_taken":0},{"event_name":"The Woman in Blue","player_choice":"Bought 0 Potions","floor":21,"damage_taken":0},{"event_name":"Upgrade Shrine","player_choice":"Upgraded","floor":22,"damage_taken":0},{"event_name":"Back to Basics","player_choice":"Simplicity","floor":25,"damage_taken":0},{"event_name":"Addict","player_choice":"Ignored","floor":28,"damage_taken":0},{"event_name":"Drug Dealer","player_choice":"Ignored","floor":29,"damage_taken":0},{"event_name":"Bonfire Elementals","player_choice":"UNCOMMON","floor":31,"damage_taken":0},{"event_name":"Golden Shrine","player_choice":"Pray","floor":38,"damage_taken":0},{"event_name":"Tomb of Lord Red Mask","player_choice":"Paid","floor":46,"damage_taken":0},{"event_name":"Winding Halls","player_choice":"Embrace Madness","floor":48,"damage_taken":0}],"boss_relics":[{"not_picked":["Pandora\u0027s Box","The Specimen"],"picked":"Cursed Key"},{"not_picked":["Orrery","Runic Dome"],"picked":"Eternal Feather"}],"potions_floor_spawned":[3,6,14,16,18,33,35,41,45],"seed_played":"5197920868998895321","killed_by":"Donu and Deca","ascension_level":0,"is_trial":false}