{"gold_per_floor":[110,121,44,63,63,63,88,107,107,107,118,118,43,56,56,135,135,152,187,59,59,22,22,55,55,79,108,21,21,21,33,33,104,104,122,72,72,88,88,88,113,113,113,132,132,148,370,397,397,397,397],"floor_reached":51,"playtime":3532,"items_purged":["Strike_G","Strike_G"],"score":1378,"play_id":"ff548095-65e5-4f26-871b-d575fbd20238","local_time":"20190216142343","is_ascension_mode":true,"campfire_choices":[{"data":"Noxious Fumes","floor":6.0,"key":"SMITH"},{"data":"Footwork","floor":12.0,"key":"SMITH"},{"data":"Backflip","floor":15.0,"key":"SMITH"},{"floor":23.0,"key":"REST"},{"floor":25.0,"key":"REST"},{"floor":29.0,"key":"REST"},{"data":"Noxious Fumes","floor":32.0,"key":"SMITH"},{"data":"Malaise","floor":40.0,"key":"SMITH"},{"floor":42.0,"key":"REST"},{"floor":45.0,"key":"RECALL"},{"floor":49.0,"key":"REST"}],"neow_cost":"NONE","seed_source_timestamp":0,"circlet_count":0,"master_deck":["AscendersBane","Defend_G","Defend_G","Defend_G","Defend_G+1","Defend_G","Survivor+1","Neutralize+1","Well Laid Plans","Footwork+1","Noxious Fumes+1","Corpse Explosion","Backstab","Dagger Spray+1","Backflip+1","Glass Knife+1","Cloak And Dagger","Deflect","Dodge and Roll","Skewer+1","Malaise+1","Blur","Deflect","Skewer+1","Noxious Fumes+1","Deadly Poison","Backflip+1","Dodge and Roll","Deflect+1","Crippling Poison","Escape Plan+1","Dodge and Roll"],"special_seed":0,"relics":["Ring of the Snake","War Paint","Bottled Flame","Molten Egg 2","Bag of Marbles","Black Star","Red Mask","Orichalcum","Ancient Tea Set","Centennial Puzzle","Happy Flower","Paper Crane","Empty Cage","Dream Catcher","Anchor","Smiling Mask","The Courier"],"potions_floor_usage":[51],"damage_taken":[{"damage":3.0,"enemies":"Cultist","floor":1.0,"turns":5.0},{"damage":0.0,"enemies":"2 Louse","floor":2.0,"turns":2.0},{"damage":7.0,"enemies":"Small Slimes","floor":4.0,"turns":4.0},{"damage":33.0,"enemies":"3 Sentries","floor":7.0,"turns":8.0},{"damage":4.0,"enemies":"Blue Slaver","floor":8.0,"turns":4.0},{"damage":0.0,"enemies":"Exordium Wildlife","floor":11.0,"turns":2.0},{"damage":0.0,"enemies":"3 Louse","floor":14.0,"turns":1.0},{"damage":9.0,"enemies":"The Guardian","floor":16.0,"turns":10.0},{"damage":13.0,"enemies":"Shell Parasite","floor":18.0,"turns":5.0},{"damage":13.0,"enemies":"Masked Bandits","floor":19.0,"turns":5.0},{"damage":36.0,"enemies":"Gremlin Leader","floor":24.0,"turns":11.0},{"damage":5.0,"enemies":"Book of Stabbing","floor":27.0,"turns":6.0},{"damage":0.0,"enemies":"3 Byrds","floor":31.0,"turns":4.0},{"damage":10.0,"enemies":"Automaton","floor":33.0,"turns":11.0},{"damage":2.0,"enemies":"Orb Walker","floor":35.0,"turns":4.0},{"damage":5.0,"enemies":"3 Darklings","floor":38.0,"turns":6.0},{"damage":17.0,"enemies":"Giant Head","floor":41.0,"turns":11.0},{"damage":0.0,"enemies":"4 Shapes","floor":44.0,"turns":5.0},{"damage":15.0,"enemies":"Transient","floor":46.0,"turns":6.0},{"damage":12.0,"enemies":"Nemesis","floor":48.0,"turns":7.0},{"damage":27.0,"enemies":"Awakened One","floor":50.0,"turns":24.0},{"damage":22,"enemies":"Donu and Deca","floor":51,"turns":6}],"seed_played":"4030702436197258738","potions_obtained":[{"floor":4.0,"key":"Explosive Potion"},{"floor":7.0,"key":"EssenceOfSteel"},{"floor":11.0,"key":"FearPotion"},{"floor":16.0,"key":"GhostInAJar"},{"floor":31.0,"key":"Swift Potion"},{"floor":33.0,"key":"GhostInAJar"},{"floor":35.0,"key":"Weak Potion"}],"is_trial":false,"path_per_floor":["M","M","$","M","?","R","E","M","T","?","M","R","$","M","R","B",null,"M","?","$","?","$","R","E","R","T","E","$","R","$","M","R","B",null,"M","$","?","M","?","R","E","R","T","M","R","M","?","E","R","B","B"],"character_chosen":"THE_SILENT","items_purchased":["Footwork","Dodge and Roll","Blur","Noxious Fumes","Dodge and Roll"],"campfire_rested":5,"item_purchase_floors":[3,20,22,28,36],"current_hp_per_floor":[56,56,56,49,49,49,16,12,12,12,12,12,12,12,12,3,50,37,24,24,24,24,43,7,26,26,21,21,40,40,40,40,30,57,55,55,55,50,50,50,33,52,52,52,52,37,37,25,44,17,0],"gold":397,"neow_bonus":"RANDOM_COMMON_RELIC","is_prod":false,"is_daily":false,"chose_seed":false,"campfire_upgraded":5,"win_rate":0,"timestamp":1550355823,"path_taken":["M","M","$","M","?","R","E","?","T","?","?","R","?","M","R","BOSS","M","?","$","?","?","R","E","R","T","E","$","R","$","M","R","BOSS","M","$","?","M","?","R","E","R","T","M","R","M","?","E","R","BOSS","BOSS"],"build_version":"2019-02-06","purchased_purges":2,"victory":false,"max_hp_per_floor":[66,66,66,66,66,66,66,66,66,66,66,66,66,66,66,66,66,66,66,66,66,66,66,66,66,66,66,66,66,66,66,66,66,66,66,66,66,66,66,66,66,66,66,66,66,66,66,66,66,66,66],"card_choices":[{"not_picked":["Dagger Throw","Quick Slash"],"picked":"Poisoned Stab","floor":1.0},{"not_picked":["Slice","Skewer"],"picked":"Well Laid Plans","floor":2.0},{"not_picked":["Envenom","Heel Hook"],"picked":"Noxious Fumes","floor":4.0},{"not_picked":["Deadly Poison","Night Terror"],"picked":"Corpse Explosion","floor":7.0},{"not_picked":["PiercingWail","Noxious Fumes"],"picked":"Backstab","floor":8.0},{"not_picked":["Bane+1","PiercingWail"],"picked":"Dagger Spray+1","floor":11.0},{"not_picked":["Poisoned Stab+1","Slice+1"],"picked":"Backflip","floor":14.0},{"not_picked":["Storm of Steel","Venomology"],"picked":"Glass Knife+1","floor":16.0},{"not_picked":["Sucker Punch+1","Finisher+1"],"picked":"Cloak And Dagger","floor":18.0},{"not_picked":["Sucker Punch+1","Deadly Poison"],"picked":"Deflect","floor":19.0},{"not_picked":["Finisher+1","Dagger Throw+1"],"picked":"Deflect","floor":24.0},{"not_picked":["Poisoned Stab+1","Setup"],"picked":"Skewer+1","floor":27.0},{"not_picked":["Acrobatics","Distraction"],"picked":"Deadly Poison","floor":31.0},{"not_picked":["Prepared","Acrobatics"],"picked":"Backflip+1","floor":35.0},{"not_picked":["Poisoned Stab+1","Underhanded Strike+1","Backstab+1"],"picked":"SKIP","floor":38.0},{"not_picked":["Sucker Punch+1","Outmaneuver"],"picked":"Deflect+1","floor":41.0},{"not_picked":["Skewer+1","Slice+1"],"picked":"Crippling Poison","floor":42.0},{"not_picked":["Deadly Poison","Terror+1"],"picked":"Escape Plan+1","floor":44.0},{"not_picked":["Quick Slash+1","Backstab+1","Poisoned Stab+1"],"picked":"SKIP","floor":46.0},{"not_picked":["Underhanded Strike+1","Cloak And Dagger","Poisoned Stab+1"],"picked":"SKIP","floor":48.0},{"not_picked":["Accuracy","Sucker Punch+1"],"picked":"Dodge and Roll","floor":49.0}],"player_experience":1323589,"relics_obtained":[{"floor":7.0,"key":"Bottled Flame"},{"floor":9.0,"key":"Molten Egg 2"},{"floor":19.0,"key":"Red Mask"},{"floor":24.0,"key":"Orichalcum"},{"floor":24.0,"key":"Ancient Tea Set"},{"floor":26.0,"key":"Centennial Puzzle"},{"floor":27.0,"key":"Happy Flower"},{"floor":27.0,"key":"Paper Crane"},{"floor":41.0,"key":"Dream Catcher"},{"floor":41.0,"key":"Anchor"},{"floor":48.0,"key":"Smiling Mask"},{"floor":48.0,"key":"The Courier"}],"event_choices":[{"damage_healed":0.0,"max_hp_gain":0.0,"max_hp_loss":0.0,"gold_gain":0.0,"event_name":"Upgrade Shrine","player_choice":"Upgraded","floor":5.0,"gold_loss":0.0,"damage_taken":0.0,"cards_upgraded":["Neutralize"]},{"damage_healed":0.0,"max_hp_gain":0.0,"max_hp_loss":0.0,"gold_gain":0.0,"event_name":"WeMeetAgain","player_choice":"Gave Potion","floor":10.0,"gold_loss":0.0,"damage_taken":0.0,"relics_obtained":["Bag of Marbles"]},{"damage_healed":0.0,"max_hp_gain":0.0,"max_hp_loss":0.0,"gold_gain":0.0,"event_name":"Masked Bandits","player_choice":"Fought Bandits","floor":19.0,"gold_loss":0.0,"damage_taken":0.0},{"damage_healed":0.0,"max_hp_gain":0.0,"max_hp_loss":0.0,"gold_gain":0.0,"cards_transformed":["Strike_G","Strike_G"],"event_name":"Drug Dealer","player_choice":"Became Test Subject","floor":21.0,"gold_loss":0.0,"damage_taken":0.0,"cards_obtained":["Skewer","Malaise"]},{"damage_healed":0.0,"max_hp_gain":0.0,"max_hp_loss":0.0,"gold_gain":0.0,"event_name":"SensoryStone","player_choice":"Memory 1","floor":37.0,"gold_loss":0.0,"damage_taken":0.0},{"damage_healed":0.0,"max_hp_gain":0.0,"max_hp_loss":0.0,"gold_gain":0.0,"event_name":"Mysterious Sphere","player_choice":"Ignored","floor":39.0,"gold_loss":0.0,"damage_taken":0.0},{"damage_healed":0.0,"max_hp_gain":0.0,"max_hp_loss":0.0,"gold_gain":222.0,"event_name":"Tomb of Lord Red Mask","player_choice":"Wore Mask","floor":47.0,"gold_loss":0.0,"damage_taken":0.0}],"is_beta":true,"boss_relics":[{"not_picked":["Ring of the Serpent","Eternal Feather"],"picked":"Black Star"},{"not_picked":["Pandora\u0027s Box","Coffee Dripper"],"picked":"Empty Cage"}],"items_purged_floors":[13,20],"is_endless":false,"potions_floor_spawned":[4,7,11,14,16,18,31,33,35,38,41],"killed_by":"Donu and Deca","ascension_level":20}