{"path_per_floor":["M","M","M","M","?","R","E","?","T","?","M","R","$","M","R","B",null,"M","$","?","?","$","E","R","M","T","?","R","?","R","M","R","B",null,"M","M","M","$","?","R","E","R","T","M","?","M","?","$","R","B"],"character_chosen":"THE_SILENT","items_purchased":["Strawberry","Dodge and Roll","Noxious Fumes","Acrobatics","Escape Plan","Panache","Madness"],"gold_per_floor":[115,127,147,164,164,164,199,199,199,199,218,218,47,58,58,161,161,179,139,139,139,85,119,119,139,223,138,138,138,138,153,153,252,252,265,279,295,181,181,181,214,214,237,250,296,316,316,53,53,53],"floor_reached":51,"campfire_rested":3,"playtime":2972,"current_hp_per_floor":[70,70,68,65,58,58,37,30,30,35,34,56,63,63,63,56,82,82,82,82,57,57,28,45,51,51,51,51,51,51,55,55,39,57,51,50,43,43,43,55,36,48,48,49,29,38,28,28,57,14],"items_purged":["Writhe"],"gold":53,"score":815,"play_id":"5c074029-001e-4f9a-9a3a-bc3ec53b293a","local_time":"20180407115815","is_prod":false,"is_daily":false,"is_ascension_mode":true,"campfire_upgraded":4,"timestamp":1523116695,"path_taken":["M","M","M","M","?","R","E","?","T","?","?","R","$","M","R","BOSS","M","?","?","?","$","E","R","M","T","?","R","?","R","?","R","BOSS","M","?","M","$","?","R","E","R","T","M","?","M","?","$","R","BOSS"],"build_version":"2018-04-05","purchased_purges":1,"victory":true,"master_deck":["Defend_G","Defend_G","Defend_G","Defend_G","Survivor","Neutralize+1","Flying Knee","Dagger Spray+1","Footwork+1","Terror","Die Die Die","Dodge and Roll","Slice","Bullet Time","Infinite Blades+1","Blur+1","Bullet Time+1","PiercingWail","Noxious Fumes+1","Bite","Bite","Bite","Bite","Acrobatics","Noxious Fumes+1","Expertise+1","Adrenaline","Cloak And Dagger","Backflip","Skewer","Escape Plan","Backflip","Dagger Spray+1","Cloak And Dagger","Expertise","Madness","Swift Strike","Mind Blast","Panache","Madness"],"max_hp_per_floor":[70,70,70,70,70,70,70,70,70,75,75,75,82,82,82,82,82,82,82,82,57,57,57,57,57,57,57,57,57,57,57,57,57,57,57,57,57,57,57,57,57,57,57,57,57,57,57,57,57,57],"relics":["Ring of the Snake","Ancient Tea Set","Centennial Puzzle","Ice Cream","Strawberry","Astrolabe","Vajra","Tiny Chest","Gremlin Horn","Girya","Eternal Feather","Prayer Wheel","Bronze Scales","Torii"],"card_choices":[{"not_picked":["Deadly Poison","Dodge and Roll"],"picked":"Flying Knee","floor":1},{"not_picked":["Calculated Gamble","Escape Plan"],"picked":"Dagger Spray","floor":2},{"not_picked":["Backflip","Prepared"],"picked":"Footwork","floor":4},{"not_picked":["Outmaneuver","Calculated Gamble"],"picked":"Terror","floor":7},{"not_picked":["Setup","Prepared"],"picked":"Die Die Die","floor":11},{"not_picked":["Underhanded Strike","Deadly Poison"],"picked":"Slice","floor":14},{"not_picked":["Storm of Steel","Wraith Form"],"picked":"Bullet Time","floor":16},{"not_picked":["Blur","Flying Knee"],"picked":"PiercingWail","floor":18},{"not_picked":["Poisoned Stab","Dagger Throw"],"picked":"Noxious Fumes","floor":23},{"not_picked":["Acrobatics","Malaise"],"picked":"Expertise","floor":31},{"not_picked":["Tools of the Trade","Bullet Time"],"picked":"Adrenaline","floor":33},{"not_picked":["Quick Slash","Acrobatics"],"picked":"Cloak And Dagger","floor":35},{"not_picked":["Distraction","Bullet Time"],"picked":"Backflip","floor":36},{"not_picked":["Outmaneuver","Prepared"],"picked":"Skewer","floor":37},{"not_picked":["Heel Hook","Dodge and Roll"],"picked":"Backflip","floor":41},{"not_picked":["Dodge and Roll","Deadly Poison"],"picked":"Dagger Spray","floor":43},{"not_picked":["Acrobatics","Envenom"],"picked":"Cloak And Dagger","floor":44},{"not_picked":["Sucker Punch","Deadly Poison"],"picked":"Expertise","floor":45},{"not_picked":["Transmutation","Enlightenment"],"picked":"Madness","floor":47},{"not_picked":["Thinking Ahead","Jack Of All Trades"],"picked":"Swift Strike","floor":47},{"not_picked":["Madness","Secret Technique"],"picked":"Mind Blast","floor":47}],"player_experience":105927,"potions_floor_usage":[7,23,31,33,33,50,50,50],"damage_taken":[{"damage":0,"enemies":"2 Louse","floor":1,"turns":3},{"damage":0,"enemies":"Jaw Worm","floor":2,"turns":5},{"damage":2,"enemies":"Small Slimes","floor":3,"turns":3},{"damage":3,"enemies":"Blue Slaver","floor":4,"turns":5},{"damage":21,"enemies":"3 Sentries","floor":7,"turns":13},{"damage":1,"enemies":"Looter","floor":11,"turns":3},{"damage":0,"enemies":"Large Slime","floor":14,"turns":5},{"damage":7,"enemies":"The Guardian","floor":16,"turns":13},{"damage":0,"enemies":"Shell Parasite","floor":18,"turns":5},{"damage":33,"enemies":"Gremlin Leader","floor":23,"turns":10},{"damage":0,"enemies":"Chosen","floor":25,"turns":3},{"damage":2,"enemies":"Snecko","floor":31,"turns":4},{"damage":34,"enemies":"Collector","floor":33,"turns":8},{"damage":6,"enemies":"Orb Walker","floor":35,"turns":3},{"damage":3,"enemies":"3 Shapes","floor":36,"turns":2},{"damage":15,"enemies":"Sphere and 2 Shapes","floor":37,"turns":6},{"damage":27,"enemies":"Nemesis","floor":41,"turns":7},{"damage":7,"enemies":"3 Darklings","floor":44,"turns":2},{"damage":22,"enemies":"Mysterious Sphere","floor":45,"turns":3},{"damage":1,"enemies":"Flame Bruiser 2 Orb","floor":46,"turns":5},{"damage":51,"enemies":"Time Eater","floor":50,"turns":12}],"event_choices":[{"event_name":"Golden Wing","player_choice":"Card Removal","floor":5,"damage_taken":0},{"event_name":"Scrap Ooze","player_choice":"success","floor":8,"damage_taken":7},{"event_name":"Big Fish","player_choice":"Donut","floor":10,"damage_taken":0},{"event_name":"The Lab","player_choice":"Got Potions","floor":20,"damage_taken":0},{"event_name":"Vampires","player_choice":"Became a vampire","floor":21,"damage_taken":0},{"event_name":"Addict","player_choice":"Obtained Relic","floor":27,"damage_taken":0},{"event_name":"The Mausoleum","player_choice":"Yes","floor":29,"damage_taken":0},{"event_name":"Mysterious Sphere","player_choice":"Fight","floor":45,"damage_taken":0},{"event_name":"SensoryStone","player_choice":"Memory 3","floor":47,"damage_taken":0}],"boss_relics":[{"not_picked":["Snecko Eye","Velvet Choker"],"picked":"Astrolabe"},{"not_picked":["Black Star","Philosopher\u0027s Stone"],"picked":"Eternal Feather"}],"potions_floor_spawned":[3,4,11,14,23,25,31,41,45],"seed_played":"-9216997669924957588","ascension_level":3,"is_trial":false}