{"gold_per_floor":[212,212,224,241,241,273,292,139,164,175,175,193,227,219,231,243],"floor_reached":16,"playtime":509,"items_purged":["Strike_R"],"score":140,"play_id":"2c0bb969-dfe3-4e73-82ac-c8918f8c3908","local_time":"20190126183900","is_ascension_mode":true,"campfire_choices":[{"floor":11,"key":"REST"},{"data":"Reaper","floor":15,"key":"SMITH"}],"neow_cost":"NONE","seed_source_timestamp":531113022093347,"circlet_count":0,"master_deck":["Strike_R","Strike_R","Strike_R","Strike_R","Defend_R+1","Defend_R","Defend_R","Defend_R","Bash+1","Iron Wave","Spot Weakness","Battle Trance","Shrug It Off","Bash","Limit Break+1","Spot Weakness","True Grit","Reaper+1","Headbutt","Battle Trance","Feel No Pain"],"relics":["Burning Blood","War Paint","Blood Vial","MawBank"],"potions_floor_usage":[13,16],"damage_taken":[{"damage":6,"enemies":"2 Louse","floor":1,"turns":4},{"damage":1,"enemies":"Cultist","floor":3,"turns":4},{"damage":9,"enemies":"Jaw Worm","floor":4,"turns":3},{"damage":35,"enemies":"Gremlin Nob","floor":6,"turns":5},{"damage":29,"enemies":"Lots of Slimes","floor":7,"turns":5},{"damage":10,"enemies":"2 Fungi Beasts","floor":10,"turns":3},{"damage":18,"enemies":"Blue Slaver","floor":12,"turns":4},{"damage":22,"enemies":"3 Sentries","floor":13,"turns":6},{"damage":53,"enemies":"Slime Boss","floor":16,"turns":8}],"seed_played":"2597250335614201880","potions_obtained":[{"floor":10,"key":"SpeedPotion"},{"floor":12,"key":"BloodPotion"},{"floor":13,"key":"Swift Potion"},{"floor":14,"key":"FearPotion"}],"is_trial":false,"path_per_floor":["M","?","M","M","?","E","M","$","T","M","R","M","E","?","R","B"],"character_chosen":"IRONCLAD","items_purchased":["Reaper"],"campfire_rested":1,"item_purchase_floors":[8],"current_hp_per_floor":[80,80,80,77,77,48,25,25,25,23,47,44,38,38,38,0],"gold":243,"neow_bonus":"HUNDRED_GOLD","is_prod":false,"is_daily":false,"chose_seed":false,"campfire_upgraded":1,"win_rate":0,"timestamp":1548545940,"path_taken":["M","?","?","M","?","E","M","$","T","?","R","M","E","?","R","BOSS"],"build_version":"2019-01-23","purchased_purges":1,"victory":false,"max_hp_per_floor":[80,80,80,80,80,80,80,80,80,80,80,80,80,80,80,80],"card_choices":[{"not_picked":["Sword Boomerang","Headbutt"],"picked":"Iron Wave","floor":1},{"not_picked":["Heavy Blade","Fire Breathing"],"picked":"Spot Weakness","floor":3},{"not_picked":["Spot Weakness","Clothesline"],"picked":"Battle Trance","floor":4},{"not_picked":["Thunderclap","Dual Wield"],"picked":"Spot Weakness","floor":6},{"not_picked":["Havoc","Warcry"],"picked":"True Grit","floor":7},{"not_picked":["Hemokinesis","Perfected Strike"],"picked":"Headbutt","floor":10},{"not_picked":["Cleave","Sever Soul"],"picked":"Battle Trance","floor":12},{"not_picked":["Sword Boomerang","Wild Strike"],"picked":"Feel No Pain","floor":13}],"player_experience":1315341,"relics_obtained":[{"floor":6,"key":"War Paint"},{"floor":9,"key":"Blood Vial"},{"floor":13,"key":"MawBank"}],"event_choices":[{"damage_healed":0,"gold_gain":0,"player_choice":"Upgraded","damage_taken":0,"max_hp_gain":0,"max_hp_loss":0,"event_name":"Upgrade Shrine","floor":2,"gold_loss":0,"cards_upgraded":["Bash"]},{"damage_healed":0,"gold_gain":0,"player_choice":"3 cards matched","damage_taken":0,"max_hp_gain":0,"max_hp_loss":0,"event_name":"Match and Keep!","floor":5,"gold_loss":0,"cards_obtained":["Shrug It Off","Bash","Limit Break"]},{"damage_healed":0,"gold_gain":0,"player_choice":"Bought 1 Potion","damage_taken":0,"max_hp_gain":0,"max_hp_loss":0,"event_name":"The Woman in Blue","floor":14,"gold_loss":0}],"is_beta":true,"boss_relics":[],"items_purged_floors":[8],"is_endless":false,"potions_floor_spawned":[10,12,13],"killed_by":"Slime Boss","ascension_level":5}