{"path_per_floor":["M","?","M","M","?","E","M","?","T","?","$","R","M","T","R","B",null,"M","M","?","M","?","R","$","M","T","?","?","$","M","M","R"],"character_chosen":"IRONCLAD","items_purchased":["Twin Strike","Shrug It Off","Gambling Chip","Havoc"],"gold_per_floor":[117,117,132,148,148,179,194,194,194,159,88,88,100,174,174,272,272,289,307,307,323,323,323,4,23,23,23,23,23,35,50,50],"floor_reached":33,"campfire_rested":1,"playtime":1853,"current_hp_per_floor":[80,55,61,67,51,22,27,27,41,64,64,64,64,64,92,69,88,90,69,69,56,104,104,104,108,108,108,108,108,97,107,107],"items_purged":[],"gold":50,"score":359,"play_id":"007e7ec9-1d42-4221-a74b-8a0a30d7eb2f","local_time":"20180321123711","is_prod":false,"is_daily":false,"is_ascension_mode":true,"campfire_upgraded":3,"timestamp":1521650231,"path_taken":["M","?","M","M","?","E","?","?","T","?","?","R","?","?","R","BOSS","M","M","?","M","?","R","$","M","T","?","?","$","?","M","R","BOSS"],"build_version":"2018-03-15v3","purchased_purges":0,"victory":false,"master_deck":["Strike_R","Strike_R","Strike_R","Strike_R+1","Strike_R","Defend_R","Defend_R","Defend_R","Defend_R+1","Bash","Clash","Ghostly Armor+1","Pommel Strike+1","Pommel Strike+1","Havoc+1","Twin Strike+1","Shrug It Off+1","Headbutt","Feed+1","Armaments+1","Clash","Intimidate+1","Havoc+1","Cleave","Writhe","Anger","Corruption"],"max_hp_per_floor":[80,80,80,80,80,80,80,80,94,94,94,94,94,94,94,94,94,94,94,94,94,104,104,104,108,108,108,108,108,108,112,112],"relics":["Burning Blood","NeowsBlessing","Toxic Egg 2","Orichalcum","Mango","Gremlin Horn","Philosopher\u0027s Stone","Gambling Chip","Vajra","Paper Frog"],"card_choices":[{"not_picked":["Dual Wield","Armaments"],"picked":"Clash"},{"not_picked":["Warcry","Metallicize"],"picked":"Ghostly Armor"},{"not_picked":["Perfected Strike","Clothesline"],"picked":"Pommel Strike"},{"not_picked":["Wild Strike","Ghostly Armor"],"picked":"Pommel Strike"},{"not_picked":["Perfected Strike","Body Slam"],"picked":"Havoc"},{"not_picked":["Evolve","Anger"],"picked":"Headbutt"},{"not_picked":["Juggernaut","Limit Break"],"picked":"Feed"},{"not_picked":["Ghostly Armor","True Grit"],"picked":"Armaments"},{"not_picked":["Sword Boomerang","Armaments"],"picked":"Clash"},{"not_picked":["Rampage","Rupture"],"picked":"Intimidate"},{"not_picked":["Headbutt","Pommel Strike"],"picked":"Cleave"},{"not_picked":["Cleave","Ghostly Armor"],"picked":"Anger"},{"not_picked":["Armaments","Anger"],"picked":"Corruption"}],"player_experience":631189,"potions_floor_usage":[16,16,16,25,33],"damage_taken":[{"damage":0,"enemies":"Jaw Worm","floor":1,"turns":1},{"damage":0,"enemies":"Small Slimes","floor":3,"turns":1},{"damage":0,"enemies":"2 Louse","floor":4,"turns":1},{"damage":35,"enemies":"Lagavulin","floor":6,"turns":7},{"damage":1,"enemies":"Red Slaver","floor":7,"turns":4},{"damage":6,"enemies":"Looter","floor":13,"turns":2},{"damage":29,"enemies":"Slime Boss","floor":16,"turns":13},{"damage":4,"enemies":"2 Thieves","floor":18,"turns":4},{"damage":27,"enemies":"3 Byrds","floor":19,"turns":5},{"damage":19,"enemies":"Snake Plant","floor":21,"turns":4},{"damage":1,"enemies":"Cultist and Chosen","floor":25,"turns":4},{"damage":17,"enemies":"Sentry and Sphere","floor":30,"turns":4},{"damage":0,"enemies":"Snecko","floor":31,"turns":2},{"damage":117,"enemies":"Automaton","floor":33,"turns":10}],"event_choices":[{"event_name":"Scrap Ooze","player_choice":"success","floor":2,"damage_taken":25},{"event_name":"Shining Light","player_choice":"Entered Light","floor":5,"damage_taken":0},{"event_name":"Living Wall","player_choice":"Grow","floor":8,"damage_taken":0},{"event_name":"The Cleric","player_choice":"Healed","floor":10,"damage_taken":0},{"event_name":"Duplicator","player_choice":"One dupe","floor":20,"damage_taken":0},{"event_name":"Bonfire Elementals","player_choice":"RARE","floor":22,"damage_taken":0},{"event_name":"Vampires","player_choice":"Ignored","floor":27,"damage_taken":0},{"event_name":"The Mausoleum","player_choice":"Yes","floor":28,"damage_taken":0}],"boss_relics":[{"not_picked":["Sozu","Mark of Pain"],"picked":"Philosopher\u0027s Stone"}],"potions_floor_spawned":[1,4,13,18,31],"seed_played":"2059350927106760966","killed_by":"Automaton","ascension_level":5,"is_trial":false}