{"path_per_floor":["M","?","?","M","M","E","R","M","T","?","M","$","R","M","R","B",null,"M","M","$","M","?","R","?","T","T","R","E","M","$","M","R"],"character_chosen":"IRONCLAD","items_purchased":["Shovel","Apotheosis"],"gold_per_floor":[110,110,110,131,146,177,177,200,270,344,357,47,47,60,60,180,180,201,220,27,48,48,48,48,75,101,101,132,155,80,101,101],"floor_reached":33,"campfire_rested":0,"playtime":1088,"current_hp_per_floor":[80,73,73,79,80,80,80,80,80,75,71,71,71,75,75,80,80,80,78,78,78,78,78,78,78,78,78,65,75,75,70,70],"items_purged":["Writhe"],"gold":101,"score":342,"play_id":"e3662c03-c701-4994-a020-7ba258f61ccf","local_time":"20180310171917","is_prod":false,"is_daily":false,"is_ascension_mode":false,"campfire_upgraded":1,"timestamp":1520720357,"path_taken":["M","?","?","M","M","E","R","M","T","?","M","$","R","?","R","BOSS","M","M","$","M","?","R","?","?","T","R","E","M","$","M","R","BOSS"],"build_version":"2018-03-09","purchased_purges":1,"victory":false,"master_deck":["Strike_R","Strike_R","Strike_R","Strike_R","Defend_R+1","Defend_R","Defend_R","Defend_R","Bash","Whirlwind+1","Injury","Shrug It Off","Flex+1","Thunderclap","Flex+1","Headbutt","Heavy Blade+1","Cleave","Apotheosis+1","Offering+1"],"max_hp_per_floor":[80,80,80,80,80,80,80,80,80,80,80,80,80,80,80,80,80,80,80,80,80,80,80,80,80,80,80,82,84,84,84,84],"relics":["Burning Blood","Golden Idol","Dream Catcher","Toxic Egg 2","Pen Nib","Shovel","Anchor","Orichalcum","Velvet Choker","Bag of Preparation","Girya","Singing Bowl","War Paint","Letter Opener"],"card_choices":[{"not_picked":["Anger","Sentinel"],"picked":"Whirlwind"},{"not_picked":["Intimidate","Heavy Blade"],"picked":"Shrug It Off"},{"not_picked":["Feed","Anger"],"picked":"Flex"},{"not_picked":["Immolate","Perfected Strike"],"picked":"Thunderclap"},{"not_picked":["Pommel Strike","Twin Strike"],"picked":"Flex"},{"not_picked":["Sword Boomerang","Reckless Charge"],"picked":"Headbutt"},{"not_picked":["Pommel Strike","True Grit"],"picked":"Heavy Blade"},{"not_picked":["Warcry","Flex"],"picked":"Cleave"},{"not_picked":["Flex","Warcry"],"picked":"Offering"}],"player_experience":514814,"potions_floor_usage":[6,6,16,16,21,28,29],"damage_taken":[{"damage":3,"enemies":"Small Slimes","floor":1,"turns":3},{"damage":0,"enemies":"2 Louse","floor":4,"turns":2},{"damage":3,"enemies":"Jaw Worm","floor":5,"turns":4},{"damage":3,"enemies":"3 Sentries","floor":6,"turns":5},{"damage":0,"enemies":"3 Louse","floor":8,"turns":1},{"damage":11,"enemies":"3 Sentries","floor":10,"turns":4},{"damage":10,"enemies":"Looter","floor":11,"turns":3},{"damage":2,"enemies":"Exordium Wildlife","floor":14,"turns":3},{"damage":0,"enemies":"Slime Boss","floor":16,"turns":5},{"damage":0,"enemies":"Chosen","floor":18,"turns":2},{"damage":8,"enemies":"Shell Parasite","floor":19,"turns":3},{"damage":6,"enemies":"Centurion and Healer","floor":21,"turns":3},{"damage":27,"enemies":"Book of Stabbing","floor":28,"turns":4},{"damage":4,"enemies":"Chosen and Byrds","floor":29,"turns":3},{"damage":11,"enemies":"Snake Plant","floor":31,"turns":2},{"damage":73,"enemies":"Champ","floor":33,"turns":8}],"event_choices":[{"event_name":"Golden Wing","player_choice":"Card Removal","floor":2,"damage_taken":0},{"event_name":"Golden Idol","player_choice":"Take Wound","floor":3,"damage_taken":0},{"event_name":"Dead Adventurer","player_choice":"Searched \u00271\u0027 times","floor":10,"damage_taken":0},{"event_name":"Addict","player_choice":"Ignored","floor":22,"damage_taken":0},{"event_name":"The Mausoleum","player_choice":"Yes","floor":24,"damage_taken":0}],"boss_relics":[{"not_picked":["Runic Cube","Philosopher\u0027s Stone"],"picked":"Velvet Choker"}],"potions_floor_spawned":[4,5,6,10,18,19],"seed_played":"-9160720193809173863","killed_by":"Champ","ascension_level":0,"is_trial":false}