{"gold_per_floor":[109,109,109,109,120,145,145,158,183,183,194,229,245,273,273,369,369,380,19,33,33,48,48,59,59,82,82,96,96,106,120,120,221,221,236,63,63,63,79,79,110,121,121,134,149,149,149],"floor_reached":47,"playtime":2208,"items_purged":["Strike_G","Pain"],"score":660,"play_id":"367a9d83-7355-4575-a3fa-daebb72b43bf","local_time":"20190105214246","is_ascension_mode":true,"campfire_choices":[{"data":"Skewer","floor":7,"key":"SMITH"},{"data":"Dodge and Roll","floor":10,"key":"SMITH"},{"floor":15,"key":"REST"},{"floor":23,"key":"REST"},{"data":"Footwork","floor":29,"key":"SMITH"},{"floor":32,"key":"REST"},{"data":"Noxious Fumes","floor":40,"key":"SMITH"},{"floor":46,"key":"REST"}],"neow_cost":"NONE","seed_source_timestamp":436309036378932,"circlet_count":0,"master_deck":["Survivor","Neutralize+1","Blade Dance","Dodge and Roll+1","Skewer+1","Deadly Poison","Blur","Die Die Die","Dagger Spray","Noxious Fumes+1","Corpse Explosion","Well Laid Plans","Footwork+1","Dodge and Roll+1","Blade Dance+1","Concentrate+1","Catalyst+1","Dodge and Roll+1","Acrobatics+1","Night Terror+1","Acrobatics+1","Predator","Skewer","Burst+1","Masterful Stab","Underhanded Strike","Bullet Time+1","Deflect+1","Crippling Poison+1","PiercingWail+1","Dodge and Roll+1","Deflect+1","Regret","Footwork+1"],"relics":["Ring of the Snake","NeowsBlessing","Ninja Scroll","Potion Belt","Boot","War Paint","Centennial Puzzle","Cursed Key","Toxic Egg 2","Nilry\u0027s Codex","Blood Vial","Pandora\u0027s Box","Blue Candle"],"potions_floor_usage":[12,22,31,33,33,41,42,44,47],"damage_taken":[{"damage":0,"enemies":"Small Slimes","floor":1,"turns":1},{"damage":0,"enemies":"Jaw Worm","floor":5,"turns":1},{"damage":0,"enemies":"Lagavulin","floor":6,"turns":1},{"damage":0,"enemies":"2 Louse","floor":8,"turns":1},{"damage":0,"enemies":"Exordium Wildlife","floor":11,"turns":2},{"damage":16,"enemies":"Gremlin Nob","floor":12,"turns":4},{"damage":0,"enemies":"Large Slime","floor":13,"turns":5},{"damage":22,"enemies":"Lagavulin","floor":14,"turns":5},{"damage":10,"enemies":"The Guardian","floor":16,"turns":11},{"damage":4,"enemies":"Shell Parasite","floor":18,"turns":5},{"damage":5,"enemies":"3 Byrds","floor":20,"turns":2},{"damage":6,"enemies":"Snake Plant","floor":22,"turns":4},{"damage":4,"enemies":"Sentry and Sphere","floor":24,"turns":3},{"damage":15,"enemies":"Centurion and Healer","floor":28,"turns":5},{"damage":19,"enemies":"Shelled Parasite and Fungi","floor":30,"turns":5},{"damage":1,"enemies":"Snecko","floor":31,"turns":5},{"damage":28,"enemies":"Collector","floor":33,"turns":9},{"damage":12,"enemies":"Orb Walker","floor":35,"turns":3},{"damage":9,"enemies":"3 Shapes","floor":39,"turns":4},{"damage":36,"enemies":"Reptomancer","floor":41,"turns":5},{"damage":3,"enemies":"Transient","floor":42,"turns":5},{"damage":9,"enemies":"3 Darklings","floor":44,"turns":5},{"damage":13,"enemies":"Sphere and 2 Shapes","floor":45,"turns":5},{"damage":34,"enemies":"Giant Head","floor":47,"turns":5}],"seed_played":"2080337938839627328","potions_obtained":[{"floor":8,"key":"GamblersBrew"},{"floor":11,"key":"GamblersBrew"},{"floor":13,"key":"Weak Potion"},{"floor":16,"key":"Poison Potion"},{"floor":20,"key":"Explosive Potion"},{"floor":28,"key":"Ancient Potion"},{"floor":30,"key":"PowerPotion"},{"floor":31,"key":"Swift Potion"},{"floor":39,"key":"Swift Potion"},{"floor":42,"key":"AttackPotion"},{"floor":44,"key":"LiquidBronze"}],"is_trial":false,"path_per_floor":["M","?","T","?","M","E","R","M","T","R","M","E","M","E","R","B",null,"M","$","M","?","M","R","M","?","T","?","M","R","M","M","R","B",null,"M","$","?","?","M","R","E","M","T","M","M","R","E"],"character_chosen":"THE_SILENT","items_purchased":["Footwork","Toxic Egg 2","Crippling Poison+1"],"campfire_rested":4,"item_purchase_floors":[19,19,36],"current_hp_per_floor":[70,63,63,63,63,63,63,63,63,63,63,47,47,25,46,36,70,66,66,61,48,42,64,60,44,44,69,56,56,39,40,62,36,75,63,63,63,71,62,62,28,27,27,20,9,30,0],"gold":149,"neow_bonus":"THREE_ENEMY_KILL","is_prod":false,"is_daily":false,"chose_seed":false,"campfire_upgraded":4,"win_rate":0,"timestamp":1546742566,"path_taken":["M","?","?","?","M","E","R","M","T","R","?","E","M","E","R","BOSS","M","$","M","?","M","R","M","?","T","?","M","R","M","M","R","BOSS","M","$","?","?","M","R","E","M","T","M","?","R","E"],"build_version":"2019-01-03v4","purchased_purges":2,"victory":false,"max_hp_per_floor":[70,70,70,70,70,70,70,70,70,70,70,70,70,70,70,70,70,70,70,70,75,75,75,75,75,75,75,75,75,75,75,75,75,75,75,75,71,71,71,71,71,71,71,71,71,71,71],"card_choices":[{"not_picked":["Acrobatics","Slice"],"picked":"Blade Dance","floor":1},{"not_picked":["Blade Dance","Bane"],"picked":"Dodge and Roll","floor":5},{"not_picked":["Infinite Blades","Corpse Explosion"],"picked":"Skewer","floor":6},{"not_picked":["Underhanded Strike","Sucker Punch"],"picked":"Deadly Poison","floor":8},{"not_picked":["Dodge and Roll","Acrobatics"],"picked":"Blur","floor":11},{"not_picked":["Outmaneuver","Heel Hook"],"picked":"Die Die Die","floor":12},{"not_picked":["Slice","Bouncing Flask"],"picked":"Dagger Spray","floor":13},{"not_picked":["PiercingWail","Dagger Throw"],"picked":"Noxious Fumes","floor":14},{"not_picked":["Grand Finale","Burst"],"picked":"Corpse Explosion","floor":16},{"not_picked":["Outmaneuver+1","Finisher"],"picked":"Well Laid Plans","floor":18},{"not_picked":["Distraction+1","Dagger Spray+1"],"picked":"Dodge and Roll+1","floor":20},{"not_picked":["Prepared+1","Quick Slash"],"picked":"Blade Dance+1","floor":22},{"not_picked":["Slice","Dagger Throw"],"picked":"Concentrate+1","floor":24},{"not_picked":["Dodge and Roll+1","Reflex+1"],"picked":"Catalyst+1","floor":28},{"not_picked":["Dagger Spray","Poisoned Stab"],"picked":"Dodge and Roll+1","floor":30},{"not_picked":["Deflect+1","Predator"],"picked":"Acrobatics+1","floor":31},{"not_picked":["Adrenaline+1","Phantasmal Killer+1"],"picked":"Night Terror+1","floor":33},{"not_picked":["Prepared+1","Finisher+1"],"picked":"Deflect+1","floor":35},{"not_picked":["Eviscerate+1","Dagger Throw+1"],"picked":"PiercingWail+1","floor":39},{"not_picked":["Quick Slash+1","Endless Agony+1"],"picked":"Dodge and Roll+1","floor":41},{"not_picked":["Masterful Stab+1","Poisoned Stab+1"],"picked":"Deflect+1","floor":42},{"not_picked":["Dagger Throw+1","Slice+1","Flying Knee"],"picked":"SKIP","floor":44},{"not_picked":["PiercingWail+1","Flying Knee"],"picked":"Footwork+1","floor":45}],"player_experience":1188683,"relics_obtained":[{"floor":3,"key":"Ninja Scroll"},{"floor":6,"key":"Potion Belt"},{"floor":9,"key":"Boot"},{"floor":12,"key":"War Paint"},{"floor":14,"key":"Centennial Puzzle"},{"floor":25,"key":"Nilry\u0027s Codex"},{"floor":26,"key":"Blood Vial"},{"floor":41,"key":"Blue Candle"}],"event_choices":[{"cards_removed":["Strike_G"],"damage_healed":0,"gold_gain":0,"player_choice":"Card Removal","damage_taken":7,"max_hp_gain":0,"max_hp_loss":0,"event_name":"Golden Wing","floor":2,"gold_loss":0},{"damage_healed":0,"gold_gain":0,"player_choice":"Grow","damage_taken":0,"max_hp_gain":0,"max_hp_loss":0,"event_name":"Living Wall","floor":4,"gold_loss":0,"cards_upgraded":["Neutralize"]},{"damage_healed":0,"gold_gain":0,"player_choice":"Shed Blood","damage_taken":18,"max_hp_gain":5,"max_hp_loss":0,"event_name":"Forgotten Altar","floor":21,"gold_loss":0},{"damage_healed":0,"gold_gain":0,"player_choice":"Obtained Book","damage_taken":16,"max_hp_gain":0,"max_hp_loss":0,"event_name":"Cursed Tome","floor":25,"gold_loss":0},{"damage_healed":25,"gold_gain":0,"player_choice":"Heal","damage_taken":0,"max_hp_gain":0,"max_hp_loss":0,"event_name":"The Library","floor":27,"gold_loss":0},{"damage_healed":0,"gold_gain":0,"player_choice":"Max HP","damage_taken":0,"max_hp_gain":0,"max_hp_loss":4,"event_name":"Winding Halls","floor":37,"gold_loss":0},{"cards_removed":["Reflex"],"damage_healed":8,"gold_gain":0,"player_choice":"Offered Uncommon","damage_taken":0,"max_hp_gain":0,"max_hp_loss":0,"event_name":"Bonfire Elementals","floor":38,"gold_loss":0}],"is_beta":true,"boss_relics":[{"not_picked":["Philosopher\u0027s Stone","Astrolabe"],"picked":"Cursed Key"},{"not_picked":["Calling Bell","HoveringKite"],"picked":"Pandora\u0027s Box"}],"items_purged_floors":[19,36],"is_endless":false,"potions_floor_spawned":[8,11,13,16,20,28,30,31,39,42,44],"killed_by":"Giant Head","ascension_level":4}