{"gold_per_floor":[118,130,140,140,67,67,95,114,160,179,203,220,220,233,233,335,335,352,352,52,65,83,118,118,118,118,128,128,128,140,140,140,140],"floor_reached":33,"playtime":1933,"items_purged":["Strike_G"],"score":467,"play_id":"3ed7624b-f410-4d41-8288-62d73ca79ec6","local_time":"20180804140722","is_ascension_mode":true,"campfire_choices":[{"data":"Neutralize","floor":6,"key":"SMITH"},{"data":"Neutralize","floor":13,"key":"SMITH"},{"data":"Riddle With Holes","floor":15,"key":"SMITH"},{"data":"Burst","floor":24,"key":"SMITH"},{"data":"Backflip","floor":29,"key":"SMITH"},{"data":"PiercingWail","floor":32,"key":"SMITH"}],"neow_cost":"","seed_source_timestamp":1217633662711474,"circlet_count":0,"master_deck":["Defend_G","Defend_G","Defend_G","Defend_G","Defend_G","Survivor","Neutralize+1","AscendersBane","PiercingWail+1","Caltrops","Escape Plan","Forethought","Neutralize+1","Dagger Spray","Dagger Spray","Dagger Throw","Crippling Poison","Riddle With Holes+1","Adrenaline","Crippling Poison","Predator","Dash","Burst+1","Dagger Throw","Noxious Fumes","Backflip+1","Backflip","PiercingWail+1","Escape Plan","Decay","Bite","Bite","Bite","Bite","Bite"],"relics":["Ring of the Snake","Paper Crane","Lantern","Vajra","Orrery","Orichalcum","Regal Pillow","Singing Bowl"],"potions_floor_usage":[7,16,21,27,30],"damage_taken":[{"damage":5,"enemies":"Cultist","floor":1,"turns":5},{"damage":1,"enemies":"Small Slimes","floor":2,"turns":4},{"damage":0,"enemies":"2 Louse","floor":3,"turns":4},{"damage":38,"enemies":"3 Sentries","floor":7,"turns":13},{"damage":4,"enemies":"Exordium Wildlife","floor":8,"turns":4},{"damage":0,"enemies":"Gremlin Gang","floor":10,"turns":4},{"damage":0,"enemies":"2 Fungi Beasts","floor":12,"turns":2},{"damage":0,"enemies":"Large Slime","floor":14,"turns":5},{"damage":33,"enemies":"The Guardian","floor":16,"turns":14},{"damage":9,"enemies":"Shell Parasite","floor":18,"turns":6},{"damage":6,"enemies":"3 Byrds","floor":21,"turns":4},{"damage":0,"enemies":"Centurion and Healer","floor":22,"turns":6},{"damage":13,"enemies":"Gremlin Leader","floor":23,"turns":9},{"damage":7,"enemies":"Snake Plant","floor":27,"turns":4},{"damage":7,"enemies":"Chosen and Byrds","floor":30,"turns":7},{"damage":84,"enemies":"Champ","floor":33,"turns":20}],"seed_played":"-2901803120520987947","potions_obtained":[{"floor":7,"key":"Fire Potion"},{"floor":10,"key":"Poison Potion"},{"floor":14,"key":"Regen Potion"},{"floor":16,"key":"FearPotion"},{"floor":23,"key":"Poison Potion"},{"floor":30,"key":"Explosive Potion"}],"is_trial":false,"path_per_floor":["M","M","M","?","$","R","E","M","T","M","T","M","R","M","R","B",null,"M","?","$","M","M","E","R","?","T","M","?","R","M","?","R"],"character_chosen":"THE_SILENT","items_purchased":["Regen Potion","Noxious Fumes","Orichalcum"],"campfire_rested":0,"item_purchase_floors":[5,20,20],"current_hp_per_floor":[58,57,57,57,57,57,34,30,30,30,30,30,30,30,30,12,56,47,70,70,64,64,51,51,51,51,44,44,44,39,39,39,0],"gold":140,"neow_bonus":"","is_prod":false,"is_daily":false,"chose_seed":false,"campfire_upgraded":6,"win_rate":0,"timestamp":1533406042,"path_taken":["M","?","M","?","$","R","E","M","T","M","?","M","R","M","R","BOSS","M","?","$","M","M","E","R","?","T","?","?","R","M","?","R","BOSS"],"build_version":"2018-08-01","purchased_purges":1,"victory":false,"max_hp_per_floor":[70,70,70,70,70,70,70,70,70,70,70,70,70,70,70,70,70,70,70,70,70,70,70,70,70,70,70,70,70,72,50,50,50],"card_choices":[{"not_picked":["Underhanded Strike","Heel Hook"],"picked":"PiercingWail","floor":1},{"not_picked":["Slice","Flying Knee"],"picked":"Caltrops","floor":2},{"not_picked":["Catalyst","Reflex"],"picked":"Escape Plan","floor":3},{"not_picked":["Deadly Poison","Setup"],"picked":"Dagger Spray","floor":7},{"not_picked":["Prepared","Setup"],"picked":"Dagger Spray","floor":8},{"not_picked":["Escape Plan","PiercingWail"],"picked":"Dagger Throw","floor":10},{"not_picked":["Flying Knee","PiercingWail"],"picked":"Crippling Poison","floor":12},{"not_picked":["Dagger Throw","PiercingWail"],"picked":"Riddle With Holes","floor":14},{"not_picked":["Die Die Die","Burst"],"picked":"Adrenaline","floor":16},{"not_picked":["Setup","Slice"],"picked":"Crippling Poison","floor":17},{"not_picked":["Dagger Throw","Acrobatics"],"picked":"Predator","floor":17},{"not_picked":["Distraction","Prepared"],"picked":"Dash","floor":17},{"not_picked":["Flying Knee","Well Laid Plans"],"picked":"Burst","floor":17},{"not_picked":["Prepared","Deadly Poison"],"picked":"Dagger Throw","floor":17},{"not_picked":["Quick Slash","Dagger Throw+1","Endless Agony"],"picked":"SKIP","floor":18},{"not_picked":["Dagger Throw+1","Blade Dance"],"picked":"Backflip","floor":21},{"not_picked":["Flechettes","Dodge and Roll"],"picked":"Backflip","floor":22},{"not_picked":["Quick Slash","Tactician+1"],"picked":"PiercingWail+1","floor":23},{"not_picked":["Dagger Spray","Prepared+1"],"picked":"Escape Plan","floor":27},{"not_picked":["Outmaneuver","Flechettes","Acrobatics"],"picked":"Singing Bowl","floor":30}],"player_experience":709011,"relics_obtained":[{"floor":7,"key":"Paper Crane"},{"floor":9,"key":"Lantern"},{"floor":11,"key":"Vajra"},{"floor":23,"key":"Regal Pillow"},{"floor":26,"key":"Singing Bowl"}],"event_choices":[{"event_name":"Match and Keep!","player_choice":"2 cards matched","floor":4,"damage_taken":0},{"event_name":"The Library","player_choice":"Heal","floor":19,"damage_taken":0},{"event_name":"Ghosts","player_choice":"Ignored","floor":25,"damage_taken":0},{"event_name":"Wheel of Change","player_choice":"Curse","floor":28,"damage_taken":0},{"event_name":"Vampires","player_choice":"Became a vampire","floor":31,"damage_taken":0}],"is_beta":true,"boss_relics":[{"not_picked":["Ectoplasm","HoveringKite"],"picked":"Orrery"}],"items_purged_floors":[20],"is_endless":false,"potions_floor_spawned":[7,10,14,16,23,30],"killed_by":"Champ","ascension_level":11}