{"path_per_floor":["M","?","M","$","?","R","M","M","T","?","$","R","?","M","R","B",null,"M","$","?","M","M","R"],"character_chosen":"THE_SILENT","items_purchased":["Prepared","Prepared","Bouncing Flask","Bane"],"gold_per_floor":[118,118,137,15,15,15,25,39,39,39,12,12,87,100,100,196,196,210,6,6,21,31,31],"floor_reached":24,"campfire_rested":2,"playtime":2185,"current_hp_per_floor":[73,58,58,58,63,63,63,62,62,62,62,62,51,55,79,43,82,61,61,61,44,18,42],"items_purged":["Strike_G","Strike_G"],"gold":31,"score":186,"play_id":"98348a25-0c19-4d04-bcd2-e357e622fe11","is_prod":false,"is_daily":false,"is_ascension_mode":false,"campfire_upgraded":2,"path_taken":["M","?","M","$","?","R","M","M","T","?","?","R","?","M","R","BOSS","M","$","?","M","M","R","E"],"build_version":"2018-02-22-PROD2","purchased_purges":2,"victory":false,"master_deck":["Defend_G+1","Defend_G","Defend_G","Defend_G","Strike_G","Strike_G","Strike_G","Survivor+1","Neutralize","Skewer","Setup+1","Prepared","Blur+1","Deadly Poison","Well Laid Plans","Prepared","Dagger Spray","Burst","Deadly Poison","Bouncing Flask","Bane","Terror","Catalyst+1"],"max_hp_per_floor":[77,77,77,77,82,82,82,82,82,82,82,82,82,82,82,82,82,82,82,82,82,82,82],"relics":["Ring of the Snake","Ginger","Sozu"],"card_choices":[{"not_picked":["Dagger Throw","Outmaneuver"],"picked":"Skewer"},{"not_picked":["Accuracy","Outmaneuver"],"picked":"Setup"},{"not_picked":["Backflip","Quick Slash"],"picked":"Blur"},{"not_picked":["Quick Slash","Dagger Spray"],"picked":"Deadly Poison"},{"not_picked":["Cloak And Dagger","Masterful Stab"],"picked":"Dagger Spray"},{"not_picked":["Adrenaline","Die Die Die"],"picked":"Burst"},{"not_picked":["Bane","Choke"],"picked":"Deadly Poison"},{"not_picked":["Dagger Spray","Well Laid Plans"],"picked":"Terror"},{"not_picked":["Cloak And Dagger","Blur"],"picked":"Catalyst"}],"player_experience":161748,"potions_floor_usage":[14,16,16,24],"damage_taken":[{"damage":4,"enemies":"Jaw Worm","floor":1,"turns":8},{"damage":0,"enemies":"Cultist","floor":3,"turns":3},{"damage":0,"enemies":"Small Slimes","floor":7,"turns":3},{"damage":1,"enemies":"Blue Slaver","floor":8,"turns":6},{"damage":11,"enemies":"Large Slime","floor":14,"turns":7},{"damage":36,"enemies":"The Guardian","floor":16,"turns":17},{"damage":21,"enemies":"Shell Parasite","floor":18,"turns":10},{"damage":17,"enemies":"Spheric Guardian","floor":21,"turns":4},{"damage":26,"enemies":"Snecko","floor":22,"turns":5},{"damage":45,"enemies":"Gremlin Leader","floor":24,"turns":4}],"event_choices":[{"event_name":"Shining Light","player_choice":"Entered Light","floor":2,"damage_taken":0},{"event_name":"Big Fish","player_choice":"Donut","floor":5,"damage_taken":0},{"event_name":"Transmorgrifier","player_choice":"Transform","floor":10,"damage_taken":0},{"event_name":"World of Goop","player_choice":"Gather Gold","floor":13,"damage_taken":0},{"event_name":"Addict","player_choice":"Ignored","floor":20,"damage_taken":0}],"boss_relics":[{"not_picked":["Philosopher\u0027s Stone","White Beast Statue"],"picked":"Sozu"}],"potions_floor_spawned":[1,7,8,16,18,21],"seed_played":"5169731109850500956","killed_by":"Gremlin Leader","ascension_level":0,"is_trial":false}