{"path_per_floor":["M","M","?","M","M","R","E","R","T","M","E","R","M","$","R","B",null,"M","?","?","?","M","R","$","?","T","R","M","$","M","E","R"],"character_chosen":"IRONCLAD","items_purchased":["Anchor","True Grit"],"gold_per_floor":[111,126,126,136,147,147,181,181,181,193,218,218,233,158,158,253,253,267,267,267,267,280,280,36,36,36,36,54,7,26,58,58],"floor_reached":33,"campfire_rested":3,"playtime":1532,"current_hp_per_floor":[80,80,80,78,80,80,54,54,54,44,27,66,66,66,66,12,63,57,57,80,65,39,79,79,79,79,79,73,73,70,30,70],"items_purged":["Strike_R","Strike_R"],"gold":58,"score":344,"play_id":"964d183c-3b1b-4555-a89a-5ffa70685f83","local_time":"20180320201713","is_prod":false,"is_daily":false,"is_ascension_mode":true,"campfire_upgraded":4,"timestamp":1521591433,"path_taken":["M","M","?","M","M","R","E","R","T","M","E","R","?","$","R","BOSS","M","?","?","?","M","R","?","?","T","R","M","$","M","E","R","BOSS"],"build_version":"2018-03-15v3","purchased_purges":2,"victory":false,"master_deck":["Strike_R","Strike_R","Strike_R+1","Defend_R","Defend_R","Defend_R","Defend_R","Bash+1","Cleave","Wild Strike","Berserk","Rampage+1","Fiend Fire+1","Second Wind+1","Whirlwind","Power Through+1","Armaments+1","Double Tap","True Grit+1","Wild Strike","Feel No Pain+1","Armaments","True Grit","Wild Strike+1"],"max_hp_per_floor":[80,80,80,80,80,80,80,80,80,80,80,80,80,80,80,80,80,80,80,80,85,85,85,85,85,85,85,85,85,85,85,85],"relics":["Burning Blood","Whetstone","Prayer Wheel","Bird Faced Urn","Regal Pillow","Mark of Pain","Anchor","Magic Flower","Omamori"],"card_choices":[{"not_picked":["Warcry","Burning Pact"],"picked":"Cleave"},{"not_picked":["Clothesline","Havoc"],"picked":"Wild Strike"},{"not_picked":["Warcry","Armaments"],"picked":"Rampage"},{"not_picked":["Iron Wave","Body Slam"],"picked":"Fiend Fire"},{"not_picked":["Flame Barrier","Shrug It Off"],"picked":"Second Wind"},{"not_picked":["Thunderclap","Perfected Strike"],"picked":"Whirlwind"},{"not_picked":["Heavy Blade","Metallicize"],"picked":"Power Through"},{"not_picked":["Flex","Clash"],"picked":"Armaments"},{"not_picked":["Barricade","Feed"],"picked":"Double Tap"},{"not_picked":["Headbutt","Havoc"],"picked":"True Grit"},{"not_picked":["Twin Strike","Iron Wave"],"picked":"Wild Strike"},{"not_picked":["Warcry","Heavy Blade"],"picked":"Feel No Pain"},{"not_picked":["Perfected Strike","Heavy Blade"],"picked":"Armaments"},{"not_picked":["Pummel","Bloodletting"],"picked":"Wild Strike"}],"player_experience":620029,"potions_floor_usage":[16,16,16,28,31,31,33],"damage_taken":[{"damage":2,"enemies":"Jaw Worm","floor":1,"turns":3},{"damage":1,"enemies":"Cultist","floor":2,"turns":3},{"damage":8,"enemies":"Small Slimes","floor":4,"turns":2},{"damage":0,"enemies":"3 Louse","floor":5,"turns":2},{"damage":32,"enemies":"Gremlin Nob","floor":7,"turns":4},{"damage":16,"enemies":"Lots of Slimes","floor":10,"turns":3},{"damage":25,"enemies":"3 Sentries","floor":11,"turns":5},{"damage":6,"enemies":"Looter","floor":13,"turns":2},{"damage":62,"enemies":"Hexaghost","floor":16,"turns":14},{"damage":12,"enemies":"Chosen","floor":18,"turns":4},{"damage":34,"enemies":"Shell Parasite","floor":22,"turns":7},{"damage":18,"enemies":"Centurion and Healer","floor":28,"turns":6},{"damage":15,"enemies":"Snake Plant","floor":30,"turns":5},{"damage":55,"enemies":"Slavers","floor":31,"turns":9},{"damage":98,"enemies":"Collector","floor":33,"turns":7}],"event_choices":[{"event_name":"Match and Keep!","player_choice":"1 cards matched","floor":3,"damage_taken":0},{"event_name":"Accursed Blacksmith","player_choice":"Forge","floor":19,"damage_taken":0},{"event_name":"The Library","player_choice":"Heal","floor":20,"damage_taken":0},{"event_name":"Forgotten Altar","player_choice":"Shed Blood","floor":21,"damage_taken":0},{"event_name":"Upgrade Shrine","player_choice":"Upgraded","floor":25,"damage_taken":0}],"boss_relics":[{"not_picked":["Sozu","Runic Cube"],"picked":"Mark of Pain"}],"potions_floor_spawned":[7,10,11,13,22,28,30,31],"seed_played":"3996868159633023282","killed_by":"Collector","ascension_level":5,"is_trial":false}