{"path_per_floor":["M","?","M","?","M","E","T","M","T","R","?","R","M","M","R"],"character_chosen":"THE_SILENT","items_purchased":[],"gold_per_floor":[110,110,124,124,137,169,169,179,204,204,204,204,218,243,243,243],"floor_reached":16,"campfire_rested":2,"playtime":486,"current_hp_per_floor":[63,63,63,63,63,47,47,36,36,57,57,57,43,42,61,0],"items_purged":[],"gold":243,"score":148,"play_id":"5f558c33-6b8c-48cf-9680-12c18a1df606","local_time":"20180420235733","is_prod":false,"is_daily":false,"chose_seed":false,"is_ascension_mode":true,"campfire_upgraded":1,"timestamp":1524283053,"path_taken":["M","?","?","?","?","E","?","M","T","R","?","R","?","M","R","BOSS"],"build_version":"2018-04-19","seed_source_timestamp":746462786811098,"purchased_purges":0,"victory":false,"master_deck":["Defend_G","Defend_G","Defend_G","Defend_G","Defend_G","Strike_G","Strike_G","Strike_G","Strike_G","Strike_G","Survivor","Neutralize+1","Flying Knee","Caltrops","Riddle With Holes","Dodge and Roll","Blade Dance+1","Cloak And Dagger","Accuracy"],"max_hp_per_floor":[70,70,70,70,70,70,70,70,70,70,65,65,65,65,65,65],"relics":["Ring of the Snake","NeowsBlessing","Gremlin Horn","Shuriken","Happy Flower","Golden Idol"],"card_choices":[{"not_picked":["Catalyst","Slice"],"picked":"Flying Knee","floor":1},{"not_picked":["Sucker Punch","Poisoned Stab"],"picked":"Caltrops","floor":3},{"not_picked":["Quick Slash","Acrobatics"],"picked":"Riddle With Holes","floor":5},{"not_picked":["Poisoned Stab","Deadly Poison"],"picked":"Dodge and Roll","floor":6},{"not_picked":["Caltrops","Blur"],"picked":"Blade Dance","floor":8},{"not_picked":["Outmaneuver","Bane"],"picked":"Cloak And Dagger","floor":13},{"not_picked":["Endless Agony","Catalyst"],"picked":"Accuracy","floor":14}],"player_experience":257906,"potions_floor_usage":[6,13,14,16],"damage_taken":[{"damage":0,"enemies":"Jaw Worm","floor":1,"turns":1},{"damage":0,"enemies":"2 Louse","floor":3,"turns":1},{"damage":0,"enemies":"Cultist","floor":5,"turns":1},{"damage":16,"enemies":"3 Sentries","floor":6,"turns":9},{"damage":11,"enemies":"Looter","floor":8,"turns":4},{"damage":14,"enemies":"Red Slaver","floor":13,"turns":2},{"damage":1,"enemies":"Lots of Slimes","floor":14,"turns":3},{"damage":62,"enemies":"Hexaghost","floor":16,"turns":9}],"event_choices":[{"event_name":"Living Wall","player_choice":"Grow","floor":2,"damage_taken":0},{"event_name":"Liars Game","player_choice":"disagreed","floor":4,"damage_taken":0},{"event_name":"Golden Idol","player_choice":"Lose Max HP","floor":11,"damage_taken":0}],"boss_relics":[],"potions_floor_spawned":[1,5,8,13],"seed_played":"-4673060800603365710","killed_by":"Hexaghost","ascension_level":9,"is_trial":false}