{"gold_per_floor":[114,39,39,57,57,75,75,25,25,45,80,99,99,123,123,123],"floor_reached":16,"playtime":570,"items_purged":["Strike_R"],"score":132,"play_id":"cad0c6c0-e7cd-4794-9608-c1c4fd394711","local_time":"20190129223938","is_ascension_mode":true,"campfire_choices":[{"data":"Bash","floor":7,"key":"SMITH"},{"floor":13,"key":"REST"},{"data":"Armaments","floor":15,"key":"SMITH"}],"neow_cost":"TEN_PERCENT_HP_LOSS","seed_source_timestamp":180288041367775,"circlet_count":0,"master_deck":["Strike_R","Strike_R","Strike_R","Defend_R","Defend_R","Defend_R","Defend_R","Bash+1","Feed+1","Armaments+1","Clash","Metallicize","Shockwave","Feel No Pain"],"relics":["Burning Blood","Golden Idol","Meat on the Bone","Darkstone Periapt"],"potions_floor_usage":[11],"damage_taken":[{"damage":0,"enemies":"Small Slimes","floor":1,"turns":2},{"damage":1,"enemies":"Cultist","floor":4,"turns":4},{"damage":9,"enemies":"Jaw Worm","floor":6,"turns":4},{"damage":1,"enemies":"Large Slime","floor":10,"turns":8},{"damage":65,"enemies":"Gremlin Nob","floor":11,"turns":6},{"damage":0,"enemies":"3 Louse","floor":12,"turns":4},{"damage":1,"enemies":"Blue Slaver","floor":14,"turns":4},{"damage":88,"enemies":"Hexaghost","floor":16,"turns":16}],"seed_played":"-6626084940809204820","potions_obtained":[{"floor":4,"key":"Explosive Potion"},{"floor":6,"key":"SmokeBomb"},{"floor":14,"key":"Explosive Potion"}],"is_trial":false,"path_per_floor":["M","$","?","M","?","M","R","?","T","M","E","M","R","M","R","B"],"character_chosen":"IRONCLAD","items_purchased":[],"campfire_rested":1,"item_purchase_floors":[],"current_hp_per_floor":[75,75,75,79,60,61,61,61,61,70,27,49,77,86,86,0],"gold":123,"neow_bonus":"THREE_RARE_CARDS","is_prod":false,"is_daily":false,"chose_seed":false,"campfire_upgraded":2,"win_rate":0,"timestamp":1548819578,"path_taken":["M","$","?","?","?","M","R","?","T","M","E","M","R","M","R","BOSS"],"build_version":"2019-01-23","purchased_purges":1,"victory":false,"max_hp_per_floor":[75,75,75,79,79,83,83,83,83,87,91,95,95,99,99,99],"card_choices":[{"not_picked":["Juggernaut","Exhume"],"picked":"Feed","floor":0},{"not_picked":["Cleave","Fire Breathing"],"picked":"Armaments","floor":1},{"not_picked":["Second Wind","Cleave","Rage"],"picked":"SKIP","floor":4},{"not_picked":["Bloodletting","Armaments","Headbutt"],"picked":"SKIP","floor":6},{"not_picked":["Armaments","Wild Strike"],"picked":"Clash","floor":10},{"not_picked":["Wild Strike","Armaments"],"picked":"Metallicize","floor":11},{"not_picked":["Twin Strike","Cleave"],"picked":"Shockwave","floor":12},{"not_picked":["Heavy Blade","Iron Wave"],"picked":"Feel No Pain","floor":14}],"player_experience":1343080,"relics_obtained":[{"floor":9,"key":"Meat on the Bone"},{"floor":11,"key":"Darkstone Periapt"}],"event_choices":[{"damage_healed":0,"gold_gain":0,"player_choice":"Upgraded","damage_taken":0,"max_hp_gain":0,"max_hp_loss":0,"event_name":"Upgrade Shrine","floor":3,"gold_loss":0,"cards_upgraded":["Feed"]},{"damage_healed":0,"gold_gain":0,"player_choice":"Take Damage","damage_taken":19,"relics_obtained":["Golden Idol"],"max_hp_gain":0,"max_hp_loss":0,"event_name":"Golden Idol","floor":5,"gold_loss":0},{"cards_removed":["Strike_R"],"damage_healed":0,"gold_gain":0,"player_choice":"Card Removal","damage_taken":0,"max_hp_gain":0,"max_hp_loss":0,"event_name":"The Cleric","floor":8,"gold_loss":50}],"is_beta":true,"boss_relics":[],"items_purged_floors":[2],"is_endless":false,"potions_floor_spawned":[4,6,14],"killed_by":"Hexaghost","ascension_level":1}