{"path_per_floor":["M","$","M","M","?","E","R","M","T","E","?","?","?"],"character_chosen":"DEFECT","items_purchased":["Capacitor","Ball Lightning","Barrage"],"gold_per_floor":[215,85,97,109,109,138,138,154,154,185,236,236,266,266],"floor_reached":14,"campfire_rested":1,"playtime":505,"current_hp_per_floor":[75,75,75,68,53,32,54,54,54,26,26,26,8,0],"items_purged":[],"gold":266,"score":98,"play_id":"3276348f-dddb-4135-b24f-8f58fa70942c","local_time":"20180426214600","is_prod":false,"is_daily":false,"chose_seed":false,"is_ascension_mode":false,"campfire_upgraded":0,"timestamp":1524793560,"path_taken":["M","$","M","M","?","E","R","M","T","E","?","?","?","M"],"build_version":"2018-04-26","seed_source_timestamp":1257011885884762,"purchased_purges":0,"victory":false,"master_deck":["Strike_B","Strike_B","Strike_B","Strike_B","Defend_B+1","Defend_B","Defend_B","Defend_B","Zap","Dualcast","Loop+1","Capacitor+1","Ball Lightning","Barrage","Conserve Battery","Beam Cell","Streamline","Axe Kick","Capacitor","Aggregate"],"max_hp_per_floor":[75,75,75,75,75,75,75,75,75,75,75,75,75,75],"relics":["Cracked Core","Ancient Tea Set","Smiling Mask","Calipers","Odd Mushroom"],"card_choices":[{"not_picked":["Streamline","Hologram"],"picked":"Loop","floor":1},{"not_picked":["Cold Snap","Hologram"],"picked":"Conserve Battery","floor":3},{"not_picked":["Skim","Go for the Eyes"],"picked":"Beam Cell","floor":4},{"not_picked":["Chaos","Stack"],"picked":"Streamline","floor":6},{"not_picked":["Hello World","Chaos"],"picked":"Axe Kick","floor":8},{"not_picked":["Ball Lightning","Allocate"],"picked":"Capacitor","floor":10},{"not_picked":["Sweeping Beam","Impulse"],"picked":"Aggregate","floor":13}],"player_experience":299140,"potions_floor_usage":[10,13],"damage_taken":[{"damage":0,"enemies":"Small Slimes","floor":1,"turns":5},{"damage":0,"enemies":"2 Louse","floor":3,"turns":3},{"damage":7,"enemies":"Jaw Worm","floor":4,"turns":4},{"damage":21,"enemies":"Lagavulin","floor":6,"turns":6},{"damage":0,"enemies":"Looter","floor":8,"turns":2},{"damage":28,"enemies":"Gremlin Nob","floor":10,"turns":4},{"damage":18,"enemies":"The Mushroom Lair","floor":13,"turns":4},{"damage":12,"enemies":"2 Fungi Beasts","floor":14,"turns":2}],"event_choices":[{"event_name":"Shining Light","player_choice":"Entered Light","floor":5,"damage_taken":0},{"event_name":"Golden Wing","player_choice":"Gained Gold","floor":11,"damage_taken":0},{"event_name":"Accursed Blacksmith","player_choice":"Forge","floor":12,"damage_taken":0},{"event_name":"Mushrooms","player_choice":"Fought Mushrooms","floor":13,"damage_taken":0}],"boss_relics":[],"potions_floor_spawned":[4,6,10,13],"seed_played":"-5213893293607997065","killed_by":"2 Fungi Beasts","ascension_level":0,"is_trial":false}