{"gold_per_floor":[19,19,29,44,44,44,78,78,78,92,119,119,119,139,139,215,215,231,231,247,263,137,137,37,63,63,75,75,106,106,106,106,180,180,191,211,211,46,0,0,0,0,0,17,17],"floor_reached":45,"playtime":2422,"items_purged":["Strike_R","Strike_R"],"score":918,"play_id":"0980ef36-a790-429c-8936-41fcab53c005","local_time":"20190116190830","is_ascension_mode":true,"campfire_choices":[{"data":"Bash","floor":6.0,"key":"SMITH"},{"floor":8.0,"key":"REST"},{"data":"Uppercut","floor":13.0,"key":"SMITH"},{"data":"Wild Strike","floor":15.0,"key":"SMITH"},{"floor":23.0,"key":"REST"},{"floor":28.0,"key":"REST"},{"data":"Limit Break","floor":30.0,"key":"SMITH"},{"data":"True Grit","floor":32.0,"key":"SMITH"},{"data":"Whirlwind","floor":40.0,"key":"SMITH"},{"floor":42.0,"key":"RECALL"}],"neow_cost":"NO_GOLD","seed_source_timestamp":91738670071871,"circlet_count":0,"master_deck":["AscendersBane","Strike_R+1","Strike_R+1","Defend_R","Defend_R","Defend_R","Defend_R","Bash+1","Battle Trance","Wild Strike+1","Uppercut+1","Evolve","Pummel","Limit Break+1","Power Through+1","Disarm","Shrug It Off","Shrug It Off","True Grit+1","Fiend Fire","Whirlwind+1","True Grit+1"],"special_seed":0,"relics":["Burning Blood","Gremlin Horn","Red Skull","StoneCalendar","Cursed Key","Magic Flower","Ice Cream","Darkstone Periapt","Velvet Choker","Centennial Puzzle","Red Mask"],"potions_floor_usage":[45],"damage_taken":[{"damage":11.0,"enemies":"2 Louse","floor":1.0,"turns":3.0},{"damage":1.0,"enemies":"Small Slimes","floor":3.0,"turns":5.0},{"damage":1.0,"enemies":"Cultist","floor":4.0,"turns":3.0},{"damage":45.0,"enemies":"Lagavulin","floor":7.0,"turns":8.0},{"damage":0.0,"enemies":"3 Louse","floor":10.0,"turns":2.0},{"damage":8.0,"enemies":"Gremlin Nob","floor":11.0,"turns":3.0},{"damage":0.0,"enemies":"Red Slaver","floor":14.0,"turns":4.0},{"damage":28.0,"enemies":"Hexaghost","floor":16.0,"turns":7.0},{"damage":20.0,"enemies":"2 Thieves","floor":18.0,"turns":3.0},{"damage":23.0,"enemies":"3 Byrds","floor":20.0,"turns":6.0},{"damage":21.0,"enemies":"Snake Plant","floor":21.0,"turns":3.0},{"damage":25.0,"enemies":"Book of Stabbing","floor":25.0,"turns":5.0},{"damage":13.0,"enemies":"Cultist and Chosen","floor":27.0,"turns":5.0},{"damage":30.0,"enemies":"Gremlin Leader","floor":29.0,"turns":8.0},{"damage":23.0,"enemies":"Champ","floor":33.0,"turns":9.0},{"damage":1.0,"enemies":"3 Shapes","floor":35.0,"turns":4.0},{"damage":22.0,"enemies":"Orb Walker","floor":36.0,"turns":5.0},{"damage":6.0,"enemies":"Writhing Mass","floor":44.0,"turns":7.0},{"damage":70,"enemies":"Giant Head","floor":45,"turns":9}],"seed_played":"6238711050513832687","potions_obtained":[{"floor":1.0,"key":"GamblersBrew"},{"floor":3.0,"key":"SkillPotion"},{"floor":20.0,"key":"GamblersBrew"},{"floor":29.0,"key":"Fire Potion"},{"floor":35.0,"key":"EntropicBrew"},{"floor":36.0,"key":"GamblersBrew"}],"is_trial":false,"path_per_floor":["M","?","M","M","?","R","E","R","T","M","E","?","R","M","R","B",null,"M","?","M","M","$","R","$","E","T","M","R","E","R","?","R","B",null,"M","M","?","$","?","R","?","R","T","M","E"],"character_chosen":"IRONCLAD","items_purchased":["Shrug It Off","Centennial Puzzle"],"campfire_rested":3,"item_purchase_floors":[22,38],"current_hp_per_floor":[77,50,55,60,49,49,10,36,36,42,40,40,40,46,46,24,73,59,59,42,27,27,53,53,34,34,30,56,35,35,35,35,21,72,80,67,67,67,67,67,67,67,67,70,0],"gold":17,"neow_bonus":"TWENTY_PERCENT_HP_BONUS","is_prod":false,"is_daily":false,"chose_seed":false,"campfire_upgraded":6,"win_rate":0,"timestamp":1547694510,"path_taken":["M","?","M","M","?","R","E","R","T","M","E","?","R","M","R","BOSS","M","?","M","M","$","R","$","E","T","M","R","E","R","?","R","BOSS","M","M","?","$","?","R","?","R","T","M","E"],"build_version":"2019-01-16","purchased_purges":2,"victory":false,"max_hp_per_floor":[89,89,89,89,89,89,89,89,89,89,89,89,89,89,89,89,89,89,89,89,89,89,89,89,89,89,89,89,89,89,89,89,89,89,89,89,85,85,85,85,85,85,85,85,85],"card_choices":[{"not_picked":["Twin Strike","Shockwave"],"picked":"Battle Trance","floor":1.0},{"not_picked":["Cleave","Infernal Blade"],"picked":"Wild Strike","floor":3.0},{"not_picked":["Headbutt","Blood for Blood","Pommel Strike"],"picked":"SKIP","floor":4.0},{"not_picked":["Pommel Strike","Power Through"],"picked":"Uppercut","floor":7.0},{"not_picked":["Second Wind","Cleave"],"picked":"Evolve","floor":10.0},{"not_picked":["Sever Soul","Bloodletting","Headbutt"],"picked":"SKIP","floor":11.0},{"not_picked":["Perfected Strike","Iron Wave"],"picked":"Pummel","floor":14.0},{"not_picked":["Bludgeon","Double Tap"],"picked":"Limit Break","floor":16.0},{"not_picked":["Fire Breathing","Pommel Strike"],"picked":"Power Through+1","floor":18.0},{"not_picked":["Flex","Feel No Pain"],"picked":"Disarm","floor":20.0},{"not_picked":["Seeing Red","Armaments"],"picked":"Shrug It Off","floor":21.0},{"not_picked":["Iron Wave","Dual Wield+1","Sword Boomerang"],"picked":"SKIP","floor":25.0},{"not_picked":["Bloodletting","Warcry"],"picked":"True Grit","floor":27.0},{"not_picked":["Twin Strike","Reckless Charge","Brutality"],"picked":"SKIP","floor":29.0},{"not_picked":["Offering","Feed"],"picked":"Fiend Fire","floor":33.0},{"not_picked":["Sword Boomerang","Searing Blow"],"picked":"Whirlwind","floor":35.0},{"not_picked":["Fire Breathing","Clash"],"picked":"True Grit+1","floor":36.0},{"not_picked":["Armaments","Wild Strike","Dropkick"],"picked":"SKIP","floor":44.0}],"player_experience":1220752,"relics_obtained":[{"floor":7.0,"key":"Red Skull"},{"floor":11.0,"key":"StoneCalendar"},{"floor":25.0,"key":"Magic Flower"},{"floor":29.0,"key":"Ice Cream"}],"event_choices":[{"damage_healed":0.0,"max_hp_gain":0.0,"max_hp_loss":0.0,"gold_gain":0.0,"event_name":"Shining Light","player_choice":"Entered Light","floor":2.0,"gold_loss":0.0,"damage_taken":27.0,"cards_upgraded":["Strike_R","Strike_R"]},{"damage_healed":0.0,"max_hp_gain":0.0,"max_hp_loss":0.0,"gold_gain":0.0,"event_name":"Scrap Ooze","player_choice":"Success","floor":5.0,"gold_loss":0.0,"damage_taken":11.0,"relics_obtained":["Gremlin Horn"]},{"cards_removed":["Strike_R"],"damage_healed":0.0,"max_hp_gain":0.0,"max_hp_loss":0.0,"gold_gain":0.0,"event_name":"Bonfire Elementals","player_choice":"Offered Basic","floor":12.0,"gold_loss":0.0,"damage_taken":0.0},{"damage_healed":0.0,"max_hp_gain":0.0,"max_hp_loss":0.0,"gold_gain":0.0,"event_name":"The Mausoleum","player_choice":"Ignored","floor":19.0,"gold_loss":0.0,"damage_taken":0.0},{"damage_healed":0.0,"max_hp_gain":0.0,"max_hp_loss":0.0,"gold_gain":0.0,"event_name":"WeMeetAgain","player_choice":"Gave Potion","floor":31.0,"gold_loss":0.0,"damage_taken":0.0,"relics_obtained":["Darkstone Periapt"]},{"damage_healed":0.0,"max_hp_gain":0.0,"max_hp_loss":4.0,"gold_gain":0.0,"event_name":"Winding Halls","player_choice":"Max HP","floor":37.0,"gold_loss":0.0,"damage_taken":0.0},{"damage_healed":0.0,"max_hp_gain":0.0,"max_hp_loss":0.0,"gold_gain":0.0,"event_name":"Tomb of Lord Red Mask","player_choice":"Paid","floor":39.0,"gold_loss":46.0,"damage_taken":0.0,"relics_obtained":["Red Mask"]},{"damage_healed":0.0,"max_hp_gain":0.0,"max_hp_loss":0.0,"gold_gain":0.0,"event_name":"SensoryStone","player_choice":"Memory 1","floor":41.0,"gold_loss":0.0,"damage_taken":0.0}],"is_beta":true,"boss_relics":[{"not_picked":["Runic Pyramid","White Beast Statue"],"picked":"Cursed Key"},{"not_picked":["Pandora\u0027s Box","Runic Cube"],"picked":"Velvet Choker"}],"items_purged_floors":[22,24],"is_endless":false,"potions_floor_spawned":[1,3,20,29,35,36],"killed_by":"Giant Head","ascension_level":20}