{"path_per_floor":["M","M","M","M","?","E","R","E","T","?","M"],"character_chosen":"THE_SILENT","items_purchased":[],"gold_per_floor":[116,126,141,153,153,188,188,214,241,241,259,229],"floor_reached":12,"campfire_rested":1,"playtime":387,"current_hp_per_floor":[63,63,63,63,63,34,57,29,29,14,14,0],"items_purged":[],"gold":229,"score":126,"play_id":"cd69b7a7-7990-43fc-8b8a-4fdc2d2465b4","local_time":"20180415114629","is_prod":false,"is_daily":false,"chose_seed":false,"is_ascension_mode":true,"campfire_upgraded":0,"timestamp":1523807189,"path_taken":["M","M","M","M","?","E","R","E","T","?","?","M"],"build_version":"2018-04-13","seed_source_timestamp":270640369721850,"purchased_purges":0,"victory":false,"master_deck":["Defend_G+1","Defend_G","Defend_G","Defend_G+1","Defend_G","Strike_G","Strike_G","Strike_G+1","Strike_G","Strike_G","Survivor","Neutralize","Heel Hook","Heel Hook","Quick Slash","Expertise","Finisher+1","PiercingWail","Dodge and Roll"],"max_hp_per_floor":[70,70,70,70,77,77,77,77,77,77,77,77],"relics":["Ring of the Snake","Oddly Smooth Stone","Strawberry","Happy Flower","Matryoshka","Art of War","Whetstone"],"card_choices":[{"not_picked":["Riddle With Holes","Deflect"],"picked":"Heel Hook","floor":1},{"not_picked":["Accuracy","Acrobatics"],"picked":"Heel Hook","floor":2},{"not_picked":["Slice","Poisoned Stab"],"picked":"Quick Slash","floor":3},{"not_picked":["Flying Knee","Underhanded Strike"],"picked":"Expertise","floor":4},{"not_picked":["Infinite Blades","Blur"],"picked":"Finisher","floor":6},{"not_picked":["Eviscerate","Catalyst"],"picked":"PiercingWail","floor":8},{"not_picked":["Eviscerate","Outmaneuver"],"picked":"Dodge and Roll","floor":11}],"player_experience":206031,"potions_floor_usage":[6,8,12],"damage_taken":[{"damage":0,"enemies":"2 Louse","floor":1,"turns":3},{"damage":0,"enemies":"Jaw Worm","floor":2,"turns":5},{"damage":0,"enemies":"Cultist","floor":3,"turns":4},{"damage":0,"enemies":"Looter","floor":4,"turns":5},{"damage":29,"enemies":"Gremlin Nob","floor":6,"turns":4},{"damage":28,"enemies":"Lagavulin","floor":8,"turns":5},{"damage":0,"enemies":"Blue Slaver","floor":11,"turns":2},{"damage":17,"enemies":"Exordium Thugs","floor":12,"turns":2}],"event_choices":[{"event_name":"Scrap Ooze","player_choice":"success","floor":5,"damage_taken":7},{"event_name":"Shining Light","player_choice":"Entered Light","floor":10,"damage_taken":0}],"boss_relics":[],"potions_floor_spawned":[1,2,4,11],"seed_played":"6952113684184464846","killed_by":"Exordium Thugs","ascension_level":8,"is_trial":false}