{"gold_per_floor":[111,111,7,24,42,8,37,37,63,63,63,81,94,118,118,241,241,216,216,239,141,166,180,180,180],"floor_reached":25,"playtime":1688,"items_purged":[],"score":230,"play_id":"e58b2c2a-3f9f-4774-8e1b-eec3d19c4415","local_time":"20190109210656","is_ascension_mode":false,"campfire_choices":[{"floor":8,"key":"REST"},{"data":"Noxious Fumes","floor":11,"key":"SMITH"},{"floor":15,"key":"REST"},{"floor":24,"key":"REST"}],"neow_cost":"NONE","seed_source_timestamp":34661280361813,"circlet_count":0,"master_deck":["Defend_G","Defend_G","Defend_G","Defend_G","Defend_G","Strike_G","Strike_G","Strike_G","Strike_G","Strike_G","Survivor+1","Neutralize","Dodge and Roll","Deflect+1","Noxious Fumes+1","Infinite Blades","Finisher","Infinite Blades","Infinite Blades","Infinite Blades","Deflect","Envenom","Blade Dance+1","Noxious Fumes+1","Well Laid Plans","Finesse","Distraction+1"],"relics":["Ring of the Snake","Omamori","War Paint","Golden Idol","Philosopher\u0027s Stone"],"potions_floor_usage":[18,22,25,25],"damage_taken":[{"damage":1,"enemies":"Jaw Worm","floor":1,"turns":5},{"damage":0,"enemies":"Small Slimes","floor":4,"turns":5},{"damage":0,"enemies":"Cultist","floor":5,"turns":4},{"damage":35,"enemies":"Gremlin Nob","floor":7,"turns":5},{"damage":0,"enemies":"Large Slime","floor":12,"turns":4},{"damage":16,"enemies":"Exordium Thugs","floor":13,"turns":5},{"damage":1,"enemies":"Looter","floor":14,"turns":4},{"damage":20,"enemies":"Slime Boss","floor":16,"turns":8},{"damage":19,"enemies":"2 Thieves","floor":18,"turns":5},{"damage":35,"enemies":"3 Byrds","floor":20,"turns":5},{"damage":33,"enemies":"Snecko","floor":22,"turns":6},{"damage":8,"enemies":"Centurion and Healer","floor":23,"turns":6},{"damage":28,"enemies":"Cultist and Chosen","floor":25,"turns":4}],"seed_played":"-8271924319808566793","potions_obtained":[{"floor":4,"key":"EssenceOfSteel"},{"floor":7,"key":"Strength Potion"},{"floor":14,"key":"Explosive Potion"},{"floor":18,"key":"Regen Potion"}],"is_trial":false,"path_per_floor":["M","?","$","M","M","$","E","R","T","?","R","M","M","M","R","B",null,"M","?","M","$","M","M","R","M"],"character_chosen":"THE_SILENT","items_purchased":["Deflect","Noxious Fumes","Infinite Blades","Finesse"],"campfire_rested":3,"item_purchase_floors":[3,3,6,21],"current_hp_per_floor":[76,81,81,81,81,81,46,70,70,50,50,50,34,33,57,37,82,63,63,28,28,10,2,26,0],"gold":180,"neow_bonus":"TEN_PERCENT_HP_BONUS","is_prod":false,"is_daily":false,"chose_seed":false,"campfire_upgraded":1,"win_rate":0.0,"timestamp":1547086016,"path_taken":["M","?","$","M","M","$","E","R","T","?","R","M","M","M","R","BOSS","M","?","M","$","M","M","R","?"],"build_version":"2019-01-03v4","purchased_purges":0,"victory":false,"max_hp_per_floor":[77,82,82,82,82,82,82,82,82,82,82,82,82,82,82,82,82,82,82,82,82,82,82,82,82],"card_choices":[{"not_picked":["Sucker Punch","Quick Slash"],"picked":"Dodge and Roll","floor":1},{"not_picked":["Deadly Poison","PiercingWail"],"picked":"Infinite Blades","floor":4},{"not_picked":["Blade Dance","Outmaneuver"],"picked":"Finisher","floor":5},{"not_picked":["Deadly Poison","Venomology"],"picked":"Infinite Blades","floor":7},{"not_picked":["PiercingWail","Acrobatics"],"picked":"Infinite Blades","floor":12},{"not_picked":["Dodge and Roll","Sucker Punch","Blade Dance"],"picked":"SKIP","floor":13},{"not_picked":["Leg Sweep","Skewer"],"picked":"Deflect","floor":14},{"not_picked":["Unload","Night Terror"],"picked":"Envenom","floor":16},{"not_picked":["Dodge and Roll","Sucker Punch"],"picked":"Blade Dance+1","floor":18},{"not_picked":["Dagger Spray","Riddle With Holes"],"picked":"Well Laid Plans","floor":20},{"not_picked":["Dagger Throw+1","Phantasmal Killer","PiercingWail"],"picked":"SKIP","floor":22},{"not_picked":["Footwork","Eviscerate"],"picked":"Distraction+1","floor":23}],"player_experience":20742,"relics_obtained":[{"floor":7,"key":"Omamori"},{"floor":9,"key":"War Paint"}],"event_choices":[{"damage_healed":0,"gold_gain":0,"player_choice":"Donut","damage_taken":0,"max_hp_gain":5,"max_hp_loss":0,"event_name":"Big Fish","floor":2,"gold_loss":0},{"damage_healed":0,"gold_gain":0,"player_choice":"Take Damage","damage_taken":20,"relics_obtained":["Golden Idol"],"max_hp_gain":0,"max_hp_loss":0,"event_name":"Golden Idol","floor":10,"gold_loss":0},{"damage_healed":0,"gold_gain":0,"player_choice":"Copied","damage_taken":0,"max_hp_gain":0,"max_hp_loss":0,"event_name":"Duplicator","floor":19,"gold_loss":0,"cards_obtained":["Noxious Fumes"]}],"is_beta":false,"boss_relics":[{"not_picked":["HoveringKite","Ring of the Serpent"],"picked":"Philosopher\u0027s Stone"}],"items_purged_floors":[],"is_endless":false,"potions_floor_spawned":[4,7,14,18],"killed_by":"Cultist and Chosen","ascension_level":0}