{"path_per_floor":["M","M","$","?","M","E","R","?","T","M","?","E","M","?","R","B",null,"M","$","?","M","M","E","R","M","T","R","E","?","M","?","R","B",null,"M","?","?","T","?","R","E","$","T","M","?","R","M","M","R","B"],"character_chosen":"IRONCLAD","items_purchased":["Apotheosis","Cleave","Infernal Blade","Letter Opener","Strength Potion"],"gold_per_floor":[216,233,37,37,55,80,80,155,201,211,235,269,279,279,279,378,378,395,223,223,235,249,283,283,293,293,293,328,228,246,171,171,272,272,287,287,287,336,336,336,366,55,55,69,69,69,89,103,103,103],"floor_reached":51,"campfire_rested":4,"playtime":3145,"current_hp_per_floor":[80,80,80,80,80,58,58,47,47,59,50,64,70,51,51,51,94,94,94,94,77,61,66,66,72,72,72,30,30,26,26,57,11,104,52,52,52,52,52,83,44,44,44,52,52,83,65,67,98,70],"items_purged":["Strike_R"],"gold":103,"score":748,"play_id":"41ee71b1-efd8-4562-9e5b-2478416885e9","local_time":"20180312224232","is_prod":false,"is_daily":false,"is_ascension_mode":false,"campfire_upgraded":4,"timestamp":1520908952,"path_taken":["M","M","$","?","M","E","R","?","T","M","?","E","M","?","R","BOSS","M","$","?","M","M","E","R","M","T","R","E","?","M","?","R","BOSS","M","?","?","?","?","R","E","?","T","M","?","R","?","M","R","BOSS"],"build_version":"2018-03-09","purchased_purges":1,"victory":true,"master_deck":["Strike_R","Strike_R","Strike_R","Defend_R","Defend_R","Defend_R","Defend_R","Thunderclap+1","Battle Trance","Apotheosis+1","Flash of Steel","Metallicize+1","Ghostly Armor+1","Havoc","Body Slam+1","Cleave","Infernal Blade","Shrug It Off+1","Sword Boomerang+1","Power Through","Iron Wave","Disarm","J.A.X.+1","True Grit+1","Immolate","Evolve+1","Body Slam+1","True Grit","Metallicize","Power Through","Entrench","Shrug It Off+1","Body Slam+1"],"max_hp_per_floor":[80,80,80,80,80,80,80,80,80,80,80,94,94,94,94,94,94,94,94,94,94,94,94,94,94,94,94,104,104,104,104,104,104,104,104,104,104,104,104,104,104,104,104,104,104,104,104,104,104,104],"relics":["Burning Blood","Anchor","Ancient Tea Set","Odd Mushroom","Mango","Philosopher\u0027s Stone","Ornamental Fan","Bird Faced Urn","Pear","Orrery","Happy Flower","Oddly Smooth Stone","Letter Opener","Peace Pipe"],"card_choices":[{"not_picked":["Pommel Strike","Havoc"],"picked":"Thunderclap"},{"not_picked":["Flex","Shockwave"],"picked":"Battle Trance"},{"not_picked":["Seeing Red","Iron Wave"],"picked":"Ghostly Armor"},{"not_picked":["Perfected Strike","Warcry"],"picked":"Havoc"},{"not_picked":["Iron Wave","Headbutt"],"picked":"Body Slam"},{"not_picked":["Infernal Blade","Warcry"],"picked":"Sword Boomerang"},{"not_picked":["Cleave","Flex"],"picked":"Power Through"},{"not_picked":["Evolve","Battle Trance"],"picked":"Iron Wave"},{"not_picked":["Infernal Blade","Limit Break"],"picked":"Disarm"},{"not_picked":["Shrug It Off","Cleave"],"picked":"True Grit"},{"not_picked":["Limit Break","Berserk"],"picked":"Immolate"},{"not_picked":["Perfected Strike","Power Through"],"picked":"Evolve"},{"not_picked":["Twin Strike","Perfected Strike"],"picked":"Body Slam"},{"not_picked":["Pummel","Pommel Strike"],"picked":"True Grit"},{"not_picked":["Twin Strike","Carnage"],"picked":"Thunderclap"},{"not_picked":["Uppercut","Pummel"],"picked":"Metallicize"},{"not_picked":["Metallicize","Heavy Blade"],"picked":"Power Through"},{"not_picked":["Thunderclap","Havoc"],"picked":"Shrug It Off"},{"not_picked":["Spot Weakness","Rage"],"picked":"Body Slam"}],"player_experience":550274,"potions_floor_usage":[10,13,21,23,23,30,33,50,50,50],"damage_taken":[{"damage":0,"enemies":"2 Louse","floor":1,"turns":2},{"damage":1,"enemies":"Cultist","floor":2,"turns":4},{"damage":0,"enemies":"Small Slimes","floor":5,"turns":3},{"damage":28,"enemies":"Lagavulin","floor":6,"turns":6},{"damage":0,"enemies":"Looter","floor":10,"turns":3},{"damage":15,"enemies":"The Mushroom Lair","floor":11,"turns":5},{"damage":6,"enemies":"3 Sentries","floor":12,"turns":9},{"damage":0,"enemies":"Blue Slaver","floor":13,"turns":3},{"damage":6,"enemies":"The Guardian","floor":16,"turns":11},{"damage":3,"enemies":"Spheric Guardian","floor":18,"turns":4},{"damage":29,"enemies":"3 Byrds","floor":21,"turns":5},{"damage":22,"enemies":"Sentry and Sphere","floor":22,"turns":6},{"damage":1,"enemies":"Book of Stabbing","floor":23,"turns":5},{"damage":0,"enemies":"Centurion and Healer","floor":25,"turns":7},{"damage":60,"enemies":"Gremlin Leader","floor":28,"turns":9},{"damage":12,"enemies":"Snecko","floor":30,"turns":7},{"damage":54,"enemies":"Collector","floor":33,"turns":14},{"damage":60,"enemies":"3 Shapes","floor":35,"turns":5},{"damage":51,"enemies":"Giant Head","floor":41,"turns":10},{"damage":4,"enemies":"3 Darklings","floor":44,"turns":5},{"damage":28,"enemies":"Sphere and 2 Shapes","floor":47,"turns":5},{"damage":8,"enemies":"Maw","floor":48,"turns":9},{"damage":40,"enemies":"Awakened One","floor":50,"turns":12}],"event_choices":[{"event_name":"Match and Keep!","player_choice":"2 cards matched","floor":4,"damage_taken":0},{"event_name":"World of Goop","player_choice":"Gather Gold","floor":8,"damage_taken":0},{"event_name":"Mushrooms","player_choice":"Fought Mushrooms","floor":11,"damage_taken":0},{"event_name":"Shining Light","player_choice":"Entered Light","floor":14,"damage_taken":0},{"event_name":"The Library","player_choice":"Read","floor":20,"damage_taken":0},{"event_name":"Drug Dealer","player_choice":"Got JAXXED","floor":29,"damage_taken":0},{"event_name":"Beggar","player_choice":"Gave Gold","floor":31,"damage_taken":0},{"event_name":"Accursed Blacksmith","player_choice":"Forge","floor":37,"damage_taken":0},{"event_name":"Tomb of Lord Red Mask","player_choice":"Ignored","floor":39,"damage_taken":0},{"event_name":"Transmorgrifier","player_choice":"Transform","floor":45,"damage_taken":0}],"boss_relics":[{"not_picked":["Snecko Eye","Sozu"],"picked":"Philosopher\u0027s Stone"},{"not_picked":["Black Star","Question Card"],"picked":"Orrery"}],"potions_floor_spawned":[2,11,12,13,16,21,22,23,44,47,48],"seed_played":"7286589812575861936","ascension_level":0,"is_trial":false}