{"gold_per_floor":[110,130,130,145,163,221,221,250,250,260,273,273,273,290,290,385,385,404,430,125,125,137,137],"floor_reached":23,"playtime":3762,"items_purged":[],"score":203,"play_id":"e0c8e176-48e4-40c6-b0b7-0d68237dc6f8","local_time":"20190120232312","is_ascension_mode":false,"campfire_choices":[{"floor":7,"key":"REST"},{"floor":12,"key":"REST"},{"floor":15,"key":"REST"}],"neow_cost":"NONE","seed_source_timestamp":39588091611358,"circlet_count":0,"master_deck":["Strike_R+1","Strike_R+1","Defend_R","Defend_R","Defend_R","Bash","Exhume","Thunderclap","Flame Barrier","Armaments","Armaments","Barricade","Infernal Blade","Pommel Strike","Combust","Flex","Double Tap","Sentinel+1","Bloodletting+1","Feel No Pain+1","Twin Strike","Anger","Secret Technique","Intimidate"],"relics":["Burning Blood","Tiny Chest","Shuriken","Bottled Lightning","Question Card","Astrolabe","Red Mask","Whetstone"],"potions_floor_usage":[10,11,16,19,23,23],"damage_taken":[{"damage":8,"enemies":"Jaw Worm","floor":1,"turns":4},{"damage":7,"enemies":"2 Louse","floor":2,"turns":3},{"damage":0,"enemies":"Small Slimes","floor":4,"turns":3},{"damage":4,"enemies":"Blue Slaver","floor":5,"turns":5},{"damage":33,"enemies":"Gremlin Nob","floor":6,"turns":5},{"damage":52,"enemies":"3 Sentries","floor":8,"turns":11},{"damage":4,"enemies":"Gremlin Gang","floor":10,"turns":3},{"damage":16,"enemies":"Exordium Thugs","floor":11,"turns":7},{"damage":5,"enemies":"Looter","floor":14,"turns":4},{"damage":71,"enemies":"The Guardian","floor":16,"turns":19},{"damage":6,"enemies":"3 Byrds","floor":18,"turns":3},{"damage":29,"enemies":"Masked Bandits","floor":19,"turns":4},{"damage":25,"enemies":"2 Thieves","floor":22,"turns":4},{"damage":51,"enemies":"Cultist and Chosen","floor":23,"turns":8}],"seed_played":"8964476318535377431","potions_obtained":[{"floor":2,"key":"SpeedPotion"},{"floor":5,"key":"Explosive Potion"},{"floor":6,"key":"Weak Potion"},{"floor":14,"key":"Ancient Potion"},{"floor":16,"key":"Swift Potion"},{"floor":18,"key":"Block Potion"}],"is_trial":false,"path_per_floor":["M","M","?","M","M","E","R","E","T","M","M","R","T","M","R","B",null,"M","?","$","?","M","M"],"character_chosen":"IRONCLAD","items_purchased":["Secret Technique","Whetstone"],"campfire_rested":3,"item_purchase_floors":[20,20],"current_hp_per_floor":[78,77,77,80,80,53,77,31,31,33,23,47,47,48,72,7,80,80,57,57,57,38,0],"gold":137,"neow_bonus":"TRANSFORM_CARD","is_prod":false,"is_daily":false,"chose_seed":false,"campfire_upgraded":0,"win_rate":0,"timestamp":1548044592,"path_taken":["M","M","?","M","M","E","R","E","T","M","M","R","?","M","R","BOSS","M","?","$","?","M","M"],"build_version":"2019-01-17v2","purchased_purges":0,"victory":false,"max_hp_per_floor":[80,80,80,80,80,80,80,80,80,80,80,80,80,80,80,80,80,80,80,80,80,80,80],"card_choices":[{"not_picked":["Armaments","Thunderclap","Perfected Strike"],"picked":"SKIP","floor":1},{"not_picked":["Armaments","Perfected Strike"],"picked":"Thunderclap","floor":1},{"not_picked":["Evolve","True Grit"],"picked":"Flame Barrier","floor":2},{"not_picked":["Wild Strike","Carnage"],"picked":"Armaments","floor":4},{"not_picked":["Blood for Blood","Perfected Strike"],"picked":"Armaments","floor":5},{"not_picked":["Feel No Pain","Iron Wave"],"picked":"Barricade","floor":6},{"not_picked":["Heavy Blade","Disarm"],"picked":"Infernal Blade","floor":8},{"not_picked":["Clash","Pommel Strike","Clothesline"],"picked":"SKIP","floor":10},{"not_picked":["Clash","Clothesline"],"picked":"Pommel Strike","floor":10},{"not_picked":["Perfected Strike","Sword Boomerang"],"picked":"Combust","floor":11},{"not_picked":["Armaments","Pummel","Iron Wave"],"picked":"Flex","floor":14},{"not_picked":["Limit Break","Demon Form","Juggernaut"],"picked":"Double Tap","floor":16},{"not_picked":["Carnage","Havoc","Power Through"],"picked":"Twin Strike","floor":18},{"not_picked":["Dual Wield","Carnage","Iron Wave+1"],"picked":"Anger","floor":19},{"not_picked":["Fire Breathing","Twin Strike","Clothesline","Anger"],"picked":"SKIP","floor":22}],"player_experience":89201,"relics_obtained":[{"floor":6,"key":"Tiny Chest"},{"floor":8,"key":"Shuriken"},{"floor":9,"key":"Bottled Lightning"},{"floor":13,"key":"Question Card"},{"floor":19,"key":"Red Mask"}],"event_choices":[{"damage_healed":0,"gold_gain":0,"player_choice":"Ignored","damage_taken":0,"max_hp_gain":0,"max_hp_loss":0,"event_name":"Liars Game","floor":3,"gold_loss":0},{"damage_healed":0,"gold_gain":0,"player_choice":"Fought Bandits","damage_taken":0,"max_hp_gain":0,"max_hp_loss":0,"event_name":"Masked Bandits","floor":19,"gold_loss":0},{"damage_healed":0,"gold_gain":0,"player_choice":"Read","damage_taken":0,"max_hp_gain":0,"max_hp_loss":0,"event_name":"The Library","floor":21,"gold_loss":0,"cards_obtained":["Intimidate"]}],"is_beta":false,"boss_relics":[{"not_picked":["Pandora\u0027s Box","Black Star"],"picked":"Astrolabe"}],"items_purged_floors":[],"is_endless":false,"potions_floor_spawned":[2,5,6,8,14,16,18],"killed_by":"Cultist and Chosen","ascension_level":0}