{"gold_per_floor":[116,131,53,128,128,128,153,165,165,199,199,209,226,226,226,226],"floor_reached":16,"playtime":592,"items_purged":[],"score":110,"play_id":"7affb160-cdba-4380-a596-0d64d48bd7a6","local_time":"20181230183205","is_ascension_mode":false,"campfire_choices":[{"data":"Whirlwind","floor":6,"key":"SMITH"},{"floor":11,"key":"REST"},{"data":"Armaments","floor":15,"key":"SMITH"}],"neow_cost":"NONE","seed_source_timestamp":13377726025982,"circlet_count":0,"master_deck":["Strike_R","Strike_R","Strike_R","Strike_R","Strike_R","Defend_R","Defend_R","Defend_R","Defend_R","Bash","Carnage","Whirlwind+1","Barricade","Entrench","Uppercut","Rage","Armaments+1","True Grit","True Grit"],"relics":["Burning Blood","Ginger","Self Forming Clay"],"potions_floor_usage":[13,16],"damage_taken":[{"damage":1,"enemies":"Cultist","floor":1,"turns":3},{"damage":4,"enemies":"Jaw Worm","floor":2,"turns":4},{"damage":20,"enemies":"Gremlin Nob","floor":7,"turns":4},{"damage":0,"enemies":"2 Louse","floor":8,"turns":2},{"damage":49,"enemies":"3 Sentries","floor":10,"turns":10},{"damage":1,"enemies":"Large Slime","floor":12,"turns":5},{"damage":10,"enemies":"Exordium Thugs","floor":13,"turns":3},{"damage":82,"enemies":"Hexaghost","floor":16,"turns":17}],"seed_played":"-6294875599847875170","potions_obtained":[{"floor":1,"key":"Ancient Potion"},{"floor":10,"key":"Explosive Potion"},{"floor":12,"key":"BloodPotion"}],"is_trial":false,"path_per_floor":["M","M","$","?","?","R","E","M","T","E","R","M","M","?","R","B"],"character_chosen":"IRONCLAD","items_purchased":["Entrench"],"campfire_rested":1,"item_purchase_floors":[3],"current_hp_per_floor":[80,80,80,69,69,69,55,61,61,18,42,47,43,69,69,0],"gold":226,"neow_bonus":"THREE_CARDS","is_prod":false,"is_daily":false,"chose_seed":false,"campfire_upgraded":2,"win_rate":0,"timestamp":1546212725,"path_taken":["M","M","$","?","?","R","E","M","T","E","R","M","M","?","R","BOSS"],"build_version":"2018-12-25","purchased_purges":0,"victory":false,"max_hp_per_floor":[80,80,80,80,80,80,80,80,80,80,80,80,80,80,80,80],"card_choices":[{"not_picked":["Anger","Dual Wield"],"picked":"Carnage","floor":0},{"not_picked":["Clothesline","Headbutt"],"picked":"Whirlwind","floor":1},{"not_picked":["Shrug It Off","Clash"],"picked":"Barricade","floor":2},{"not_picked":["Thunderclap","Clothesline"],"picked":"Uppercut","floor":7},{"not_picked":["Flex","Reckless Charge"],"picked":"Rage","floor":8},{"not_picked":["Perfected Strike","Wild Strike"],"picked":"Armaments","floor":10},{"not_picked":["Infernal Blade","Dual Wield"],"picked":"True Grit","floor":12},{"not_picked":["Cleave","Flex"],"picked":"True Grit","floor":13}],"player_experience":1088454,"relics_obtained":[{"floor":7,"key":"Ginger"},{"floor":10,"key":"Self Forming Clay"}],"event_choices":[{"damage_healed":0,"gold_gain":75,"player_choice":"Gather Gold","damage_taken":11,"max_hp_gain":0,"max_hp_loss":0,"event_name":"World of Goop","floor":4,"gold_loss":0},{"damage_healed":0,"gold_gain":0,"player_choice":"Ignored","damage_taken":0,"max_hp_gain":0,"max_hp_loss":0,"event_name":"Liars Game","floor":5,"gold_loss":0},{"damage_healed":26,"gold_gain":0,"player_choice":"Banana","damage_taken":0,"max_hp_gain":0,"max_hp_loss":0,"event_name":"Big Fish","floor":14,"gold_loss":0}],"is_beta":true,"boss_relics":[],"items_purged_floors":[],"is_endless":false,"potions_floor_spawned":[1,10,12],"killed_by":"Hexaghost","ascension_level":0}