{"path_per_floor":["M","?","M","?","M","R","E","R","T","M","$","?","T","M","R","B",null,"M","M","?","T","M","R","M","M","T","?","R","?","R","M","R","B",null,"M","?","$","?","M","T","R","M","T","M","M","$"],"character_chosen":"THE_SILENT","items_purchased":["Paper Crane","Shuriken","Noxious Fumes","Cloak And Dagger","Caltrops"],"gold_per_floor":[140,90,107,182,193,193,220,220,247,259,10,33,58,76,76,172,172,185,202,202,202,218,218,231,241,322,322,322,322,322,334,334,437,437,455,455,14,0,16,16,16,26,50,65,82,15,15],"floor_reached":47,"campfire_rested":2,"playtime":3094,"current_hp_per_floor":[75,75,75,64,62,62,58,58,58,56,56,51,51,50,72,53,70,52,48,48,48,41,71,73,75,75,75,75,61,71,62,72,15,64,16,70,70,70,58,58,70,70,70,56,54,54,0],"items_purged":["Strike_G"],"gold":15,"score":559,"play_id":"b402d90d-2a6c-4e71-a042-141f1345e93c","local_time":"20180325165959","is_prod":false,"is_daily":false,"is_ascension_mode":true,"campfire_upgraded":6,"timestamp":1522011599,"path_taken":["M","?","M","?","M","R","E","R","T","M","$","?","?","M","R","BOSS","M","M","?","?","M","R","M","?","T","?","R","?","R","M","R","BOSS","M","?","$","?","M","?","R","M","T","M","M","$","E"],"build_version":"2018-03-22v2","purchased_purges":1,"victory":false,"master_deck":["Defend_G","Defend_G","Defend_G+1","Defend_G","Defend_G","Strike_G","Strike_G","Strike_G","Survivor","Neutralize+1","Unload","Sucker Punch","Backflip+1","Backflip","Setup+1","Flying Knee","Slice","Die Die Die","After Image+1","Dagger Spray+1","Malaise+1","Slice+1","Deflect","Calculated Gamble+1","Infinite Blades","Burst","Dagger Throw","Noxious Fumes","Cloak And Dagger+1","Pain","Prepared+1","Pain","Escape Plan","Noxious Fumes","Caltrops"],"max_hp_per_floor":[75,75,75,75,75,75,75,75,75,75,75,75,75,75,75,75,75,75,75,75,75,75,75,75,75,75,75,75,80,80,80,80,80,80,80,70,70,70,70,70,70,70,70,70,70,70,70],"relics":["Tiny House","Unceasing Top","Dream Catcher","Paper Crane","Odd Mushroom","Lantern","Eternal Feather","Bird Faced Urn","Ninja Scroll","Cursed Key","Shuriken","Red Mask","Happy Flower","Prayer Wheel"],"card_choices":[{"not_picked":["Concentrate","Poisoned Stab"],"picked":"Unload","floor":0},{"not_picked":["Dagger Throw","Choke"],"picked":"Sucker Punch","floor":1},{"not_picked":["Predator","Sucker Punch"],"picked":"Backflip","floor":3},{"not_picked":["Prepared","Slice"],"picked":"Backflip","floor":5},{"not_picked":["Riddle With Holes","Deadly Poison"],"picked":"Setup","floor":7},{"not_picked":["Caltrops","Prepared"],"picked":"Flying Knee","floor":12},{"not_picked":["Well Laid Plans","Dagger Throw"],"picked":"Slice","floor":14},{"not_picked":["Deadly Poison","Eviscerate"],"picked":"Die Die Die","floor":15},{"not_picked":["A Thousand Cuts","Tools of the Trade"],"picked":"After Image","floor":16},{"not_picked":["Crippling Poison","Blur"],"picked":"Dagger Spray","floor":18},{"not_picked":["Sucker Punch","Bane"],"picked":"Malaise","floor":19},{"not_picked":["Outmaneuver","Sucker Punch"],"picked":"Slice","floor":22},{"not_picked":["Dagger Spray","Venomology"],"picked":"Deflect","floor":23},{"not_picked":["Endless Agony","Underhanded Strike"],"picked":"Calculated Gamble","floor":25},{"not_picked":["Flying Knee","Deadly Poison"],"picked":"Infinite Blades","floor":31},{"not_picked":["Tactician","Doppelganger"],"picked":"Burst","floor":33},{"not_picked":["Dagger Spray","Quick Slash"],"picked":"Dagger Throw","floor":35},{"not_picked":["Backflip","Noxious Fumes"],"picked":"Prepared","floor":42},{"not_picked":["Slice","Glass Knife"],"picked":"Escape Plan","floor":44},{"not_picked":["Bane","Slice"],"picked":"Noxious Fumes","floor":45}],"player_experience":692518,"potions_floor_usage":[12,24,25,31,35,45],"damage_taken":[{"damage":0,"enemies":"Small Slimes","floor":1,"turns":3},{"damage":0,"enemies":"2 Louse","floor":3,"turns":2},{"damage":2,"enemies":"Jaw Worm","floor":5,"turns":3},{"damage":4,"enemies":"3 Sentries","floor":7,"turns":13},{"damage":2,"enemies":"Blue Slaver","floor":10,"turns":5},{"damage":5,"enemies":"The Mushroom Lair","floor":12,"turns":6},{"damage":1,"enemies":"Exordium Wildlife","floor":14,"turns":5},{"damage":19,"enemies":"The Guardian","floor":16,"turns":17},{"damage":18,"enemies":"Spheric Guardian","floor":18,"turns":7},{"damage":4,"enemies":"Shell Parasite","floor":19,"turns":8},{"damage":9,"enemies":"Chosen and Byrds","floor":22,"turns":8},{"damage":0,"enemies":"Centurion and Healer","floor":24,"turns":6},{"damage":0,"enemies":"Snecko","floor":25,"turns":6},{"damage":26,"enemies":"Slaver and Parasite","floor":31,"turns":10},{"damage":61,"enemies":"Collector","floor":33,"turns":19},{"damage":67,"enemies":"3 Shapes","floor":35,"turns":8},{"damage":14,"enemies":"3 Darklings","floor":39,"turns":6},{"damage":0,"enemies":"Sphere and 2 Shapes","floor":42,"turns":3},{"damage":16,"enemies":"Maw","floor":44,"turns":9},{"damage":8,"enemies":"3 Darklings","floor":45,"turns":5},{"damage":89,"enemies":"Giant Head","floor":47,"turns":8}],"event_choices":[{"event_name":"The Cleric","player_choice":"Card Removal","floor":2,"damage_taken":0},{"event_name":"World of Goop","player_choice":"Gather Gold","floor":4,"damage_taken":0},{"event_name":"Mushrooms","player_choice":"Fought Mushrooms","floor":12,"damage_taken":0},{"event_name":"Drug Dealer","player_choice":"Ignored","floor":20,"damage_taken":0},{"event_name":"The Mausoleum","player_choice":"No","floor":27,"damage_taken":0},{"event_name":"Forgotten Altar","player_choice":"Shed Blood","floor":29,"damage_taken":0},{"event_name":"The Moai Head","player_choice":"Heal","floor":36,"damage_taken":0},{"event_name":"Tomb of Lord Red Mask","player_choice":"Paid","floor":38,"damage_taken":0}],"boss_relics":[{"not_picked":["The Specimen","Orrery"],"picked":"Eternal Feather"},{"not_picked":["Snecko Eye","Astrolabe"],"picked":"Cursed Key"}],"potions_floor_spawned":[1,3,12,14,18,33,35,39],"seed_played":"-6209807334128950876","killed_by":"Giant Head","ascension_level":5,"is_trial":false}