{"gold_per_floor":[15,15,39,58,81,54,92,116,116,116,132,132,132,132,132,255,255,278,36,36,36,54,54,84,102,150,164,190,190,214,244,244,340,340,359,359,371,391,47,47,61,77,77,77,106,80,31,48,48,48],"floor_reached":51,"playtime":2067,"items_purged":[],"score":1101,"play_id":"887c271d-3bd6-4250-ba62-98d80c3d2206","local_time":"20180713174648","is_ascension_mode":true,"campfire_choices":[{"floor":10,"key":"REST"},{"floor":12,"key":"REST"},{"floor":15,"key":"REST"},{"floor":23,"key":"REST"},{"floor":29,"key":"REST"},{"floor":32,"key":"REST"},{"data":"Self Repair","floor":40,"key":"SMITH"},{"floor":44,"key":"REST"},{"floor":49,"key":"REST"}],"neow_cost":"NO_GOLD","seed_source_timestamp":2492856679591199,"circlet_count":0,"master_deck":["Strike_B","Strike_B","Defend_B","Defend_B","Defend_B","Defend_B","Zap","Dualcast","All For One","Heatsinks","Lockon","Gash","Gash","Sweeping Beam","Gash","Turbo","Stack","Cold Snap","Echo Form","Static Discharge+1","Sunder","Conserve Battery","Gash","Conserve Battery","Thunder Strike","Beam Cell+1","BootSequence","Auto Shields+1","Steam+1","Self Repair+1","Panache","All For One","Capacitor","Sweeping Beam","BootSequence","Rebound","Beam Cell","Loop+1"],"relics":["Cracked Core","Bloody Idol","Matryoshka","Lantern","Gremlin Horn","Ice Cream","Busted Crown","Juzu Bracelet","Enchiridion","Strawberry","Ancient Tea Set","Regal Pillow","Art of War","Orichalcum","Bronze Scales","Nuclear Battery","Mango","Question Card","Blood Vial"],"potions_floor_usage":[7,7,8,16,28,28,33,36,38,38,45,50],"damage_taken":[{"damage":0,"enemies":"Small Slimes","floor":1,"turns":3},{"damage":1,"enemies":"2 Louse","floor":3,"turns":3},{"damage":9,"enemies":"Jaw Worm","floor":4,"turns":3},{"damage":11,"enemies":"Exordium Thugs","floor":5,"turns":3},{"damage":26,"enemies":"Lagavulin","floor":7,"turns":5},{"damage":4,"enemies":"Gremlin Gang","floor":8,"turns":4},{"damage":11,"enemies":"Looter","floor":11,"turns":2},{"damage":6,"enemies":"Slime Boss","floor":16,"turns":7},{"damage":4,"enemies":"Chosen","floor":18,"turns":3},{"damage":11,"enemies":"Shell Parasite","floor":22,"turns":4},{"damage":28,"enemies":"Book of Stabbing","floor":24,"turns":4},{"damage":4,"enemies":"Snecko","floor":25,"turns":4},{"damage":12,"enemies":"Snake Plant","floor":27,"turns":3},{"damage":33,"enemies":"Slavers","floor":28,"turns":3},{"damage":16,"enemies":"Gremlin Leader","floor":31,"turns":5},{"damage":47,"enemies":"Champ","floor":33,"turns":9},{"damage":24,"enemies":"3 Shapes","floor":35,"turns":2},{"damage":3,"floor":36,"turns":4},{"damage":13,"enemies":"3 Darklings","floor":37,"turns":3},{"damage":8,"enemies":"Flame Bruiser 2 Orb","floor":38,"turns":5},{"damage":47,"enemies":"Spire Growth","floor":41,"turns":5},{"damage":32,"enemies":"3 Darklings","floor":42,"turns":5},{"damage":16,"enemies":"Giant Head","floor":45,"turns":6},{"damage":30,"enemies":"Flame Bruiser 2 Orb","floor":48,"turns":5},{"damage":50,"enemies":"Donu and Deca","floor":50,"turns":6}],"seed_played":"-2954033797322082632","potions_obtained":[{"floor":1,"key":"LiquidBronze"},{"floor":4,"key":"Energy Potion"},{"floor":5,"key":"Fruit Juice"},{"floor":7,"key":"FocusPotion"},{"floor":18,"key":"Energy Potion"},{"floor":24,"key":"Explosive Potion"},{"floor":27,"key":"AttackPotion"},{"floor":28,"key":"SteroidPotion"},{"floor":33,"key":"Regen Potion"},{"floor":36,"key":"Fire Potion"},{"floor":37,"key":"Poison Potion"},{"floor":42,"key":"FocusPotion"}],"is_trial":false,"path_per_floor":["M","?","M","M","M","$","E","M","T","R","M","R","?","?","R","B",null,"M","$","?","?","M","R","E","M","T","M","E","R","T","E","R","B",null,"M","?","M","M","$","R","M","M","T","R","E","$","$","M","R","B"],"character_chosen":"DEFECT","items_purchased":["Gash","Sunder","Conserve Battery","Juzu Bracelet","Self Repair","Panache","All For One","Rebound","Beam Cell"],"campfire_rested":8,"item_purchase_floors":[6,19,19,19,39,39,39,46,47],"current_hp_per_floor":[75,69,68,59,48,48,27,23,23,45,34,56,56,49,71,65,74,70,70,54,54,48,70,54,55,60,53,25,64,69,58,81,39,81,62,85,77,74,74,74,42,32,32,75,74,74,74,51,94,65],"gold":48,"neow_bonus":"TRANSFORM_TWO_CARDS","is_prod":false,"is_daily":false,"chose_seed":false,"campfire_upgraded":1,"win_rate":0,"timestamp":1531518408,"path_taken":["M","?","M","M","M","?","E","M","T","R","?","R","?","?","R","BOSS","M","$","?","?","M","R","E","M","T","M","E","R","?","E","R","BOSS","M","?","M","M","$","R","M","M","T","R","E","?","$","M","R","BOSS"],"build_version":"2018-07-12","purchased_purges":0,"victory":true,"max_hp_per_floor":[75,69,69,69,69,69,74,74,74,74,74,74,74,74,74,74,74,74,74,74,74,74,74,81,81,81,81,81,81,81,81,81,81,81,81,95,95,95,95,95,95,95,95,95,95,95,95,95,95,95],"card_choices":[{"not_picked":["Steam","Ball Lightning"],"picked":"Lockon","floor":1},{"not_picked":["Rebound","Melter"],"picked":"Gash","floor":3},{"not_picked":["Defragment","Machine Learning"],"picked":"Gash","floor":4},{"not_picked":["Barrage","Rebound"],"picked":"Sweeping Beam","floor":5},{"not_picked":["Meteor Strike","Double Energy"],"picked":"Turbo","floor":7},{"not_picked":["Barrage","Melter"],"picked":"Stack","floor":8},{"not_picked":["Tempest","Blizzard"],"picked":"Cold Snap","floor":11},{"not_picked":["Hyperbeam","Seek"],"picked":"Echo Form","floor":16},{"not_picked":[],"picked":"Static Discharge+1","floor":18},{"not_picked":[],"picked":"Gash","floor":22},{"not_picked":["Blizzard"],"picked":"SKIP","floor":24},{"not_picked":["Barrage"],"picked":"SKIP","floor":25},{"not_picked":[],"picked":"Conserve Battery","floor":27},{"not_picked":["Heatsinks+1"],"picked":"SKIP","floor":28},{"not_picked":["Heatsinks"],"picked":"SKIP","floor":31},{"not_picked":[],"picked":"Thunder Strike","floor":33},{"not_picked":[],"picked":"Beam Cell+1","floor":35},{"not_picked":[],"picked":"BootSequence","floor":36},{"not_picked":[],"picked":"Auto Shields+1","floor":37},{"not_picked":[],"picked":"Steam+1","floor":38},{"not_picked":[],"picked":"Capacitor","floor":41},{"not_picked":[],"picked":"Sweeping Beam","floor":42},{"not_picked":["Beam Cell+1"],"picked":"BootSequence","floor":45},{"not_picked":["Recycle+1"],"picked":"Loop+1","floor":48}],"player_experience":551830,"relics_obtained":[{"floor":7,"key":"Matryoshka"},{"floor":9,"key":"Lantern"},{"floor":9,"key":"Gremlin Horn"},{"floor":20,"key":"Enchiridion"},{"floor":24,"key":"Strawberry"},{"floor":26,"key":"Ancient Tea Set"},{"floor":26,"key":"Regal Pillow"},{"floor":28,"key":"Art of War"},{"floor":30,"key":"Orichalcum"},{"floor":31,"key":"Bronze Scales"},{"floor":36,"key":"Mango"},{"floor":43,"key":"Question Card"},{"floor":45,"key":"Blood Vial"}],"event_choices":[{"event_name":"Golden Idol","player_choice":"Lose Max HP","floor":2,"damage_taken":0},{"event_name":"Liars Game","player_choice":"disagreed","floor":13,"damage_taken":0},{"event_name":"Scrap Ooze","player_choice":"success","floor":14,"damage_taken":7},{"event_name":"Cursed Tome","player_choice":"Obtained Book","floor":20,"damage_taken":0},{"event_name":"Forgotten Altar","player_choice":"Gave Idol","floor":21,"damage_taken":0},{"event_name":"MindBloom","player_choice":"Fight","floor":36,"damage_taken":0}],"boss_relics":[{"not_picked":["FrozenCore","Velvet Choker"],"picked":"Busted Crown"},{"not_picked":["Tiny House","Cursed Key"],"picked":"Nuclear Battery"}],"items_purged_floors":[],"is_endless":false,"potions_floor_spawned":[1,4,5,7,18,24,27,28,33,36,37,42],"ascension_level":2}