{"path_per_floor":["M","?","$","?","?","R","M","M","T","R","E","M","R","M","R","B",null,"M","M","?","M","M","R"],"character_chosen":"THE_SILENT","items_purchased":["Glass Knife","PiercingWail"],"gold_per_floor":[116,191,14,14,14,14,33,48,71,71,102,121,121,137,137,240,240,260,276,276,294,312,312,312],"floor_reached":24,"campfire_rested":3,"playtime":1227,"current_hp_per_floor":[63,52,52,38,31,52,52,52,52,70,59,59,59,59,59,26,59,44,13,13,28,23,49,0],"items_purged":[],"gold":312,"score":292,"play_id":"a6272688-9052-4205-abff-f6ec8caf8025","local_time":"20180412094108","is_prod":false,"is_daily":false,"chose_seed":false,"is_ascension_mode":true,"campfire_upgraded":2,"timestamp":1523540468,"path_taken":["M","?","$","?","?","R","M","M","T","R","E","?","R","M","R","BOSS","M","M","?","?","M","R","E"],"build_version":"2018-04-11","seed_source_timestamp":2868206359484,"purchased_purges":0,"victory":false,"master_deck":["Defend_G+1","Defend_G","Defend_G","Defend_G+1","Defend_G","Survivor","Neutralize","Slice","Glass Knife+1","PiercingWail","Footwork","Cloak And Dagger+1","Cloak And Dagger","Infinite Blades","Glass Knife","Slice","Blur+1","Bite","Bite","Bite","Bite","Bite","Dodge and Roll+1"],"max_hp_per_floor":[70,70,70,70,70,70,70,70,70,70,70,70,70,70,70,70,70,70,70,49,49,49,49,49],"relics":["Ring of the Snake","Bag of Marbles","Regal Pillow","Gambling Chip","Runic Dome"],"card_choices":[{"not_picked":["Backflip","Sucker Punch"],"picked":"Slice","floor":1},{"not_picked":["Terror","Well Laid Plans"],"picked":"Footwork","floor":7},{"not_picked":["Poisoned Stab","Dodge and Roll"],"picked":"Cloak And Dagger","floor":8},{"not_picked":["Catalyst","PiercingWail"],"picked":"Cloak And Dagger","floor":11},{"not_picked":["Outmaneuver","Deflect"],"picked":"Infinite Blades","floor":12},{"not_picked":["Night Terror","Grand Finale"],"picked":"Glass Knife","floor":16},{"not_picked":["Sucker Punch","Bane"],"picked":"Slice","floor":18},{"not_picked":["Heel Hook","Underhanded Strike"],"picked":"Blur","floor":19},{"not_picked":["Outmaneuver","PiercingWail"],"picked":"Dodge and Roll","floor":21}],"player_experience":168664,"potions_floor_usage":[16,16],"damage_taken":[{"damage":0,"enemies":"2 Louse","floor":1,"turns":3},{"damage":0,"enemies":"Jaw Worm","floor":7,"turns":4},{"damage":0,"enemies":"Small Slimes","floor":8,"turns":2},{"damage":11,"enemies":"Gremlin Nob","floor":11,"turns":4},{"damage":0,"enemies":"Looter","floor":12,"turns":2},{"damage":0,"enemies":"Large Slime","floor":14,"turns":4},{"damage":33,"enemies":"Slime Boss","floor":16,"turns":14},{"damage":15,"enemies":"Spheric Guardian","floor":18,"turns":4},{"damage":31,"enemies":"Chosen","floor":19,"turns":3},{"damage":7,"enemies":"Centurion and Healer","floor":21,"turns":9},{"damage":17,"enemies":"Snake Plant","floor":22,"turns":6},{"damage":80,"enemies":"Gremlin Leader","floor":24,"turns":9}],"event_choices":[{"event_name":"World of Goop","player_choice":"Gather Gold","floor":2,"damage_taken":0},{"event_name":"Shining Light","player_choice":"Entered Light","floor":4,"damage_taken":0},{"event_name":"Golden Wing","player_choice":"Card Removal","floor":5,"damage_taken":0},{"event_name":"Vampires","player_choice":"Became a vampire","floor":20,"damage_taken":0}],"boss_relics":[{"not_picked":["Tiny House","Philosopher\u0027s Stone"],"picked":"Runic Dome"}],"potions_floor_spawned":[12,14,19],"seed_played":"-6157442588268444131","killed_by":"Gremlin Leader","ascension_level":7,"is_trial":false}