{"gold_per_floor":[109,129,61,61,80,80,112,132,132,132,145,163,163,6,6,105,105,116,127,227,35,35,35,35],"floor_reached":24,"playtime":671,"items_purged":[],"score":294,"play_id":"7165edf6-694d-4467-8a1a-616d6cc5b471","local_time":"20180831160619","is_ascension_mode":true,"campfire_choices":[{"floor":10,"key":"REST"},{"floor":13,"key":"REST"},{"data":"True Grit","floor":15,"key":"SMITH"},{"floor":23,"key":"REST"}],"neow_cost":"NONE","seed_source_timestamp":1139475240234276,"circlet_count":0,"master_deck":["Bash","AscendersBane","Cleave","Headbutt","Flame Barrier","Thunderclap","True Grit+1","Battle Trance","Shrug It Off","Wild Strike","Demon Form","Clash","Wild Strike","Twin Strike","Heavy Blade","Heavy Blade+1","True Grit","Evolve","Cleave+1","Warcry","Iron Wave","Armaments+1"],"relics":["Burning Blood","NeowsBlessing","Letter Opener","Matryoshka","Vajra","Pandora\u0027s Box","ClockworkSouvenir","Whetstone","Toxic Egg 2"],"potions_floor_usage":[11,16],"damage_taken":[{"damage":0,"enemies":"Cultist","floor":1,"turns":1},{"damage":0,"enemies":"Jaw Worm","floor":2,"turns":1},{"damage":0,"enemies":"2 Louse","floor":5,"turns":1},{"damage":49,"enemies":"Lagavulin","floor":7,"turns":6},{"damage":22,"enemies":"Looter","floor":8,"turns":3},{"damage":0,"enemies":"Exordium Thugs","floor":11,"turns":4},{"damage":1,"enemies":"Blue Slaver","floor":12,"turns":5},{"damage":67,"enemies":"Slime Boss","floor":16,"turns":7},{"damage":11,"enemies":"Spheric Guardian","floor":18,"turns":4},{"damage":37,"enemies":"Shell Parasite","floor":19,"turns":8},{"damage":55,"enemies":"Gremlin Leader","floor":24,"turns":5}],"seed_played":"6906956714718314347","potions_obtained":[{"floor":8,"key":"Explosive Potion"},{"floor":12,"key":"AttackPotion"}],"is_trial":false,"path_per_floor":["M","M","$","?","M","?","E","M","T","R","M","M","R","$","R","B",null,"M","M","?","$","T","R"],"character_chosen":"IRONCLAD","items_purchased":["Flame Barrier","Vajra","ClockworkSouvenir"],"campfire_rested":3,"item_purchase_floors":[3,14,21],"current_hp_per_floor":[78,80,80,64,70,70,27,11,11,35,41,46,70,70,70,9,62,57,26,26,26,26,50,0],"gold":35,"neow_bonus":"THREE_ENEMY_KILL","is_prod":false,"is_daily":false,"chose_seed":false,"campfire_upgraded":1,"win_rate":0,"timestamp":1535745979,"path_taken":["M","M","$","?","?","?","E","M","T","R","M","M","R","$","R","BOSS","M","M","?","$","?","R","E"],"build_version":"2018-08-30","purchased_purges":0,"victory":false,"max_hp_per_floor":[80,80,80,80,80,80,80,80,80,80,80,80,80,80,80,80,80,80,80,80,80,80,80,80],"card_choices":[{"not_picked":["Flex","Heavy Blade"],"picked":"Cleave","floor":1},{"not_picked":["Shrug It Off","Pommel Strike"],"picked":"Headbutt","floor":2},{"not_picked":["Body Slam","Headbutt"],"picked":"Thunderclap","floor":5},{"not_picked":["Flame Barrier","Intimidate"],"picked":"True Grit","floor":7},{"not_picked":["Combust","Clash"],"picked":"Battle Trance","floor":8},{"not_picked":["Headbutt","Bloodletting"],"picked":"Shrug It Off","floor":11},{"not_picked":["Searing Blow","Corruption"],"picked":"Wild Strike","floor":12},{"not_picked":["Double Tap","Limit Break"],"picked":"Demon Form","floor":16},{"not_picked":["Sword Boomerang","True Grit"],"picked":"Iron Wave","floor":18},{"not_picked":["Twin Strike","Anger"],"picked":"Armaments+1","floor":19}],"player_experience":830034,"relics_obtained":[{"floor":7,"key":"Letter Opener"},{"floor":9,"key":"Matryoshka"},{"floor":22,"key":"Whetstone"},{"floor":22,"key":"Toxic Egg 2"}],"event_choices":[{"event_name":"Shining Light","player_choice":"Entered Light","floor":4,"damage_taken":0},{"event_name":"Liars Game","player_choice":"disagreed","floor":6,"damage_taken":0},{"event_name":"Golden Shrine","player_choice":"Pray","floor":20,"damage_taken":0}],"is_beta":true,"boss_relics":[{"not_picked":["Philosopher\u0027s Stone","Black Star"],"picked":"Pandora\u0027s Box"}],"items_purged_floors":[],"is_endless":false,"potions_floor_spawned":[8,12],"killed_by":"Gremlin Leader","ascension_level":10}