{"gold_per_floor":[11,21,33,33,53,83,83,103,103,103,103,115,115,115,115,235,235,259,35,54,54,79,79,178,23,35,88,27,27,27,40,40,40],"floor_reached":33,"playtime":1086,"items_purged":["Injury"],"score":384,"play_id":"1b2a667e-6c64-4ab0-8951-6b4bf4b18bb3","local_time":"20180721130615","is_ascension_mode":true,"campfire_choices":[{"data":"Armaments","floor":7,"key":"SMITH"},{"data":"Immolate","floor":11,"key":"SMITH"},{"data":"Uppercut","floor":13,"key":"SMITH"},{"data":"Wild Strike","floor":15,"key":"SMITH"},{"data":"Flame Barrier","floor":23,"key":"SMITH"},{"floor":29,"key":"REST"},{"data":"Uppercut","floor":32,"key":"SMITH"}],"neow_cost":"NO_GOLD","seed_source_timestamp":5059529970133,"circlet_count":0,"master_deck":["Strike_R","Defend_R","Defend_R","Defend_R","Defend_R","Bash","Wild Strike+1","Uppercut+1","Headbutt","Whirlwind","Armaments+1","Immolate+1","Fiend Fire","Corruption+1","Pommel Strike+1","Fire Breathing+1","Clothesline","Flame Barrier+1","Inflame","Flex+1","Dual Wield+1","Power Through","Uppercut+1"],"relics":["Burning Blood","Torii","Singing Bowl","Blue Candle","Golden Idol","Astrolabe","MawBank","Bird Faced Urn","Bag of Preparation"],"potions_floor_usage":[8,12,27,33],"damage_taken":[{"damage":1,"enemies":"Cultist","floor":1,"turns":4},{"damage":2,"enemies":"2 Louse","floor":2,"turns":4},{"damage":3,"enemies":"Small Slimes","floor":3,"turns":4},{"damage":3,"enemies":"Blue Slaver","floor":5,"turns":4},{"damage":29,"enemies":"Gremlin Nob","floor":6,"turns":5},{"damage":19,"enemies":"Gremlin Gang","floor":8,"turns":3},{"damage":0,"enemies":"Lots of Slimes","floor":12,"turns":1},{"damage":51,"enemies":"Slime Boss","floor":16,"turns":10},{"damage":1,"enemies":"Chosen","floor":18,"turns":4},{"damage":44,"enemies":"2 Thieves","floor":20,"turns":4},{"damage":15,"enemies":"Chosen and Byrds","floor":22,"turns":6},{"damage":32,"enemies":"Gremlin Leader","floor":27,"turns":6},{"damage":12,"enemies":"3 Cultists","floor":31,"turns":4},{"damage":92,"enemies":"Champ","floor":33,"turns":14}],"seed_played":"9051072323958920799","potions_obtained":[{"floor":2,"key":"LiquidBronze"},{"floor":6,"key":"Ancient Potion"},{"floor":8,"key":"Fruit Juice"},{"floor":22,"key":"SpeedPotion"},{"floor":27,"key":"SpeedPotion"},{"floor":31,"key":"PowerPotion"}],"is_trial":false,"path_per_floor":["M","M","M","?","M","E","R","M","T","?","R","M","R","?","R","B",null,"M","$","M","?","M","R","?","$","T","E","$","R","?","M","R"],"character_chosen":"IRONCLAD","items_purchased":["Flame Barrier","Inflame","MawBank","Power Through"],"campfire_rested":1,"item_purchase_floors":[19,19,25,28],"current_hp_per_floor":[77,80,80,85,85,62,62,49,49,49,49,62,62,62,62,17,73,78,78,42,73,64,64,64,64,64,42,42,70,70,66,66,0],"gold":40,"neow_bonus":"ONE_RARE_RELIC","is_prod":false,"is_daily":false,"chose_seed":false,"campfire_upgraded":6,"win_rate":0,"timestamp":1532192775,"path_taken":["M","?","M","?","?","E","R","?","T","?","R","M","R","?","R","BOSS","M","$","M","?","?","R","?","?","T","E","$","R","?","M","R","BOSS"],"build_version":"2018-07-19","purchased_purges":1,"victory":false,"max_hp_per_floor":[80,80,80,85,85,85,85,85,85,85,85,92,92,92,92,92,92,92,92,94,94,94,94,94,94,94,94,94,94,94,94,94,94],"card_choices":[{"not_picked":["Warcry","Evolve"],"picked":"Wild Strike","floor":1},{"not_picked":["Perfected Strike","Armaments"],"picked":"Uppercut","floor":2},{"not_picked":["Flex","Thunderclap"],"picked":"Headbutt","floor":3},{"not_picked":["Wild Strike","Uppercut"],"picked":"Whirlwind","floor":5},{"not_picked":["Twin Strike","Dropkick"],"picked":"Armaments","floor":6},{"not_picked":["True Grit","Cleave"],"picked":"Immolate","floor":8},{"not_picked":["Perfected Strike","Whirlwind","Armaments"],"picked":"Singing Bowl","floor":12},{"not_picked":["Bludgeon","Dark Embrace"],"picked":"Fiend Fire","floor":16},{"not_picked":["Pommel Strike","Iron Wave+1"],"picked":"Clothesline","floor":18},{"not_picked":["Pommel Strike","Rupture+1","Clothesline"],"picked":"Singing Bowl","floor":20},{"not_picked":["Sever Soul","Cleave"],"picked":"Flex+1","floor":22},{"not_picked":["Infernal Blade","Havoc"],"picked":"Dual Wield+1","floor":27},{"not_picked":["Hemokinesis","Wild Strike"],"picked":"Uppercut","floor":31}],"player_experience":590561,"relics_obtained":[{"floor":6,"key":"Singing Bowl"},{"floor":9,"key":"Blue Candle"},{"floor":26,"key":"Bird Faced Urn"},{"floor":27,"key":"Bag of Preparation"}],"event_choices":[{"event_name":"Big Fish","player_choice":"Donut","floor":4,"damage_taken":0},{"event_name":"Liars Game","player_choice":"disagreed","floor":10,"damage_taken":0},{"event_name":"Golden Idol","player_choice":"Take Wound","floor":14,"damage_taken":0},{"event_name":"The Library","player_choice":"Heal","floor":21,"damage_taken":0},{"event_name":"Nest","player_choice":"Stole From Cult","floor":24,"damage_taken":0},{"event_name":"Bonfire Elementals","player_choice":"BASIC","floor":30,"damage_taken":0}],"is_beta":true,"boss_relics":[{"not_picked":["Black Blood","White Beast Statue"],"picked":"Astrolabe"}],"items_purged_floors":[19],"is_endless":false,"potions_floor_spawned":[2,6,8,22,27,31],"killed_by":"Champ","ascension_level":9}