{"gold_per_floor":[113,113,124,139,139,165,177,194,217,217,228,208,14,25,25,120,120,120,60,60,60,33,33,33,33,33,33,33,33,33,33,33,33,33,33,33,33,33,33,33,33,33,33,33,33,33,33,33,33,33,33,33,33,33,33],"floor_reached":55,"playtime":3689,"items_purged":[],"score":824,"play_id":"3c850b1b-9977-4b29-85f8-a215fa8ed463","local_time":"20190119120626","is_ascension_mode":true,"campfire_choices":[{"floor":10.0,"key":"REST"},{"floor":15.0,"key":"REST"},{"floor":23.0,"key":"REST"},{"data":"Creative AI","floor":28.0,"key":"SMITH"},{"data":"RitualDagger","floor":30.0,"key":"SMITH"},{"floor":32.0,"key":"REST"},{"data":"Consume","floor":40.0,"key":"SMITH"},{"data":"Defragment","floor":42.0,"key":"SMITH"},{"floor":49.0,"key":"RECALL"},{"data":"Glacier","floor":52.0,"key":"SMITH"}],"neow_cost":"NONE","seed_source_timestamp":836726626951379,"circlet_count":0,"master_deck":["Defend_B","Defend_B","Defend_B","Defend_B","Zap","Dualcast","Streamline+1","Go for the Eyes+1","Creative AI+1","Skim","Defragment+1","Hologram","Coolheaded","Heatsinks","Core Surge","Glacier+1","Bite","Bite","Bite","Bite","Bite","Coolheaded","Leap+1","RitualDagger+1","Defragment","Echo Form+1","Consume+1","Electrodynamics","Glacier+1","Self Repair+1","Blizzard+1"],"special_seed":0,"relics":["Cracked Core","Omamori","Pantograph","PreservedInsect","ClockworkSouvenir","Ectoplasm","WarpedTongs","Pocketwatch","Dream Catcher","Velvet Choker","Bag of Preparation","Vajra","Lantern"],"potions_floor_usage":[],"damage_taken":[{"damage":0.0,"enemies":"2 Louse","floor":1.0,"turns":2.0},{"damage":0.0,"enemies":"Small Slimes","floor":3.0,"turns":2.0},{"damage":1.0,"enemies":"Cultist","floor":4.0,"turns":3.0},{"damage":44.0,"enemies":"Lagavulin","floor":6.0,"turns":7.0},{"damage":0.0,"enemies":"Lots of Slimes","floor":7.0,"turns":1.0},{"damage":16.0,"enemies":"Large Slime","floor":8.0,"turns":5.0},{"damage":6.0,"enemies":"Red Slaver","floor":11.0,"turns":4.0},{"damage":5.0,"enemies":"Exordium Wildlife","floor":14.0,"turns":6.0},{"damage":36.0,"enemies":"Slime Boss","floor":16.0,"turns":11.0},{"damage":7.0,"enemies":"Chosen","floor":18.0,"turns":5.0},{"damage":31.0,"enemies":"2 Thieves","floor":19.0,"turns":4.0},{"damage":28.0,"enemies":"Snake Plant","floor":21.0,"turns":6.0},{"damage":17.0,"enemies":"Centurion and Healer","floor":25.0,"turns":13.0},{"damage":1.0,"enemies":"Chosen and Byrds","floor":29.0,"turns":7.0},{"damage":50.0,"enemies":"Slavers","floor":31.0,"turns":6.0},{"damage":20.0,"enemies":"Automaton","floor":33.0,"turns":11.0},{"damage":8.0,"enemies":"3 Shapes","floor":35.0,"turns":5.0},{"damage":14.0,"enemies":"3 Darklings","floor":36.0,"turns":4.0},{"damage":0.0,"enemies":"Spire Growth","floor":37.0,"turns":6.0},{"damage":9.0,"enemies":"Giant Head","floor":41.0,"turns":14.0},{"damage":1.0,"enemies":"4 Shapes","floor":45.0,"turns":4.0},{"damage":7.0,"enemies":"Reptomancer","floor":46.0,"turns":4.0},{"damage":9.0,"enemies":"Jaw Worm Horde","floor":47.0,"turns":5.0},{"damage":16.0,"enemies":"Sphere and 2 Shapes","floor":48.0,"turns":4.0},{"damage":33.0,"enemies":"Awakened One","floor":50.0,"turns":21.0},{"damage":16.0,"enemies":"Shield and Spear","floor":54.0,"turns":7.0},{"damage":87,"enemies":"The Heart","floor":55,"turns":14}],"seed_played":"-3999402123840245027","potions_obtained":[{"floor":1.0,"key":"Explosive Potion"},{"floor":6.0,"key":"Energy Potion"},{"floor":8.0,"key":"FocusPotion"},{"floor":12.0,"key":"SkillPotion"},{"floor":14.0,"key":"FearPotion"},{"floor":21.0,"key":"Dexterity Potion"},{"floor":33.0,"key":"GamblersBrew"},{"floor":45.0,"key":"SkillPotion"},{"floor":48.0,"key":"Ancient Potion"}],"is_trial":false,"path_per_floor":["M","?","M","M","?","E","M","M","T","R","M","?","$","M","R","B",null,"M","M","?","M","$","R","?","M","T","?","R","M","R","E","R","B",null,"M","M","M","?","?","R","E","R","T","$","M","E","M","M","R","B",null,"R","$","E","B"],"character_chosen":"DEFECT","items_purchased":["ClockworkSouvenir","Coolheaded"],"campfire_rested":4,"item_purchase_floors":[13,22],"current_hp_per_floor":[75,75,75,74,74,30,30,14,14,36,30,30,30,25,47,36,75,68,37,37,21,21,36,36,52,52,46,46,52,52,11,26,52,52,50,44,51,51,51,51,52,52,52,52,52,47,52,48,48,52,52,52,52,46,0],"gold":33,"neow_bonus":"RANDOM_COMMON_RELIC","is_prod":false,"is_daily":false,"chose_seed":false,"campfire_upgraded":5,"win_rate":0,"timestamp":1547917586,"path_taken":["M","?","M","M","?","E","M","?","T","R","?","?","$","?","R","BOSS","M","M","?","M","$","R","?","?","T","?","R","M","R","E","R","BOSS","M","M","M","?","?","R","E","R","T","$","M","E","M","M","R","BOSS","R","$","E","BOSS"],"build_version":"2019-01-17","purchased_purges":0,"victory":false,"max_hp_per_floor":[75,75,75,75,75,75,75,75,75,75,75,75,75,75,75,75,75,75,75,52,52,52,52,52,52,52,52,52,52,52,52,52,52,52,52,52,52,52,52,52,52,52,52,52,52,52,52,52,52,52,52,52,52,52,52],"card_choices":[{"not_picked":["Recycle","White Noise"],"picked":"Streamline","floor":1.0},{"not_picked":["Leap","Turbo"],"picked":"Go for the Eyes","floor":3.0},{"not_picked":["Turbo","Force Field"],"picked":"Creative AI","floor":4.0},{"not_picked":["Sweeping Beam","Doom and Gloom"],"picked":"Skim","floor":6.0},{"not_picked":["Streamline","Fusion"],"picked":"Defragment","floor":7.0},{"not_picked":["Gash","Stack"],"picked":"Hologram","floor":8.0},{"not_picked":["Streamline","Creative AI"],"picked":"Coolheaded","floor":11.0},{"not_picked":["Leap","Gash"],"picked":"Heatsinks","floor":14.0},{"not_picked":["All For One","Reboot"],"picked":"Core Surge","floor":16.0},{"not_picked":["Beam Cell","Loop"],"picked":"Glacier","floor":18.0},{"not_picked":["Cold Snap","Beam Cell"],"picked":"Redo+1","floor":19.0},{"not_picked":["Rebound","Sweeping Beam","Reprogram"],"picked":"SKIP","floor":21.0},{"not_picked":["Steam","Loop+1"],"picked":"Leap+1","floor":25.0},{"not_picked":["Leap","Gash"],"picked":"Defragment","floor":29.0},{"not_picked":["Beam Cell+1","Genetic Algorithm"],"picked":"Echo Form","floor":31.0},{"not_picked":["Stack+1","Fusion"],"picked":"Consume","floor":32.0},{"not_picked":["All For One","Amplify"],"picked":"Electrodynamics","floor":33.0},{"not_picked":["Go for the Eyes","Rip and Tear+1","Gash+1"],"picked":"SKIP","floor":35.0},{"not_picked":["Reprogram","Rebound+1"],"picked":"Glacier+1","floor":36.0},{"not_picked":["Coolheaded+1","Gash","BootSequence"],"picked":"SKIP","floor":37.0},{"not_picked":["Aggregate","Genetic Algorithm"],"picked":"Self Repair+1","floor":41.0},{"not_picked":["Reinforced Body+1","Skim","Cold Snap"],"picked":"SKIP","floor":45.0},{"not_picked":["Loop","Darkness+1"],"picked":"Blizzard+1","floor":46.0},{"not_picked":["Gash+1","Sweeping Beam+1","Streamline"],"picked":"SKIP","floor":47.0},{"not_picked":["Sweeping Beam","Go for the Eyes","Skim"],"picked":"SKIP","floor":48.0},{"not_picked":["Cold Snap","Redo","Rebound"],"picked":"SKIP","floor":54.0}],"player_experience":1274089,"relics_obtained":[{"floor":6.0,"key":"Pantograph"},{"floor":9.0,"key":"PreservedInsect"},{"floor":26.0,"key":"Pocketwatch"},{"floor":31.0,"key":"Dream Catcher"},{"floor":41.0,"key":"Bag of Preparation"},{"floor":46.0,"key":"Vajra"},{"floor":54.0,"key":"Lantern"}],"event_choices":[{"damage_healed":0.0,"max_hp_gain":0.0,"max_hp_loss":0.0,"gold_gain":0.0,"event_name":"Living Wall","player_choice":"Grow","floor":2.0,"gold_loss":0.0,"damage_taken":0.0,"cards_upgraded":["Streamline"]},{"damage_healed":0.0,"max_hp_gain":0.0,"max_hp_loss":0.0,"gold_gain":0.0,"event_name":"Upgrade Shrine","player_choice":"Upgraded","floor":5.0,"gold_loss":0.0,"damage_taken":0.0,"cards_upgraded":["Go for the Eyes"]},{"damage_healed":0.0,"max_hp_gain":0.0,"max_hp_loss":0.0,"gold_gain":0.0,"event_name":"The Woman in Blue","player_choice":"Bought 1 Potion","floor":12.0,"gold_loss":0.0,"damage_taken":0.0},{"damage_healed":0.0,"max_hp_gain":0.0,"max_hp_loss":23.0,"gold_gain":0.0,"event_name":"Vampires","player_choice":"Became a vampire","floor":20.0,"gold_loss":0.0,"damage_taken":0.0,"cards_obtained":["Bite","Bite","Bite","Bite","Bite"]},{"damage_healed":0.0,"max_hp_gain":0.0,"max_hp_loss":0.0,"gold_gain":0.0,"event_name":"Accursed Blacksmith","player_choice":"Rummage","floor":24.0,"gold_loss":0.0,"damage_taken":0.0,"relics_obtained":["WarpedTongs"],"cards_obtained":["Pain"]},{"damage_healed":0.0,"max_hp_gain":0.0,"max_hp_loss":0.0,"gold_gain":0.0,"event_name":"Nest","player_choice":"Joined the Cult","floor":27.0,"gold_loss":0.0,"damage_taken":6.0,"cards_obtained":["RitualDagger"]},{"cards_removed":["Redo"],"damage_healed":0.0,"max_hp_gain":0.0,"max_hp_loss":0.0,"gold_gain":0.0,"event_name":"Falling","player_choice":"Removed Skill","floor":38.0,"gold_loss":0.0,"damage_taken":0.0},{"damage_healed":0.0,"max_hp_gain":0.0,"max_hp_loss":0.0,"gold_gain":0.0,"event_name":"Upgrade Shrine","player_choice":"Upgraded","floor":39.0,"gold_loss":0.0,"damage_taken":0.0,"cards_upgraded":["Echo Form"]}],"is_beta":true,"boss_relics":[{"not_picked":["Busted Crown","Fusion Hammer"],"picked":"Ectoplasm"},{"not_picked":["Empty Cage","Astrolabe"],"picked":"Velvet Choker"}],"items_purged_floors":[],"is_endless":false,"potions_floor_spawned":[1,6,8,14,21,31,33,35,45,46,48],"killed_by":"The Heart","ascension_level":2}