{"path_per_floor":["M","M","?","M","M","R","M","E","T","M","M","?","R","?","R","B",null,"M","$","M","M","$","E","?","M","T","R","T","E","T","?","R","B",null,"M"],"character_chosen":"THE_SILENT","items_purchased":["Mercury Hourglass","Infinite Blades","Terror","Well Laid Plans"],"gold_per_floor":[115,134,104,121,136,136,150,177,477,488,507,507,507,607,607,711,711,723,253,273,287,116,147,147,157,182,182,257,283,306,231,231,331,331,341],"floor_reached":36,"campfire_rested":3,"playtime":3289,"current_hp_per_floor":[70,70,70,70,58,58,58,47,47,36,34,34,34,34,55,29,70,62,62,45,47,47,44,44,46,46,67,67,44,44,44,65,28,70,50],"items_purged":["Strike_G","Defend_G"],"gold":341,"score":397,"play_id":"674438fb-52dd-43a5-807c-d86c2e53a603","is_prod":false,"is_daily":false,"is_ascension_mode":true,"campfire_upgraded":2,"path_taken":["M","M","?","M","M","R","M","E","T","M","?","?","R","?","R","BOSS","M","$","M","M","$","E","?","?","T","R","?","E","?","?","R","BOSS","M","?"],"build_version":"2018-02-22-PROD2","purchased_purges":2,"victory":false,"master_deck":["Defend_G","Defend_G+1","Defend_G","Strike_G","Strike_G","Strike_G","Survivor","Neutralize","Backflip+1","Sucker Punch","Cloak And Dagger+1","Noxious Fumes","Cloak And Dagger+1","Bouncing Flask","Tools of the Trade","Noxious Fumes","Burst","Poisoned Stab+1","Infinite Blades","Terror","PiercingWail","Deadly Poison","Well Laid Plans","Catalyst","Blade Dance","Venomology","Injury","Pain","Decay","Prepared"],"max_hp_per_floor":[70,70,70,70,70,70,70,70,70,70,70,70,70,70,70,70,70,70,70,70,70,70,70,70,70,70,70,70,70,70,70,70,70,70,70],"relics":["Ring of the Snake","NeowsBlessing","War Paint","Old Coin","The Specimen","Mercury Hourglass","Bag of Preparation","Blood Vial","Ancient Tea Set","Frozen Egg 2","Lantern","Bronze Scales","Calling Bell","Ornamental Fan","Vajra","Prayer Wheel"],"card_choices":[{"not_picked":["Concentrate","Dodge and Roll"],"picked":"Backflip"},{"not_picked":["Riddle With Holes","Acrobatics"],"picked":"Sucker Punch"},{"not_picked":["Expertise","Choke"],"picked":"Cloak And Dagger"},{"not_picked":["Underhanded Strike","Envenom"],"picked":"Noxious Fumes"},{"not_picked":["Deflect","Backflip"],"picked":"Cloak And Dagger"},{"not_picked":["Deflect","Riddle With Holes"],"picked":"Bouncing Flask"},{"not_picked":["Acrobatics","PiercingWail"],"picked":"Tools of the Trade"},{"not_picked":["Flechettes","Quick Slash"],"picked":"Noxious Fumes"},{"not_picked":["Corpse Explosion","Tools of the Trade"],"picked":"Burst"},{"not_picked":["Reflex","Dagger Spray"],"picked":"Poisoned Stab"},{"not_picked":["Deflect","Poisoned Stab"],"picked":"PiercingWail"},{"not_picked":["Reflex","Infinite Blades"],"picked":"Deadly Poison"},{"not_picked":["Acrobatics","Dash"],"picked":"Catalyst"},{"not_picked":["Dagger Spray","Quick Slash"],"picked":"Blade Dance"},{"not_picked":["A Thousand Cuts","Storm of Steel"],"picked":"Venomology"},{"not_picked":["Catalyst","PiercingWail"],"picked":"Prepared"}],"player_experience":284826,"potions_floor_usage":[10,16,21,21,23,23,25,35,36,36],"damage_taken":[{"damage":0,"enemies":"2 Louse","floor":1,"turns":1},{"damage":0,"enemies":"Cultist","floor":2,"turns":1},{"damage":0,"enemies":"Small Slimes","floor":4,"turns":1},{"damage":12,"enemies":"Gremlin Gang","floor":5,"turns":8},{"damage":0,"enemies":"Blue Slaver","floor":7,"turns":5},{"damage":11,"enemies":"3 Sentries","floor":8,"turns":7},{"damage":11,"enemies":"Exordium Thugs","floor":10,"turns":4},{"damage":2,"enemies":"Looter","floor":11,"turns":4},{"damage":26,"enemies":"The Guardian","floor":16,"turns":8},{"damage":8,"enemies":"Spheric Guardian","floor":18,"turns":4},{"damage":17,"enemies":"Chosen","floor":20,"turns":5},{"damage":13,"enemies":"Snake Plant","floor":21,"turns":5},{"damage":3,"enemies":"Gremlin Leader","floor":23,"turns":5},{"damage":0,"enemies":"Chosen and Byrds","floor":25,"turns":4},{"damage":25,"enemies":"Slavers","floor":29,"turns":6},{"damage":39,"enemies":"Champ","floor":33,"turns":10},{"damage":20,"enemies":"3 Shapes","floor":35,"turns":4},{"damage":55,"enemies":"Mysterious Sphere","floor":36,"turns":4}],"event_choices":[{"event_name":"The Woman in Blue","player_choice":"Bought 2 Potions","floor":3,"damage_taken":0},{"event_name":"Purifier","player_choice":"One Purge","floor":12,"damage_taken":0},{"event_name":"Golden Shrine","player_choice":"Pray","floor":14,"damage_taken":0},{"event_name":"The Mausoleum","player_choice":"Yes","floor":24,"damage_taken":0},{"event_name":"Beggar","player_choice":"Gave Gold","floor":31,"damage_taken":0},{"event_name":"Mysterious Sphere","player_choice":"Fight","floor":36,"damage_taken":0}],"boss_relics":[{"not_picked":["Snecko Eye","Philosopher\u0027s Stone"],"picked":"The Specimen"},{"not_picked":["Astrolabe","White Beast Statue"],"picked":"Calling Bell"}],"potions_floor_spawned":[5,7,10,11,16,20,21,23,29],"seed_played":"-3409268909876577484","killed_by":"Mysterious Sphere","ascension_level":1,"is_trial":false}