{"gold_per_floor":[111,128,145,163,181,181,214,214,241,1,33,51,82,95,95,193,193,204,217,217,237,252,252,272,298,324,324],"floor_reached":27,"playtime":880,"items_purged":[],"score":402,"play_id":"251c3ede-cead-433c-8862-deec3f8dbbaa","local_time":"20180804144523","is_ascension_mode":true,"campfire_choices":[{"data":"Hyperbeam","floor":6,"key":"SMITH"},{"data":"Go for the Eyes","floor":8,"key":"SMITH"},{"data":"Beam Cell","floor":15,"key":"SMITH"},{"data":"Biased Cognition","floor":23,"key":"SMITH"}],"neow_cost":"NONE","seed_source_timestamp":1219581542124639,"circlet_count":0,"master_deck":["Strike_B","Strike_B","Strike_B","Strike_B","Defend_B+1","Defend_B","Defend_B","Defend_B","Zap","Dualcast+1","Hyperbeam+1","Beam Cell+1","Go for the Eyes+1","Stack","Glacier","Defragment","Storm","Steam+1","Hologram+1","Tempest+1","Stack+1","Biased Cognition+1","Capacitor","Barrage","Necronomicurse","Glacier+1","Undo+1"],"relics":["Cracked Core","Bottled Flame","War Paint","Toxic Egg 2","Bag of Marbles","Oddly Smooth Stone","Velvet Choker","Necronomicon","Meat on the Bone","Bronze Scales"],"potions_floor_usage":[7,13,25,27],"damage_taken":[{"damage":0,"enemies":"2 Louse","floor":1,"turns":1},{"damage":1,"enemies":"Small Slimes","floor":2,"turns":2},{"damage":0,"enemies":"Cultist","floor":3,"turns":2},{"damage":3,"enemies":"Looter","floor":4,"turns":3},{"damage":0,"enemies":"2 Fungi Beasts","floor":5,"turns":1},{"damage":0,"enemies":"3 Sentries","floor":7,"turns":3},{"damage":12,"enemies":"Lagavulin","floor":11,"turns":9},{"damage":0,"enemies":"Gremlin Gang","floor":12,"turns":1},{"damage":0,"enemies":"Gremlin Nob","floor":13,"turns":2},{"damage":0,"enemies":"Red Slaver","floor":14,"turns":1},{"damage":26,"enemies":"Hexaghost","floor":16,"turns":11},{"damage":0,"enemies":"2 Thieves","floor":18,"turns":1},{"damage":0,"enemies":"3 Byrds","floor":19,"turns":2},{"damage":0,"enemies":"Snake Plant","floor":21,"turns":1},{"damage":0,"enemies":"Centurion and Healer","floor":22,"turns":1},{"damage":0,"enemies":"Snecko","floor":24,"turns":2},{"damage":1,"enemies":"Book of Stabbing","floor":25,"turns":5},{"damage":47,"enemies":"Gremlin Leader","floor":27,"turns":4}],"seed_played":"-8201551676770635324","potions_obtained":[{"floor":3,"key":"Strength Potion"},{"floor":4,"key":"EssenceOfSteel"},{"floor":11,"key":"GamblersBrew"},{"floor":12,"key":"PowerPotion"},{"floor":16,"key":"Poison Potion"},{"floor":18,"key":"Strength Potion"},{"floor":22,"key":"PowerPotion"}],"is_trial":false,"path_per_floor":["M","M","M","M","M","R","E","R","T","$","E","M","E","M","R","B",null,"M","M","?","M","M","R","M","E","T"],"character_chosen":"DEFECT","items_purchased":["Toxic Egg 2"],"campfire_rested":0,"item_purchase_floors":[10],"current_hp_per_floor":[68,67,67,64,64,64,64,64,64,64,52,52,52,52,52,26,63,63,63,47,47,47,47,47,46,46,0],"gold":324,"neow_bonus":"ONE_RANDOM_RARE_CARD","is_prod":false,"is_daily":false,"chose_seed":true,"campfire_upgraded":4,"win_rate":0,"timestamp":1533408323,"path_taken":["M","M","M","M","M","R","E","R","T","$","E","M","E","M","R","BOSS","M","M","?","M","M","R","M","E","T","E"],"build_version":"2018-08-01","purchased_purges":0,"victory":false,"max_hp_per_floor":[75,75,75,75,75,75,75,75,75,75,75,75,75,75,75,75,75,75,75,75,75,75,75,75,75,75,75],"card_choices":[{"not_picked":["Streamline","Reprogram"],"picked":"Beam Cell","floor":1},{"not_picked":["Beam Cell","Redo"],"picked":"Go for the Eyes","floor":2},{"not_picked":["Streamline","Lockon"],"picked":"Stack","floor":3},{"not_picked":["FTL","Electrodynamics"],"picked":"Glacier","floor":4},{"not_picked":["Go for the Eyes","Glacier"],"picked":"Defragment","floor":5},{"not_picked":["Double Energy","Rebound"],"picked":"Storm","floor":7},{"not_picked":["Reprogram+1","Double Energy+1"],"picked":"Steam+1","floor":11},{"not_picked":["Gash","Beam Cell"],"picked":"Hologram+1","floor":12},{"not_picked":["Go for the Eyes","Force Field+1"],"picked":"Tempest+1","floor":13},{"not_picked":["Steam+1","Skim+1"],"picked":"Stack+1","floor":14},{"not_picked":["All For One","Fission+1"],"picked":"Biased Cognition","floor":16},{"not_picked":["Self Repair","Turbo+1"],"picked":"Capacitor","floor":18},{"not_picked":["Scrape","Beam Cell"],"picked":"Barrage","floor":19},{"not_picked":["Steam+1","Beam Cell"],"picked":"Glacier+1","floor":21},{"not_picked":["Sweeping Beam","Beam Cell","Rebound"],"picked":"SKIP","floor":22},{"not_picked":["Hello World+1","Melter+1","Cold Snap"],"picked":"SKIP","floor":24},{"not_picked":["Rainbow+1","Steam+1"],"picked":"Undo+1","floor":25}],"player_experience":712288,"relics_obtained":[{"floor":7,"key":"Bottled Flame"},{"floor":9,"key":"War Paint"},{"floor":11,"key":"Bag of Marbles"},{"floor":13,"key":"Oddly Smooth Stone"},{"floor":20,"key":"Necronomicon"},{"floor":25,"key":"Meat on the Bone"},{"floor":26,"key":"Bronze Scales"}],"event_choices":[{"event_name":"Cursed Tome","player_choice":"Obtained Book","floor":20,"damage_taken":0}],"is_beta":true,"boss_relics":[{"not_picked":["Lizard Tail","Astrolabe"],"picked":"Velvet Choker"}],"items_purged_floors":[],"is_endless":false,"potions_floor_spawned":[3,4,11,12,16,18,22],"killed_by":"Gremlin Leader","ascension_level":6}