{"path_per_floor":["M","M","?","M","M","E","$","R","T","?","M","$","M","E","R","B",null,"M","M","$","M","M","$","R","?","T","M","R","?","M"],"character_chosen":"IRONCLAD","items_purchased":["Shrug It Off","Offering","Body Slam","Mercury Hourglass","Shrug It Off","Shrug It Off"],"gold_per_floor":[368,381,331,351,369,401,276,276,333,408,421,0,20,54,54,158,158,168,156,6,20,38,38,38,38,38,54,54,54,74],"floor_reached":31,"campfire_rested":2,"playtime":1803,"current_hp_per_floor":[68,72,72,69,72,48,48,48,48,37,41,41,42,44,65,29,72,74,70,70,67,53,53,53,53,53,18,40,40,16],"items_purged":["Strike_R","Strike_R"],"gold":74,"score":275,"play_id":"ae8017f8-0d85-4465-958d-9a36bfeb7623","local_time":"20180310214117","is_prod":false,"is_daily":false,"is_ascension_mode":false,"campfire_upgraded":2,"timestamp":1520736077,"path_taken":["M","M","?","M","M","E","$","R","T","?","M","$","M","E","R","BOSS","M","M","$","M","M","$","R","?","T","M","R","?","M","E"],"build_version":"2018-03-09","purchased_purges":2,"victory":false,"master_deck":["Defend_R","Defend_R","Defend_R","Bash","Flame Barrier","Shrug It Off","Pommel Strike","Entrench+1","Shrug It Off","Rampage","Offering+1","Body Slam","Shrug It Off","Armaments","Barricade+1","Ghostly Armor+1","Inflame+1","Fire Breathing+1","Shrug It Off","Shrug It Off","Metallicize","Rampage"],"max_hp_per_floor":[72,72,72,72,72,72,72,72,72,72,72,72,72,72,72,72,72,74,76,76,76,76,76,76,76,76,76,76,76,78],"relics":["Burning Blood","Bag of Preparation","Tiny Chest","Mercury Hourglass","Singing Bowl","Astrolabe","Matryoshka","Bottled Lightning","Bag of Marbles"],"card_choices":[{"not_picked":["Burning Pact","Havoc"],"picked":"Flame Barrier"},{"not_picked":["Havoc","Body Slam"],"picked":"Shrug It Off"},{"not_picked":["Second Wind","Feel No Pain"],"picked":"Pommel Strike"},{"not_picked":["Twin Strike","Wild Strike"],"picked":"Entrench"},{"not_picked":["Spot Weakness","Feel No Pain"],"picked":"Rampage"},{"not_picked":["Iron Wave","Pommel Strike"],"picked":"Armaments"},{"not_picked":["Juggernaut","Bludgeon"],"picked":"Barricade"},{"not_picked":["Warcry","Clothesline"],"picked":"Shrug It Off"},{"not_picked":["Anger","Flex"],"picked":"Metallicize"},{"not_picked":["Heavy Blade","Immolate"],"picked":"Rampage"}],"player_experience":522099,"potions_floor_usage":[6,14,14,16,18,19,30,31],"damage_taken":[{"damage":10,"enemies":"Jaw Worm","floor":1,"turns":4},{"damage":2,"enemies":"2 Louse","floor":2,"turns":3},{"damage":9,"enemies":"Small Slimes","floor":4,"turns":4},{"damage":2,"enemies":"Looter","floor":5,"turns":3},{"damage":30,"enemies":"Gremlin Nob","floor":6,"turns":5},{"damage":2,"enemies":"Blue Slaver","floor":11,"turns":5},{"damage":5,"enemies":"2 Fungi Beasts","floor":13,"turns":3},{"damage":4,"enemies":"3 Sentries","floor":14,"turns":3},{"damage":42,"enemies":"Slime Boss","floor":16,"turns":12},{"damage":6,"enemies":"Chosen","floor":18,"turns":7},{"damage":12,"enemies":"2 Thieves","floor":19,"turns":4},{"damage":9,"enemies":"Snake Plant","floor":21,"turns":5},{"damage":20,"enemies":"Slaver and Parasite","floor":22,"turns":10},{"damage":41,"enemies":"Cultist and Chosen","floor":27,"turns":13},{"damage":32,"enemies":"3 Cultists","floor":30,"turns":9},{"damage":18,"enemies":"Slavers","floor":31,"turns":4}],"event_choices":[{"event_name":"The Cleric","player_choice":"Card Removal","floor":3,"damage_taken":0},{"event_name":"World of Goop","player_choice":"Gather Gold","floor":10,"damage_taken":0},{"event_name":"The Mausoleum","player_choice":"Yes","floor":25,"damage_taken":0},{"event_name":"Accursed Blacksmith","player_choice":"Forge","floor":29,"damage_taken":0}],"boss_relics":[{"not_picked":["Calling Bell","Runic Pyramid"],"picked":"Astrolabe"}],"potions_floor_spawned":[1,2,5,13,14,16,18,22,27],"seed_played":"5390339581530840696","killed_by":"Slavers","ascension_level":0,"is_trial":false}