{"path_per_floor":["M","M","M","M","$","R","M","M","T","M","E","R","E","M","R","B",null,"M","?","?","M","$","R","M","R","T"],"character_chosen":"IRONCLAD","items_purchased":["Reaper","Havoc"],"gold_per_floor":[118,135,147,161,18,18,28,42,66,77,108,108,133,150,150,251,251,265,265,165,180,34,34,45,45,72],"floor_reached":27,"campfire_rested":0,"playtime":5313,"current_hp_per_floor":[83,84,88,78,78,78,84,88,88,86,70,70,77,69,69,67,88,66,66,66,66,66,66,56,56,56],"items_purged":["Strike_R","Defend_R"],"gold":72,"score":272,"play_id":"6e388ec8-5cee-4970-88df-a2e841239d8a","local_time":"20180310144902","is_prod":false,"is_daily":false,"is_ascension_mode":true,"campfire_upgraded":5,"timestamp":1520711342,"path_taken":["M","M","M","M","$","R","M","M","T","?","E","R","E","M","R","BOSS","M","?","?","M","$","R","M","R","T","E"],"build_version":"2018-03-09","purchased_purges":2,"victory":false,"master_deck":["Strike_R","Strike_R","Strike_R","Strike_R","Defend_R","Defend_R","Defend_R","Bash","Armaments+1","Wild Strike","Flex","Headbutt+1","Reaper","Shrug It Off+1","Flex","Demon Form","Heavy Blade+1","J.A.X.","Shrug It Off+1","Havoc","Armaments+1"],"max_hp_per_floor":[88,88,88,88,88,88,88,88,88,88,88,88,88,88,88,88,88,88,88,88,88,88,88,88,88,88],"relics":["Burning Blood","Happy Flower","Champion Belt","Bottled Lightning","Runic Cube","Orichalcum","Ancient Tea Set"],"card_choices":[{"not_picked":["Corruption","Cleave"],"picked":"Armaments"},{"not_picked":["Cleave","Anger"],"picked":"Wild Strike"},{"not_picked":["Pommel Strike","Body Slam"],"picked":"Flex"},{"not_picked":["Uppercut","Reckless Charge"],"picked":"Headbutt"},{"not_picked":["Exhume","Body Slam"],"picked":"Shrug It Off"},{"not_picked":["Body Slam","Rage"],"picked":"Flex"},{"not_picked":["Berserk","Reaper"],"picked":"Demon Form"},{"not_picked":["Rupture","Pommel Strike"],"picked":"Heavy Blade"},{"not_picked":["Clash","Ghostly Armor"],"picked":"Shrug It Off"},{"not_picked":["Dropkick","Body Slam"],"picked":"Armaments"}],"player_experience":501680,"potions_floor_usage":[11,13,13,16,21],"damage_taken":[{"damage":11,"enemies":"Cultist","floor":1,"turns":4},{"damage":5,"enemies":"2 Louse","floor":2,"turns":3},{"damage":1,"enemies":"Small Slimes","floor":3,"turns":4},{"damage":16,"enemies":"Exordium Wildlife","floor":4,"turns":5},{"damage":4,"enemies":"2 Fungi Beasts","floor":7,"turns":4},{"damage":2,"enemies":"Looter","floor":8,"turns":5},{"damage":17,"enemies":"3 Louse","floor":10,"turns":3},{"damage":22,"enemies":"Gremlin Nob","floor":11,"turns":4},{"damage":14,"enemies":"3 Sentries","floor":13,"turns":10},{"damage":25,"enemies":"Exordium Wildlife","floor":14,"turns":6},{"damage":18,"enemies":"The Guardian","floor":16,"turns":11},{"damage":33,"enemies":"3 Byrds","floor":18,"turns":7},{"damage":6,"enemies":"Chosen","floor":21,"turns":5},{"damage":46,"enemies":"3 Cultists","floor":24,"turns":6},{"damage":73,"enemies":"Book of Stabbing","floor":27,"turns":6}],"event_choices":[{"event_name":"The Mausoleum","player_choice":"Yes","floor":19,"damage_taken":0},{"event_name":"Drug Dealer","player_choice":"Got JAXXED","floor":20,"damage_taken":0}],"boss_relics":[{"not_picked":["Runic Pyramid","Orrery"],"picked":"Runic Cube"}],"potions_floor_spawned":[1,3,8,10,14,18],"seed_played":"-3650047902061857992","killed_by":"Book of Stabbing","ascension_level":4,"is_trial":false}