{"path_per_floor":["M","?","M","M","M","R","E","R","T","M","$","R","M","M","R","B",null,"M","$","M","M"],"character_chosen":"THE_SILENT","items_purchased":["Dagger Throw","Panache"],"gold_per_floor":[110,60,78,96,64,64,92,92,142,155,131,131,144,161,161,259,259,276,93,103,119,119],"floor_reached":22,"campfire_rested":3,"playtime":1217,"current_hp_per_floor":[70,70,70,70,50,50,9,30,30,24,24,45,45,44,65,18,57,48,48,44,16,0],"items_purged":[],"gold":119,"score":238,"play_id":"fec2eee0-cb47-417d-a702-e127c5dc776f","local_time":"20180325122905","is_prod":false,"is_daily":false,"is_ascension_mode":true,"campfire_upgraded":1,"timestamp":1521995345,"path_taken":["M","?","M","M","M","R","E","R","T","M","$","R","?","M","R","BOSS","M","$","M","M","M"],"build_version":"2018-03-22v2","purchased_purges":1,"victory":false,"master_deck":["Defend_G","Defend_G","Defend_G","Defend_G","Defend_G","Strike_G","Strike_G","Strike_G","Strike_G","Survivor","Neutralize","Dodge and Roll","Caltrops","Cloak And Dagger+1","Dagger Throw","Tools of the Trade","PiercingWail","Dagger Throw","Escape Plan","Footwork","Glass Knife","Dagger Spray","Panache","Blur","Backflip"],"max_hp_per_floor":[70,70,70,70,70,70,70,70,70,70,70,70,70,70,70,70,70,70,70,70,70,70],"relics":["Ring of the Snake","Letter Opener","Bronze Scales","Cursed Key"],"card_choices":[{"not_picked":["Acrobatics","Deadly Poison"],"picked":"Dodge and Roll","floor":1},{"not_picked":["Outmaneuver","Setup"],"picked":"Caltrops","floor":3},{"not_picked":["Dagger Throw","Outmaneuver"],"picked":"Cloak And Dagger","floor":4},{"not_picked":["Deadly Poison","Flying Knee"],"picked":"Dagger Throw","floor":5},{"not_picked":["Outmaneuver","Poisoned Stab"],"picked":"Tools of the Trade","floor":7},{"not_picked":["Reflex","Deadly Poison"],"picked":"PiercingWail","floor":10},{"not_picked":["Dagger Throw","Poisoned Stab"],"picked":"Escape Plan","floor":13},{"not_picked":["Bane","Finisher"],"picked":"Footwork","floor":14},{"not_picked":["Unload","Die Die Die"],"picked":"Glass Knife","floor":16},{"not_picked":["Backflip","Escape Plan"],"picked":"Dagger Spray","floor":18},{"not_picked":["Dagger Spray","Expertise"],"picked":"Blur","floor":20},{"not_picked":["Concentrate","PiercingWail"],"picked":"Backflip","floor":21}],"player_experience":682504,"potions_floor_usage":[5,7,16,16,22],"damage_taken":[{"damage":0,"enemies":"Small Slimes","floor":1,"turns":6},{"damage":0,"enemies":"Jaw Worm","floor":3,"turns":5},{"damage":0,"enemies":"Cultist","floor":4,"turns":4},{"damage":20,"enemies":"Exordium Thugs","floor":5,"turns":5},{"damage":41,"enemies":"Lagavulin","floor":7,"turns":6},{"damage":6,"enemies":"Large Slime","floor":10,"turns":6},{"damage":0,"enemies":"Blue Slaver","floor":13,"turns":5},{"damage":1,"enemies":"Looter","floor":14,"turns":3},{"damage":47,"enemies":"Slime Boss","floor":16,"turns":16},{"damage":9,"enemies":"2 Thieves","floor":18,"turns":5},{"damage":4,"enemies":"3 Byrds","floor":20,"turns":2},{"damage":28,"enemies":"Sentry and Sphere","floor":21,"turns":6},{"damage":18,"enemies":"Chosen and Byrds","floor":22,"turns":3}],"event_choices":[{"event_name":"The Cleric","player_choice":"Card Removal","floor":2,"damage_taken":0}],"boss_relics":[{"not_picked":["Sozu","Lizard Tail"],"picked":"Cursed Key"}],"potions_floor_spawned":[3,4,7,10,16,21],"seed_played":"-4622538675472034235","killed_by":"Chosen and Byrds","ascension_level":5,"is_trial":false}