{"path_per_floor":["M","M","M","?","$","R","E","R","T","E","M","?","E","M","R","B",null,"M","M","$","?","$","E","R","M","T"],"character_chosen":"IRONCLAD","items_purchased":["Shrug It Off","Corruption","Shuriken","Feel No Pain"],"gold_per_floor":[114,125,139,189,114,114,140,140,185,210,226,226,269,293,293,417,417,433,451,84,84,11,55,55,70,119,119],"floor_reached":27,"campfire_rested":2,"playtime":1034,"current_hp_per_floor":[74,79,77,77,77,77,47,47,47,19,15,15,22,31,55,28,80,80,74,74,66,66,34,58,40,40,0],"items_purged":["Strike_R"],"gold":119,"score":289,"play_id":"2ef6994f-342f-48c7-82e6-d8e119f49a99","local_time":"20180404194950","is_prod":false,"is_daily":false,"is_ascension_mode":true,"campfire_upgraded":2,"timestamp":1522885790,"path_taken":["M","M","M","?","?","R","E","R","T","E","M","?","E","?","R","BOSS","M","?","$","?","$","E","R","M","T","E"],"build_version":"2018-04-03","purchased_purges":1,"victory":false,"master_deck":["Strike_R","Strike_R","Strike_R","Strike_R","Defend_R","Defend_R","Defend_R","Defend_R","Bash","Flex+1","Heavy Blade+1","Reaper","Pommel Strike","Rage","Injury","Headbutt","Sword Boomerang","Demon Form","Metallicize","Feel No Pain","Shrug It Off","Corruption","Feel No Pain","Anger","Whirlwind+1","Thunderclap","Decay"],"max_hp_per_floor":[80,80,80,80,80,80,80,80,80,80,80,80,80,80,80,80,80,80,80,80,80,80,80,80,80,80,80],"relics":["Burning Blood","Pen Nib","Oddly Smooth Stone","Toolbox","Golden Idol","Ancient Tea Set","Cursed Key","Shuriken","Dream Catcher","Anchor"],"card_choices":[{"not_picked":["Cleave","True Grit"],"picked":"Flex","floor":1},{"not_picked":["Cleave","Carnage"],"picked":"Heavy Blade","floor":2},{"not_picked":["Wild Strike","Fire Breathing"],"picked":"Reaper","floor":3},{"not_picked":["Searing Blow","Anger"],"picked":"Pommel Strike","floor":7},{"not_picked":["Sword Boomerang","True Grit"],"picked":"Rage","floor":11},{"not_picked":["True Grit","Iron Wave"],"picked":"Headbutt","floor":13},{"not_picked":["Clash","Entrench"],"picked":"Sword Boomerang","floor":14},{"not_picked":["Barricade","Juggernaut"],"picked":"Demon Form","floor":16},{"not_picked":["Body Slam","Havoc"],"picked":"Metallicize","floor":18},{"not_picked":["Dropkick","Body Slam"],"picked":"Feel No Pain","floor":19},{"not_picked":["Cleave","Bludgeon"],"picked":"Anger","floor":23},{"not_picked":["Clash","Ghostly Armor"],"picked":"Whirlwind","floor":24},{"not_picked":["Sever Soul","Whirlwind"],"picked":"Thunderclap","floor":25}],"player_experience":86999,"potions_floor_usage":[2,13,16,18,23,27],"damage_taken":[{"damage":12,"enemies":"Small Slimes","floor":1,"turns":4},{"damage":1,"enemies":"Cultist","floor":2,"turns":5},{"damage":8,"enemies":"2 Louse","floor":3,"turns":3},{"damage":36,"enemies":"Gremlin Nob","floor":7,"turns":4},{"damage":34,"enemies":"Lagavulin","floor":10,"turns":5},{"damage":18,"enemies":"Large Slime","floor":11,"turns":4},{"damage":15,"enemies":"3 Sentries","floor":13,"turns":6},{"damage":5,"enemies":"Red Slaver","floor":14,"turns":2},{"damage":45,"enemies":"Hexaghost","floor":16,"turns":8},{"damage":9,"enemies":"Chosen","floor":18,"turns":4},{"damage":12,"enemies":"2 Thieves","floor":19,"turns":3},{"damage":38,"enemies":"Book of Stabbing","floor":23,"turns":4},{"damage":24,"enemies":"Snake Plant","floor":25,"turns":2},{"damage":48,"enemies":"Gremlin Leader","floor":27,"turns":4}],"event_choices":[{"event_name":"Golden Wing","player_choice":"Gained Gold","floor":4,"damage_taken":0},{"event_name":"Golden Idol","player_choice":"Take Wound","floor":12,"damage_taken":0},{"event_name":"Wheel of Change","player_choice":"Damage","floor":21,"damage_taken":0}],"boss_relics":[{"not_picked":["Eternal Feather","Lizard Tail"],"picked":"Cursed Key"}],"potions_floor_spawned":[2,3,11,14,18,23],"seed_played":"3804444121617539944","killed_by":"Gremlin Leader","ascension_level":3,"is_trial":false}