{"gold_per_floor":[113,129,143,155,166,166,192,192,192,226,283,283,312,312,312,312],"floor_reached":16,"playtime":736,"items_purged":[],"score":220,"play_id":"67048fb2-5988-4d70-a5f0-d32c96404cec","local_time":"20190126144246","is_ascension_mode":true,"campfire_choices":[{"data":"True Grit","floor":6.0,"key":"SMITH"},{"floor":8.0,"key":"REST"},{"floor":15,"key":"REST"}],"neow_cost":"NONE","seed_source_timestamp":840234701505856,"circlet_count":0,"master_deck":["AscendersBane","Strike_R","Strike_R","Strike_R","Strike_R","Strike_R","Defend_R","Defend_R","Defend_R","Defend_R","Bash+1","Anger","Thunderclap","True Grit+1","Disarm","Ghostly Armor","Feel No Pain","Immolate","Corruption"],"special_seed":0,"relics":["Burning Blood","Centennial Puzzle","Letter Opener","Orichalcum","Golden Idol","Odd Mushroom","Mummified Hand"],"potions_floor_usage":[13],"damage_taken":[{"damage":15.0,"enemies":"Small Slimes","floor":1.0,"turns":4.0},{"damage":7.0,"enemies":"2 Louse","floor":2.0,"turns":3.0},{"damage":7.0,"enemies":"Jaw Worm","floor":3.0,"turns":3.0},{"damage":10.0,"enemies":"Looter","floor":4.0,"turns":4.0},{"damage":10.0,"enemies":"Exordium Thugs","floor":5.0,"turns":4.0},{"damage":42.0,"enemies":"3 Sentries","floor":7.0,"turns":13.0},{"damage":31,"enemies":"Lagavulin","floor":10,"turns":10},{"damage":3,"enemies":"The Mushroom Lair","floor":13,"turns":3},{"damage":34,"enemies":"The Guardian","floor":16,"turns":6}],"seed_played":"2263790353440204638","potions_obtained":[{"floor":2.0,"key":"SpeedPotion"},{"floor":4.0,"key":"Fire Potion"}],"is_trial":false,"path_per_floor":["M","M","M","M","M","R","E","R","T","E","?","?","?","T","R","B"],"character_chosen":"IRONCLAD","items_purchased":[],"campfire_rested":2,"item_purchase_floors":[],"current_hp_per_floor":[59,58,57,53,49,49,13,35,35,10,10,10,13,13,33,0],"gold":312,"neow_bonus":"UPGRADE_CARD","is_prod":false,"is_daily":false,"chose_seed":false,"campfire_upgraded":1,"win_rate":0,"timestamp":1548542566,"path_taken":["M","M","M","M","M","R","E","R","T","E","?","?","?","?","R","BOSS"],"build_version":"2019-01-23","purchased_purges":0,"victory":false,"max_hp_per_floor":[75,75,75,75,75,75,75,75,75,75,75,68,68,68,68,68],"card_choices":[{"not_picked":["Armaments","Headbutt"],"picked":"Anger","floor":1.0},{"not_picked":["True Grit","Armaments"],"picked":"Thunderclap","floor":2.0},{"not_picked":["Havoc","Searing Blow"],"picked":"True Grit","floor":3.0},{"not_picked":["Body Slam","Thunderclap"],"picked":"Disarm","floor":4.0},{"not_picked":["Twin Strike","Perfected Strike"],"picked":"Ghostly Armor","floor":5.0},{"not_picked":["Sword Boomerang","Shrug It Off"],"picked":"Feel No Pain","floor":7.0},{"not_picked":["Pommel Strike","Demon Form"],"picked":"Immolate","floor":10},{"not_picked":["True Grit","Warcry"],"picked":"Corruption","floor":13}],"player_experience":1295454,"relics_obtained":[{"floor":7.0,"key":"Centennial Puzzle"},{"floor":9.0,"key":"Letter Opener"},{"floor":10,"key":"Orichalcum"},{"floor":13,"key":"Odd Mushroom"},{"floor":14,"key":"Mummified Hand"}],"event_choices":[{"damage_healed":0,"gold_gain":57,"player_choice":"Gained Gold","damage_taken":0,"max_hp_gain":0,"max_hp_loss":0,"event_name":"Golden Wing","floor":11,"gold_loss":0},{"damage_healed":0,"gold_gain":0,"player_choice":"Lose Max HP","damage_taken":0,"relics_obtained":["Golden Idol"],"max_hp_gain":0,"max_hp_loss":7,"event_name":"Golden Idol","floor":12,"gold_loss":0},{"damage_healed":0,"gold_gain":0,"player_choice":"Fought Mushrooms","damage_taken":0,"max_hp_gain":0,"max_hp_loss":0,"event_name":"Mushrooms","floor":13,"gold_loss":0}],"is_beta":true,"boss_relics":[],"items_purged_floors":[],"is_endless":false,"potions_floor_spawned":[2,4],"killed_by":"The Guardian","ascension_level":20}