{"path_per_floor":["M","M","M","?","M","R","E","R","T","E","R","M","R","M","R","B",null,"M","?","M","?","M","R","M","E","T","R","M","E","$"],"character_chosen":"THE_SILENT","items_purchased":["Burst+1","Ornamental Fan","Dodge and Roll+1"],"gold_per_floor":[114,127,140,140,155,155,185,185,185,213,213,226,226,237,237,335,335,353,353,365,290,304,304,319,345,368,368,387,414,34,34],"floor_reached":31,"campfire_rested":2,"playtime":1757,"item_purchase_floors":[30,30,30],"current_hp_per_floor":[63,56,56,56,54,54,22,43,43,40,40,39,39,43,43,43,63,58,72,64,64,64,64,50,24,24,49,49,24,24,0],"items_purged":[],"gold":34,"score":489,"play_id":"029044bb-bc66-4474-b4db-7a078aba6a70","local_time":"20180605223228","is_prod":false,"is_daily":false,"chose_seed":true,"is_ascension_mode":true,"campfire_upgraded":2,"win_rate":0,"timestamp":1528252348,"campfire_choices":[{"data":"Wraith Form v2","floor":6,"key":"SMITH"},{"floor":8,"key":"REST"},{"floor":11,"key":"DIG"},{"floor":13,"key":"DIG"},{"data":"Noxious Fumes","floor":15,"key":"SMITH"},{"floor":23,"key":"DIG"},{"floor":27,"key":"REST"}],"path_taken":["M","M","M","?","M","R","E","R","T","E","R","?","R","?","R","BOSS","M","?","M","?","?","R","M","E","T","R","M","E","$","E"],"build_version":"2018-06-04v2","seed_source_timestamp":212979990905203,"purchased_purges":0,"victory":false,"master_deck":["Defend_G","Defend_G","Defend_G+1","Defend_G+1","Defend_G","Strike_G","Strike_G","Strike_G","Strike_G","Strike_G","Survivor","Neutralize+1","Deflect","Wraith Form v2+1","Deflect","Deadly Poison","Skewer","Noxious Fumes+1","Night Terror","Dash","Night Terror","Setup+1","Prepared+1","Night Terror","Backflip","After Image","Crippling Poison+1","Bane+1","Sucker Punch+1","Burst+1","Dodge and Roll+1"],"max_hp_per_floor":[70,70,70,70,70,70,70,70,70,70,70,70,70,70,70,70,70,70,84,84,84,84,84,84,84,84,84,84,84,84,84],"relics":["Ring of the Snake","Boot","Ninja Scroll","Meat on the Bone","Shovel","Bottled Flame","Orichalcum","Sozu","Mango","War Paint","Darkstone Periapt","Dream Catcher","Toxic Egg 2","Ornamental Fan"],"card_choices":[{"not_picked":["Accuracy","Backflip"],"picked":"Deflect","floor":1},{"not_picked":["Dodge and Roll","Prepared"],"picked":"Wraith Form v2","floor":2},{"not_picked":["Quick Slash","Acrobatics"],"picked":"Deflect","floor":3},{"not_picked":["Accuracy","Dodge and Roll"],"picked":"Deadly Poison","floor":5},{"not_picked":["Dagger Throw","Prepared"],"picked":"Skewer","floor":7},{"not_picked":["Underhanded Strike","Cloak And Dagger"],"picked":"Noxious Fumes","floor":10},{"not_picked":["Prepared","Backflip"],"picked":"Night Terror","floor":12},{"not_picked":["Prepared","Crippling Poison"],"picked":"Dash","floor":14},{"not_picked":["Envenom","Phantasmal Killer"],"picked":"Night Terror","floor":16},{"not_picked":["Deadly Poison","Distraction+1"],"picked":"Setup+1","floor":18},{"not_picked":["Eviscerate","PiercingWail"],"picked":"Prepared+1","floor":20},{"not_picked":["Backflip","Flying Knee"],"picked":"Night Terror","floor":22},{"not_picked":["Endless Agony","Reflex+1"],"picked":"Backflip","floor":24},{"not_picked":["Eviscerate","Heel Hook"],"picked":"After Image","floor":25},{"not_picked":["Quick Slash","Deflect"],"picked":"Crippling Poison+1","floor":27},{"not_picked":["Dagger Spray","Dodge and Roll"],"picked":"Bane+1","floor":28},{"not_picked":["Corpse Explosion","PiercingWail"],"picked":"Sucker Punch+1","floor":29}],"player_experience":406083,"potions_floor_usage":[18,25,25],"damage_taken":[{"damage":0,"enemies":"2 Louse","floor":1,"turns":4},{"damage":7,"enemies":"Cultist","floor":2,"turns":6},{"damage":0,"enemies":"Jaw Worm","floor":3,"turns":6},{"damage":2,"enemies":"Red Slaver","floor":5,"turns":6},{"damage":32,"enemies":"Lagavulin","floor":7,"turns":12},{"damage":3,"enemies":"Gremlin Nob","floor":10,"turns":5},{"damage":1,"enemies":"Gremlin Gang","floor":12,"turns":4},{"damage":8,"enemies":"Exordium Thugs","floor":14,"turns":7},{"damage":0,"enemies":"Hexaghost","floor":16,"turns":16},{"damage":5,"enemies":"Spheric Guardian","floor":18,"turns":6},{"damage":8,"enemies":"Shell Parasite","floor":20,"turns":5},{"damage":0,"enemies":"Snecko","floor":22,"turns":7},{"damage":26,"enemies":"Snake Plant","floor":24,"turns":4},{"damage":38,"enemies":"Slavers","floor":25,"turns":7},{"damage":0,"enemies":"Centurion and Healer","floor":28,"turns":8},{"damage":37,"enemies":"Gremlin Leader","floor":29,"turns":10},{"damage":24,"enemies":"Book of Stabbing","floor":31,"turns":5}],"relics_obtained":[{"floor":7,"key":"Ninja Scroll"},{"floor":9,"key":"Meat on the Bone"},{"floor":10,"key":"Shovel"},{"floor":11,"key":"Bottled Flame"},{"floor":13,"key":"Orichalcum"},{"floor":23,"key":"War Paint"},{"floor":25,"key":"Darkstone Periapt"},{"floor":26,"key":"Dream Catcher"},{"floor":29,"key":"Toxic Egg 2"}],"event_choices":[{"event_name":"Upgrade Shrine","player_choice":"Upgraded","floor":4,"damage_taken":0},{"event_name":"The Mausoleum","player_choice":"Yes","floor":19,"damage_taken":0},{"event_name":"Beggar","player_choice":"Gave Gold","floor":21,"damage_taken":0}],"boss_relics":[{"not_picked":["Astrolabe","White Beast Statue"],"picked":"Sozu"}],"items_purged_floors":[],"potions_floor_spawned":[2,12,14,18,22,24,28],"seed_played":"-8623042705149605899","killed_by":"Book of Stabbing","ascension_level":9,"potions_obtained":[{"floor":2,"key":"PowerPotion"},{"floor":12,"key":"LiquidBronze"},{"floor":14,"key":"GhostInAJar"}],"is_trial":false}