{"path_per_floor":["M","M","?","M","?","R","M","M","T","E","?","?","R","M","R","B",null,"M","M","?"],"character_chosen":"IRONCLAD","items_purchased":[],"gold_per_floor":[15,33,33,47,47,47,59,74,124,150,150,115,115,131,131,234,234,247,267,267],"floor_reached":21,"campfire_rested":1,"playtime":895,"current_hp_per_floor":[75,78,78,79,79,79,61,57,57,38,38,58,58,47,71,9,80,27,25,25],"items_purged":[],"gold":267,"score":181,"play_id":"af52d31b-f5bd-47f2-bde5-af7dc5581d45","local_time":"20180314211524","is_prod":false,"is_daily":false,"is_ascension_mode":false,"campfire_upgraded":2,"timestamp":1521076524,"path_taken":["M","M","?","M","?","R","M","M","T","E","?","?","R","M","R","BOSS","M","?","?","M"],"build_version":"2018-03-09","purchased_purges":0,"victory":false,"master_deck":["Strike_R","Strike_R","Strike_R","Defend_R","Defend_R","Defend_R","Defend_R","Bash","Juggernaut","Thunderclap+1","Heavy Blade","Metallicize+1","Headbutt","Shockwave","Whirlwind","Corruption","Feed","Normality","Normality","Pain","Twin Strike+1","Sword Boomerang+1","Metallicize+1"],"max_hp_per_floor":[80,80,80,80,80,80,80,80,80,80,80,80,80,80,80,80,80,80,80,80],"relics":["Burning Blood","Calipers","Dream Catcher","Lantern","Calling Bell","Smiling Mask","Ancient Tea Set","Magic Flower"],"card_choices":[{"not_picked":["Anger","Pommel Strike"],"picked":"Juggernaut"},{"not_picked":["True Grit","Dual Wield"],"picked":"Thunderclap"},{"not_picked":["Thunderclap","Carnage"],"picked":"Heavy Blade"},{"not_picked":["Entrench","Heavy Blade"],"picked":"Metallicize"},{"not_picked":["Pommel Strike","Fire Breathing"],"picked":"Headbutt"},{"not_picked":["Burning Pact","Clothesline"],"picked":"Whirlwind"},{"not_picked":["Infernal Blade","Anger"],"picked":"Corruption"},{"not_picked":["Bludgeon","Demon Form"],"picked":"Feed"},{"not_picked":["Heavy Blade","Warcry"],"picked":"Twin Strike"},{"not_picked":["True Grit","Blood for Blood"],"picked":"Sword Boomerang"}],"player_experience":558260,"potions_floor_usage":[16,18],"damage_taken":[{"damage":11,"enemies":"Jaw Worm","floor":1,"turns":5},{"damage":3,"enemies":"Cultist","floor":2,"turns":5},{"damage":5,"enemies":"Small Slimes","floor":4,"turns":3},{"damage":24,"enemies":"Exordium Thugs","floor":7,"turns":6},{"damage":10,"enemies":"Looter","floor":8,"turns":3},{"damage":25,"enemies":"Gremlin Nob","floor":10,"turns":5},{"damage":17,"enemies":"Lots of Slimes","floor":14,"turns":4},{"damage":82,"enemies":"The Guardian","floor":16,"turns":15},{"damage":62,"enemies":"Spheric Guardian","floor":18,"turns":8},{"damage":11,"enemies":"3 Byrds","floor":19,"turns":5},{"damage":25,"enemies":"3 Cultists","floor":21,"turns":3}],"event_choices":[{"event_name":"The Lab","player_choice":"Got Potions","floor":3,"damage_taken":0},{"event_name":"Living Wall","player_choice":"Forget","floor":5,"damage_taken":0},{"event_name":"Transmorgrifier","player_choice":"Transform","floor":11,"damage_taken":0},{"event_name":"The Cleric","player_choice":"Healed","floor":12,"damage_taken":0},{"event_name":"Duplicator","player_choice":"One dupe","floor":20,"damage_taken":0}],"boss_relics":[{"not_picked":["Lizard Tail","Runic Dome"],"picked":"Calling Bell"}],"potions_floor_spawned":[2,7,8,14],"seed_played":"-404131273661671285","killed_by":"3 Cultists","ascension_level":0,"is_trial":false}