{"gold_per_floor":[115,115,40,40,115,115,132,132,132,132,146,165,197,45,45,149,149,169,183,183,283,294,294,325,336,336,336,336,336,158,158,158,263,263,273,373,392,27,27,52,52,68,68,41,41,41,41,41,41,41,41,41,5,32,32],"floor_reached":55,"playtime":3069,"items_purged":["Normality","Doubt"],"score":764,"play_id":"6890e4b8-ca61-404b-a788-ab92b1776831","local_time":"20181231135048","is_ascension_mode":false,"campfire_choices":[{"data":"1","floor":6,"key":"LIFT"},{"data":"2","floor":8,"key":"LIFT"},{"data":"3","floor":10,"key":"LIFT"},{"data":"Heavy Blade","floor":15,"key":"SMITH"},{"data":"Limit Break","floor":23,"key":"SMITH"},{"data":"Battle Trance","floor":29,"key":"SMITH"},{"data":"Armaments","floor":32,"key":"SMITH"},{"data":"Whirlwind","floor":41,"key":"SMITH"},{"data":"Heavy Blade","floor":45,"key":"SMITH"},{"floor":49,"key":"RECALL"},{"data":"Inflame","floor":52,"key":"SMITH"}],"neow_cost":"CURSE","seed_source_timestamp":80416831344958,"circlet_count":0,"master_deck":["Strike_R+1","Strike_R+1","Strike_R+1","Strike_R+1","Defend_R+1","Defend_R+1","Defend_R+1","Defend_R+1","Bash","Anger","Battle Trance+1","Clothesline","Heavy Blade+1","Inflame+1","Whirlwind+1","Ghostly Armor","Limit Break+1","Iron Wave+1","Flame Barrier+1","Heavy Blade+1","Metallicize+1","Evolve","Power Through","Armaments+1","Offering","True Grit+1","Shrug It Off","Shockwave","Battle Trance","Sentinel+1","Headbutt","Parasite","Shrug It Off","Madness","Madness","Metallicize"],"relics":["Burning Blood","Girya","Art of War","Question Card","Cursed Key","Nilry\u0027s Codex","Pocketwatch","Kunai","Eternal Feather","Calipers","Lantern","Anchor","Boot"],"potions_floor_usage":[24,25,36,39,40,42],"damage_taken":[{"damage":5,"enemies":"Small Slimes","floor":1,"turns":5},{"damage":2,"enemies":"2 Louse","floor":7,"turns":3},{"damage":0,"enemies":"Cultist","floor":11,"turns":2},{"damage":2,"enemies":"Exordium Wildlife","floor":12,"turns":3},{"damage":12,"enemies":"3 Sentries","floor":13,"turns":6},{"damage":34,"enemies":"The Guardian","floor":16,"turns":8},{"damage":0,"enemies":"Chosen","floor":18,"turns":3},{"damage":10,"enemies":"3 Byrds","floor":19,"turns":4},{"damage":0,"enemies":"Cultist and Chosen","floor":22,"turns":6},{"damage":0,"enemies":"Gremlin Leader","floor":24,"turns":4},{"damage":11,"enemies":"3 Cultists","floor":25,"turns":4},{"damage":15,"enemies":"Champ","floor":33,"turns":11},{"damage":6,"enemies":"3 Shapes","floor":35,"turns":4},{"damage":27,"enemies":"Mind Bloom Boss Battle","floor":36,"turns":5},{"damage":4,"enemies":"Orb Walker","floor":37,"turns":3},{"damage":8,"enemies":"Sphere and 2 Shapes","floor":39,"turns":3},{"damage":13,"enemies":"Reptomancer","floor":40,"turns":6},{"damage":21,"enemies":"Maw","floor":42,"turns":6},{"damage":64,"enemies":"Awakened One","floor":50,"turns":9},{"damage":47,"enemies":"Shield and Spear","floor":54,"turns":10},{"damage":57,"enemies":"The Heart","floor":55,"turns":5}],"seed_played":"-2975570273854096320","potions_obtained":[{"floor":1,"key":"Regen Potion"},{"floor":12,"key":"FairyPotion"},{"floor":13,"key":"Regen Potion"},{"floor":22,"key":"SmokeBomb"},{"floor":24,"key":"AttackPotion"},{"floor":33,"key":"PowerPotion"},{"floor":40,"key":"Swift Potion"},{"floor":42,"key":"SteroidPotion"}],"is_trial":false,"path_per_floor":["M","?","$","?","?","R","M","R","T","R","M","M","E","$","R","B",null,"M","M","?","?","M","R","E","M","T","?","?","R","$","?","R","B",null,"M","?","M","$","M","E","R","M","T","$","R","?","?","$","R","B",null,"R","$","E","B"],"character_chosen":"IRONCLAD","items_purchased":["Whirlwind","Ghostly Armor","Power Through","Shockwave","Battle Trance","Lantern","Regen Potion","Shrug It Off","Metallicize"],"campfire_rested":0,"item_purchase_floors":[14,14,30,38,38,38,38,44,53],"current_hp_per_floor":[80,80,80,73,65,65,69,69,69,69,75,79,73,73,73,45,80,80,76,60,60,66,66,80,75,75,60,60,60,60,60,60,51,85,85,64,66,66,64,72,85,70,70,70,85,74,74,74,85,27,85,85,85,44,0],"gold":32,"neow_bonus":"ONE_RARE_RELIC","is_prod":false,"is_daily":false,"chose_seed":false,"campfire_upgraded":7,"win_rate":0,"timestamp":1546282248,"path_taken":["M","?","$","?","?","R","M","R","T","R","M","M","E","$","R","BOSS","M","M","?","?","?","R","E","M","T","?","?","R","$","?","R","BOSS","M","?","M","$","M","E","R","M","T","$","R","?","?","?","R","BOSS","R","$","E","BOSS"],"build_version":"2018-12-25","purchased_purges":2,"victory":false,"max_hp_per_floor":[80,80,80,80,80,80,80,80,80,80,80,80,80,80,80,80,80,80,80,80,80,80,80,80,80,80,85,85,85,85,85,85,85,85,85,85,85,85,85,85,85,85,85,85,85,85,85,85,85,85,85,85,85,85,85],"card_choices":[{"not_picked":["Havoc","Perfected Strike"],"picked":"Anger","floor":1},{"not_picked":["Power Through","Searing Blow"],"picked":"Battle Trance","floor":7},{"not_picked":["Perfected Strike","Body Slam"],"picked":"Clothesline","floor":11},{"not_picked":["Twin Strike","Searing Blow"],"picked":"Heavy Blade","floor":12},{"not_picked":["Bludgeon","Fire Breathing"],"picked":"Inflame","floor":13},{"not_picked":["Immolate","Juggernaut","Fiend Fire"],"picked":"Limit Break","floor":16},{"not_picked":["Body Slam+1","Cleave","Carnage+1"],"picked":"Iron Wave+1","floor":18},{"not_picked":["Clash","Havoc","Warcry"],"picked":"Flame Barrier+1","floor":19},{"not_picked":["Pommel Strike","Warcry","Iron Wave"],"picked":"Heavy Blade","floor":22},{"not_picked":["Anger","Intimidate","Headbutt"],"picked":"Metallicize+1","floor":24},{"not_picked":["Flex","Cleave","Demon Form"],"picked":"Evolve","floor":25},{"not_picked":["Brutality","Limit Break","Berserk"],"picked":"Offering","floor":33},{"not_picked":["Clothesline+1","Twin Strike","Warcry"],"picked":"True Grit+1","floor":35},{"not_picked":["Clash","Sword Boomerang","Wild Strike"],"picked":"Shrug It Off","floor":37},{"not_picked":["Dual Wield+1","Ghostly Armor","Clothesline"],"picked":"Sentinel+1","floor":40},{"not_picked":["Flex","Armaments","Bloodletting"],"picked":"Headbutt","floor":42},{"not_picked":["Cleave+1","Reaper","Spot Weakness+1","Dual Wield"],"picked":"SKIP","floor":54}],"player_experience":1107104,"relics_obtained":[{"floor":9,"key":"Art of War"},{"floor":13,"key":"Question Card"},{"floor":20,"key":"Nilry\u0027s Codex"},{"floor":24,"key":"Pocketwatch"},{"floor":26,"key":"Kunai"},{"floor":36,"key":"Calipers"},{"floor":40,"key":"Anchor"},{"floor":54,"key":"Boot"}],"event_choices":[{"damage_healed":0,"gold_gain":0,"player_choice":"Leave","damage_taken":0,"max_hp_gain":0,"max_hp_loss":0,"event_name":"The Cleric","floor":2,"gold_loss":0},{"cards_removed":["Strike_R"],"damage_healed":0,"gold_gain":0,"player_choice":"Card Removal","damage_taken":7,"max_hp_gain":0,"max_hp_loss":0,"event_name":"Golden Wing","floor":4,"gold_loss":0},{"damage_healed":0,"gold_gain":75,"player_choice":"Touch","damage_taken":8,"max_hp_gain":0,"max_hp_loss":0,"event_name":"FaceTrader","floor":5,"gold_loss":0},{"damage_healed":0,"gold_gain":0,"player_choice":"Obtained Book","damage_taken":16,"max_hp_gain":0,"max_hp_loss":0,"event_name":"Cursed Tome","floor":20,"gold_loss":0},{"damage_healed":0,"gold_gain":100,"player_choice":"Pray","damage_taken":0,"max_hp_gain":0,"max_hp_loss":0,"event_name":"Golden Shrine","floor":21,"gold_loss":0},{"damage_healed":0,"gold_gain":0,"player_choice":"Shed Blood","damage_taken":20,"max_hp_gain":5,"max_hp_loss":0,"event_name":"Forgotten Altar","floor":27,"gold_loss":0},{"damage_healed":0,"gold_gain":0,"player_choice":"Simplicity","damage_taken":0,"max_hp_gain":0,"max_hp_loss":0,"event_name":"Back to Basics","floor":28,"gold_loss":0,"cards_upgraded":["Strike_R","Strike_R","Strike_R","Strike_R","Defend_R","Defend_R","Defend_R","Defend_R"]},{"damage_healed":0,"gold_gain":0,"player_choice":"Read","damage_taken":0,"max_hp_gain":0,"max_hp_loss":0,"event_name":"The Library","floor":31,"gold_loss":0,"cards_obtained":["Armaments"]},{"damage_healed":0,"gold_gain":0,"player_choice":"Fight","damage_taken":0,"max_hp_gain":0,"max_hp_loss":0,"event_name":"MindBloom","floor":36,"gold_loss":0},{"damage_healed":0,"gold_gain":0,"player_choice":"Embrace Madness","damage_taken":11,"max_hp_gain":0,"max_hp_loss":0,"event_name":"Winding Halls","floor":46,"gold_loss":0,"cards_obtained":["Madness","Madness"]},{"damage_healed":0,"gold_gain":0,"player_choice":"Ignored","damage_taken":0,"max_hp_gain":0,"max_hp_loss":0,"event_name":"Mysterious Sphere","floor":47,"gold_loss":0}],"is_beta":true,"boss_relics":[{"not_picked":["Ectoplasm","White Beast Statue"],"picked":"Cursed Key"},{"not_picked":["Coffee Dripper","Calling Bell"],"picked":"Eternal Feather"}],"items_purged_floors":[3,30],"is_endless":false,"potions_floor_spawned":[1,12,13,22,24,33,39,40,42],"killed_by":"The Heart","ascension_level":0}