{"gold_per_floor":[119,129,147,147,173,185,212,224,236,248,225,269,294,159,159,256,256,267,267,279,5,25,25,25],"floor_reached":24,"playtime":889,"items_purged":[],"score":310,"play_id":"44b140b7-97ac-473a-a54c-9bd1268c1e34","local_time":"20180802193558","is_ascension_mode":true,"campfire_choices":[{"data":"Beam Cell","floor":6,"key":"SMITH"},{"data":"Zap","floor":8,"key":"SMITH"},{"data":"Rip and Tear","floor":10,"key":"SMITH"},{"floor":15,"key":"REST"},{"floor":23,"key":"REST"}],"neow_cost":"NONE","seed_source_timestamp":1065564901220737,"circlet_count":0,"master_deck":["Zap+1","Dualcast","Rip and Tear+1","Beam Cell+1","Gash","Barrage","Go for the Eyes","Core Surge","Coolheaded","Capacitor","Reinforced Body","Buffer","Leap","Steam","Redo","Streamline","Consume","Gash","Chaos","Rebound","Self Repair","Leap","Bandage Up","Loop","Double Energy","Doom and Gloom","Reinforced Body"],"relics":["Cracked Core","MawBank","Mummified Hand","Cables","Pandora\u0027s Box"],"potions_floor_usage":[5,13,16,24,24],"damage_taken":[{"damage":1,"enemies":"2 Louse","floor":1,"turns":2},{"damage":2,"enemies":"Jaw Worm","floor":2,"turns":3},{"damage":0,"enemies":"Small Slimes","floor":3,"turns":2},{"damage":4,"enemies":"3 Louse","floor":5,"turns":3},{"damage":28,"enemies":"Lots of Slimes","floor":7,"turns":4},{"damage":27,"enemies":"3 Sentries","floor":12,"turns":6},{"damage":16,"enemies":"Exordium Thugs","floor":13,"turns":3},{"damage":0,"enemies":"Slime Boss","floor":16,"turns":6},{"damage":18,"enemies":"Spheric Guardian","floor":18,"turns":4},{"damage":12,"enemies":"Chosen","floor":20,"turns":4},{"damage":22,"enemies":"Snake Plant","floor":22,"turns":4},{"damage":45,"enemies":"Sentry and Sphere","floor":24,"turns":7}],"seed_played":"-7221915441462819473","potions_obtained":[{"floor":1,"key":"Dexterity Potion"},{"floor":5,"key":"SteroidPotion"},{"floor":13,"key":"FocusPotion"},{"floor":22,"key":"EssenceOfSteel"}],"is_trial":false,"path_per_floor":["M","M","M","?","M","R","M","R","T","R","?","E","M","$","R","B",null,"M","?","M","$","M","R"],"character_chosen":"DEFECT","items_purchased":["Capacitor","Reinforced Body","Bandage Up","Loop","Double Energy","Doom and Gloom"],"campfire_rested":2,"item_purchase_floors":[14,14,21,21,21,21],"current_hp_per_floor":[74,72,72,65,61,61,33,33,33,33,51,24,8,8,30,30,64,46,46,34,34,12,34,0],"gold":25,"neow_bonus":"THREE_SMALL_POTIONS","is_prod":false,"is_daily":false,"chose_seed":false,"campfire_upgraded":3,"win_rate":0,"timestamp":1533252958,"path_taken":["M","M","M","?","M","R","M","R","T","R","?","E","?","$","R","BOSS","M","?","M","$","?","R","M"],"build_version":"2018-08-01","purchased_purges":0,"victory":false,"max_hp_per_floor":[75,75,75,75,75,75,75,75,75,75,75,75,75,75,75,75,75,75,75,75,75,75,75,75],"card_choices":[{"not_picked":["Aggregate","Skim"],"picked":"Rip and Tear","floor":1},{"not_picked":["Hello World","Steam"],"picked":"Beam Cell","floor":2},{"not_picked":["Rebound","Force Field"],"picked":"Gash","floor":3},{"not_picked":["Steam Power","Heatsinks"],"picked":"Barrage","floor":5},{"not_picked":["Streamline","Rebound"],"picked":"Go for the Eyes","floor":7},{"not_picked":["Hologram","Recycle"],"picked":"Core Surge","floor":12},{"not_picked":["Stack","Hello World"],"picked":"Coolheaded","floor":13},{"not_picked":["All For One","Hyperbeam"],"picked":"Buffer","floor":16},{"not_picked":["Heatsinks","Sweeping Beam"],"picked":"Self Repair","floor":18},{"not_picked":["Redo+1","Streamline+1"],"picked":"Leap","floor":20},{"not_picked":["Scrape","Aggregate"],"picked":"Reinforced Body","floor":22}],"player_experience":697722,"relics_obtained":[{"floor":9,"key":"Mummified Hand"},{"floor":12,"key":"Cables"}],"event_choices":[{"event_name":"Scrap Ooze","player_choice":"success","floor":4,"damage_taken":7},{"event_name":"The Cleric","player_choice":"Healed","floor":11,"damage_taken":0},{"event_name":"N\u0027loth","player_choice":"Ignored","floor":19,"damage_taken":0}],"is_beta":true,"boss_relics":[{"not_picked":["Nuclear Battery","Busted Crown"],"picked":"Pandora\u0027s Box"}],"items_purged_floors":[],"is_endless":false,"potions_floor_spawned":[1,3,5,13,22],"killed_by":"Sentry and Sphere","ascension_level":5}