{"gold_per_floor":[114,114,130,130,142,142,156,169,169,20,20,35,35,49,49,128,128,138,63,63,63,15,15,46,63,63,63],"floor_reached":27,"playtime":930,"items_purged":["Strike_B"],"score":450,"play_id":"3ed6b8a9-9c47-4a59-bcd4-165e8de102c0","local_time":"20190101103607","is_ascension_mode":true,"campfire_choices":[{"data":"Zap","floor":6,"key":"SMITH"},{"floor":11,"key":"REST"},{"data":"Sunder","floor":15,"key":"SMITH"},{"data":"Electrodynamics","floor":23,"key":"SMITH"}],"neow_cost":"NONE","seed_source_timestamp":51930912393052,"circlet_count":0,"master_deck":["AscendersBane","Strike_B","Strike_B","Defend_B","Defend_B","Defend_B","Zap+1","Dualcast","Sweeping Beam","Gash","Cold Snap","Undo","Tempest","Sunder+1","Skim","Genetic Algorithm","Electrodynamics+1","Auto Shields+1"],"relics":["Cracked Core","Nunchaku","Nuclear Battery","Darkstone Periapt","Singing Bowl"],"potions_floor_usage":[8,16,24,27,27],"damage_taken":[{"damage":2,"enemies":"Jaw Worm","floor":1,"turns":3},{"damage":7,"enemies":"Small Slimes","floor":3,"turns":3},{"damage":0,"enemies":"Cultist","floor":5,"turns":3},{"damage":7,"enemies":"2 Fungi Beasts","floor":7,"turns":3},{"damage":6,"enemies":"Large Slime","floor":8,"turns":6},{"damage":7,"enemies":"Looter","floor":12,"turns":3},{"damage":8,"enemies":"Blue Slaver","floor":14,"turns":4},{"damage":0,"enemies":"Slime Boss","floor":16,"turns":7},{"damage":22,"enemies":"2 Thieves","floor":18,"turns":2},{"damage":43,"enemies":"Book of Stabbing","floor":24,"turns":5},{"damage":2,"enemies":"Chosen","floor":25,"turns":3},{"damage":14,"enemies":"Slavers","floor":27,"turns":1}],"seed_played":"-1002240716075876277","potions_obtained":[{"floor":0,"key":"AttackPotion"},{"floor":0,"key":"FocusPotion"},{"floor":12,"key":"SteroidPotion"},{"floor":24,"key":"SkillPotion"}],"is_trial":false,"path_per_floor":["M","?","M","?","M","R","M","M","T","$","R","M","?","M","R","B",null,"M","?","?","?","$","R","E","M","T","E"],"character_chosen":"DEFECT","items_purchased":["Sunder","PowerPotion"],"campfire_rested":1,"item_purchase_floors":[10,22],"current_hp_per_floor":[66,59,52,52,52,52,45,39,39,39,61,54,54,46,46,46,68,46,46,46,46,46,46,3,1,1,0],"gold":63,"neow_bonus":"THREE_SMALL_POTIONS","is_prod":false,"is_daily":false,"chose_seed":false,"campfire_upgraded":3,"win_rate":0,"timestamp":1546356967,"path_taken":["M","?","M","?","M","R","?","M","T","$","R","?","?","M","R","BOSS","M","?","?","?","?","R","E","?","T","E"],"build_version":"2018-12-25","purchased_purges":1,"victory":false,"max_hp_per_floor":[75,75,75,75,75,75,75,75,75,75,75,75,75,75,75,75,75,75,75,75,75,75,75,75,75,75,75],"card_choices":[{"not_picked":["Turbo","Leap"],"picked":"Sweeping Beam","floor":1},{"not_picked":["Storm","Turbo"],"picked":"Gash","floor":3},{"not_picked":["Barrage","Doom and Gloom"],"picked":"Cold Snap","floor":5},{"not_picked":["Compile Driver","Streamline"],"picked":"Undo","floor":7},{"not_picked":["Steam","Undo"],"picked":"Tempest","floor":8},{"not_picked":["Lockon","Redo"],"picked":"Skim","floor":12},{"not_picked":["Aggregate","Blizzard"],"picked":"Genetic Algorithm","floor":14},{"not_picked":["All For One","Meteor Strike"],"picked":"Electrodynamics","floor":16},{"not_picked":["Darkness","Melter+1","Rebound"],"picked":"SKIP","floor":18},{"not_picked":["Recycle","Streamline","Barrage"],"picked":"SKIP","floor":24},{"not_picked":["Steam+1","Cold Snap"],"picked":"Auto Shields+1","floor":25}],"player_experience":1125166,"relics_obtained":[{"floor":9,"key":"Nunchaku"},{"floor":24,"key":"Darkstone Periapt"},{"floor":26,"key":"Singing Bowl"}],"event_choices":[{"cards_removed":["Strike_B"],"damage_healed":0,"gold_gain":0,"player_choice":"Card Removal","damage_taken":7,"max_hp_gain":0,"max_hp_loss":0,"event_name":"Golden Wing","floor":2,"gold_loss":0},{"damage_healed":0,"gold_gain":0,"player_choice":"Ignored","damage_taken":0,"max_hp_gain":0,"max_hp_loss":0,"event_name":"Shining Light","floor":4,"gold_loss":0},{"damage_healed":0,"gold_gain":0,"player_choice":"Ignored","damage_taken":0,"max_hp_gain":0,"max_hp_loss":0,"event_name":"Liars Game","floor":13,"gold_loss":0},{"cards_removed":["Defend_B"],"damage_healed":0,"gold_gain":0,"player_choice":"Gave Gold","damage_taken":0,"max_hp_gain":0,"max_hp_loss":0,"event_name":"Beggar","floor":19,"gold_loss":75},{"damage_healed":0,"gold_gain":0,"player_choice":"Ignored","damage_taken":0,"max_hp_gain":0,"max_hp_loss":0,"event_name":"Vampires","floor":20,"gold_loss":0}],"is_beta":true,"boss_relics":[{"not_picked":["FrozenCore","Ectoplasm"],"picked":"Nuclear Battery"}],"items_purged_floors":[10],"is_endless":false,"potions_floor_spawned":[5,7,12,24,25],"killed_by":"Slavers","ascension_level":13}