{"gold_per_floor":[115,115,190,190,209,238,238,270,293,312,24,24,35,46,46,119,119,119,119,69,0,0,0],"floor_reached":23,"playtime":1053,"items_purged":["Strike_R","Strike_R"],"score":402,"play_id":"d9a26bdb-57d6-4b04-8389-85a5f75c1f65","local_time":"20190216080545","is_ascension_mode":true,"campfire_choices":[{"data":"Bash","floor":7.0,"key":"SMITH"},{"data":"Shrug It Off","floor":12.0,"key":"SMITH"},{"data":"Uppercut","floor":15.0,"key":"SMITH"}],"neow_cost":"TEN_PERCENT_HP_LOSS","seed_source_timestamp":0,"circlet_count":0,"master_deck":["AscendersBane","Strike_R","Strike_R","Defend_R","Defend_R","Defend_R","Defend_R","Bash+1","Immolate+1","Sentinel","Twin Strike","Shrug It Off+1","Pummel","Evolve","Battle Trance","Uppercut+1","Immolate","True Grit+1"],"special_seed":0,"relics":["Burning Blood","Potion Belt","Vajra","Smiling Mask","Red Skull","Ectoplasm"],"potions_floor_usage":[],"damage_taken":[{"damage":14.0,"enemies":"Jaw Worm","floor":1.0,"turns":4.0},{"damage":5.0,"enemies":"2 Louse","floor":5.0,"turns":3.0},{"damage":12.0,"enemies":"3 Sentries","floor":6.0,"turns":4.0},{"damage":31.0,"enemies":"Gremlin Nob","floor":8.0,"turns":4.0},{"damage":0.0,"enemies":"Cultist","floor":10.0,"turns":2.0},{"damage":15.0,"enemies":"Exordium Wildlife","floor":13.0,"turns":3.0},{"damage":3.0,"enemies":"Blue Slaver","floor":14.0,"turns":2.0},{"damage":5.0,"enemies":"The Guardian","floor":16.0,"turns":13.0},{"damage":18.0,"enemies":"3 Byrds","floor":18.0,"turns":4.0},{"damage":19.0,"enemies":"2 Thieves","floor":21.0,"turns":5.0},{"damage":7.0,"enemies":"3 Cultists","floor":22.0,"turns":3.0}],"seed_played":"-7585191652153547355","potions_obtained":[{"floor":6.0,"key":"Dexterity Potion"},{"floor":8.0,"key":"SpeedPotion"},{"floor":10.0,"key":"Ancient Potion"},{"floor":18.0,"key":"Regen Potion"}],"is_trial":false,"path_per_floor":["M","?","?","?","M","E","R","E","T","M","$","R","M","M","R","B",null,"M","?","$","M","M","R"],"character_chosen":"IRONCLAD","items_purchased":["Battle Trance","Red Skull"],"campfire_rested":0,"item_purchase_floors":[11,11],"current_hp_per_floor":[60,60,49,49,50,44,44,19,19,25,25,25,16,19,19,20,56,44,44,44,45,44,44],"gold":0,"neow_bonus":"THREE_RARE_CARDS","is_prod":false,"is_daily":false,"chose_seed":false,"campfire_upgraded":3,"win_rate":0,"timestamp":1550333145,"path_taken":["M","?","?","?","M","E","R","E","T","M","$","R","?","M","R","BOSS","M","?","$","M","M","R"],"build_version":"2019-02-06","purchased_purges":2,"victory":false,"max_hp_per_floor":[68,68,68,68,68,68,68,68,68,68,68,68,68,68,68,68,68,68,68,68,68,68,68],"card_choices":[{"not_picked":["Exhume","Bludgeon"],"picked":"Immolate","floor":0.0},{"not_picked":["Body Slam","Blood for Blood","Fire Breathing"],"picked":"SKIP","floor":1.0},{"not_picked":["Rupture","Pummel"],"picked":"Twin Strike","floor":5.0},{"not_picked":["Ghostly Armor","Second Wind"],"picked":"Shrug It Off","floor":6.0},{"not_picked":["Perfected Strike","Warcry"],"picked":"Pummel","floor":8.0},{"not_picked":["Flex","Infernal Blade"],"picked":"Evolve","floor":10.0},{"not_picked":["Iron Wave","Flex","Twin Strike"],"picked":"SKIP","floor":13.0},{"not_picked":["Sever Soul","Second Wind"],"picked":"Uppercut","floor":14.0},{"not_picked":["Dark Embrace","Barricade"],"picked":"Immolate","floor":16.0},{"not_picked":["Warcry","Headbutt","Clash"],"picked":"SKIP","floor":18.0},{"not_picked":["Perfected Strike+1","Iron Wave"],"picked":"True Grit+1","floor":21.0},{"not_picked":["Reckless Charge","Headbutt","Brutality"],"picked":"SKIP","floor":22.0}],"player_experience":1322536,"relics_obtained":[{"floor":6.0,"key":"Potion Belt"},{"floor":8.0,"key":"Vajra"},{"floor":9.0,"key":"Smiling Mask"}],"event_choices":[{"damage_healed":0.0,"max_hp_gain":0.0,"max_hp_loss":0.0,"gold_gain":0.0,"event_name":"Living Wall","player_choice":"Grow","floor":2.0,"gold_loss":0.0,"damage_taken":0.0,"cards_upgraded":["Immolate"]},{"damage_healed":0.0,"max_hp_gain":0.0,"max_hp_loss":0.0,"gold_gain":75.0,"event_name":"World of Goop","player_choice":"Gather Gold","floor":3.0,"gold_loss":0.0,"damage_taken":11.0},{"damage_healed":0.0,"max_hp_gain":0.0,"max_hp_loss":0.0,"gold_gain":0.0,"cards_transformed":["Strike_R"],"event_name":"Transmorgrifier","player_choice":"Transformed","floor":4.0,"gold_loss":0.0,"damage_taken":0.0,"cards_obtained":["Sentinel"]},{"damage_healed":0.0,"max_hp_gain":0.0,"max_hp_loss":0.0,"gold_gain":0.0,"event_name":"Vampires","player_choice":"Ignored","floor":19.0,"gold_loss":0.0,"damage_taken":0.0}],"is_beta":true,"boss_relics":[{"not_picked":["Runic Pyramid","Mark of Pain"],"picked":"Ectoplasm"}],"items_purged_floors":[11,20],"is_endless":false,"potions_floor_spawned":[6,8,10,18],"ascension_level":20}