{"path_per_floor":["M","$","M","?","M","R","E","?","T","R","?","$","M","M","R","B",null,"M","?","?","?","M","R","?","R","T","?","M","R","E","$","R","B",null,"M","?","?","M"],"character_chosen":"IRONCLAD","items_purchased":["Bag of Preparation","Flex","Double Tap","Cleave","Shrug It Off"],"gold_per_floor":[214,13,27,27,43,43,78,78,78,78,135,7,23,37,37,139,139,155,155,115,15,31,31,31,31,54,54,71,71,105,60,60,158,158,170,170,170,186,186],"floor_reached":39,"campfire_rested":4,"playtime":1165,"current_hp_per_floor":[71,71,76,76,80,80,44,49,49,49,49,49,32,31,56,45,75,56,56,56,56,42,42,42,67,67,67,54,79,24,24,49,36,73,61,50,50,20,0],"items_purged":[],"gold":186,"score":525,"play_id":"e6381898-1199-498f-abaf-fb145c01a82d","local_time":"20180325153818","is_prod":false,"is_daily":false,"is_ascension_mode":true,"campfire_upgraded":3,"timestamp":1522006698,"path_taken":["M","$","M","?","M","R","E","?","T","R","?","?","M","M","R","BOSS","M","?","?","?","M","R","?","R","T","?","?","R","E","$","R","BOSS","M","?","?","M","?"],"build_version":"2018-03-22v2","purchased_purges":0,"victory":false,"master_deck":["Strike_R","Strike_R","Strike_R","Strike_R","Defend_R","Defend_R","Defend_R","Defend_R","Bash+1","Flex","Flex","Limit Break+1","Flex","Sword Boomerang","Double Tap+1","Cleave","Armaments","Warcry","Limit Break+1","Spot Weakness","Writhe","J.A.X.","Headbutt","Injury","Anger","Headbutt","Pommel Strike+1","Shrug It Off","Warcry+1","Feed","Heavy Blade","Madness","Madness"],"max_hp_per_floor":[80,80,80,80,80,80,80,85,85,85,85,85,85,85,85,85,85,85,85,85,85,85,85,85,85,85,85,85,85,85,85,85,85,85,88,88,88,88,88],"relics":["Burning Blood","Bag of Preparation","Ice Cream","Champion Belt","Runic Dome","Vajra","Dream Catcher","Omamori","Eternal Feather"],"card_choices":[{"not_picked":["Havoc","Body Slam"],"picked":"Flex","floor":1},{"not_picked":["Clash","Shrug It Off"],"picked":"Limit Break","floor":3},{"not_picked":["Twin Strike","Wild Strike"],"picked":"Flex","floor":5},{"not_picked":["Armaments","Metallicize"],"picked":"Sword Boomerang","floor":7},{"not_picked":["True Grit","Perfected Strike"],"picked":"Armaments","floor":13},{"not_picked":["Twin Strike","Sentinel"],"picked":"Warcry","floor":14},{"not_picked":["Double Tap","Barricade"],"picked":"Limit Break","floor":16},{"not_picked":["Searing Blow","Entrench"],"picked":"Spot Weakness","floor":18},{"not_picked":["Flex","Searing Blow"],"picked":"Headbutt","floor":22},{"not_picked":["Rupture","Sever Soul"],"picked":"Anger","floor":28},{"not_picked":["Metallicize","Hemokinesis"],"picked":"Headbutt","floor":29},{"not_picked":["Body Slam","Demon Form"],"picked":"Pommel Strike","floor":30},{"not_picked":["Cleave","Rupture"],"picked":"Warcry","floor":32},{"not_picked":["Double Tap","Juggernaut"],"picked":"Feed","floor":33},{"not_picked":["Headbutt","Armaments"],"picked":"Heavy Blade","floor":35}],"player_experience":689610,"potions_floor_usage":[14,16,28,30,33,33,39],"damage_taken":[{"damage":15,"enemies":"Cultist","floor":1,"turns":5},{"damage":1,"enemies":"2 Louse","floor":3,"turns":2},{"damage":0,"enemies":"Small Slimes","floor":5,"turns":3},{"damage":42,"enemies":"Lagavulin","floor":7,"turns":8},{"damage":23,"enemies":"Exordium Wildlife","floor":13,"turns":3},{"damage":7,"enemies":"3 Louse","floor":14,"turns":2},{"damage":17,"enemies":"Slime Boss","floor":16,"turns":7},{"damage":25,"enemies":"Spheric Guardian","floor":18,"turns":4},{"damage":20,"enemies":"2 Thieves","floor":22,"turns":3},{"damage":19,"enemies":"Chosen and Byrds","floor":28,"turns":4},{"damage":61,"enemies":"Book of Stabbing","floor":30,"turns":5},{"damage":19,"enemies":"Champ","floor":33,"turns":7},{"damage":21,"enemies":"3 Shapes","floor":35,"turns":3},{"damage":36,"enemies":"3 Darklings","floor":38,"turns":4},{"damage":27,"enemies":"4 Shapes","floor":39,"turns":3}],"event_choices":[{"event_name":"Liars Game","player_choice":"disagreed","floor":4,"damage_taken":0},{"event_name":"Big Fish","player_choice":"Donut","floor":8,"damage_taken":0},{"event_name":"Golden Wing","player_choice":"Gained Gold","floor":11,"damage_taken":0},{"event_name":"The Mausoleum","player_choice":"Yes","floor":19,"damage_taken":0},{"event_name":"The Woman in Blue","player_choice":"Bought 3 Potions","floor":20,"damage_taken":0},{"event_name":"Drug Dealer","player_choice":"Got JAXXED","floor":21,"damage_taken":0},{"event_name":"Accursed Blacksmith","player_choice":"Forge","floor":24,"damage_taken":0},{"event_name":"Beggar","player_choice":"Ignored","floor":27,"damage_taken":0},{"event_name":"Winding Halls","player_choice":"Embrace Madness","floor":36,"damage_taken":0},{"event_name":"Bonfire Elementals","player_choice":"BASIC","floor":37,"damage_taken":0}],"boss_relics":[{"not_picked":["Ectoplasm","Snecko Eye"],"picked":"Runic Dome"},{"not_picked":["Question Card","Sozu"],"picked":"Eternal Feather"}],"potions_floor_spawned":[7,14,28,35],"seed_played":"7152196942524346981","killed_by":"4 Shapes","ascension_level":5,"is_trial":false}