{"path_per_floor":["M","M","$","?","?","E","R","?","T","R","?","M","$","?","R","B",null,"M","M","?","?","M","R","E","M","T","R","M","M","?","?","R","B",null,"M","?","?","M","?","R"],"character_chosen":"IRONCLAD","items_purchased":["True Grit","Pommel Strike","Singing Bowl"],"gold_per_floor":[214,227,125,125,125,157,157,157,157,157,157,169,13,13,13,115,115,134,151,74,74,88,88,121,138,165,165,181,199,199,199,199,304,334,353,353,353,372,372,372,372],"floor_reached":41,"campfire_rested":3,"playtime":1987,"current_hp_per_floor":[74,69,69,62,62,37,61,45,45,69,69,75,75,75,75,12,80,78,74,74,58,58,58,42,40,47,65,67,67,67,67,67,17,74,70,61,61,70,70,70,0],"items_purged":[],"gold":372,"score":432,"play_id":"4bb319d8-7683-4265-ac45-184e975e97d0","local_time":"20180421012812","is_prod":false,"is_daily":false,"chose_seed":false,"is_ascension_mode":false,"campfire_upgraded":4,"timestamp":1524288492,"path_taken":["M","M","$","?","?","E","R","?","T","R","?","M","$","?","R","BOSS","M","M","?","?","?","R","E","M","T","R","M","M","?","?","R","BOSS","M","?","?","M","?","R","E"],"build_version":"2018-04-19","seed_source_timestamp":750397911447414,"purchased_purges":0,"victory":false,"master_deck":["Defend_R","Defend_R","Defend_R","Bash+1","Twin Strike","Thunderclap","True Grit+1","Pommel Strike+1","Armaments+1","Clothesline+1","Dark Embrace","J.A.X.","Bite+1","Bite","Bite","Bite","Bite","Uppercut","Demon Form","Sentinel","Flame Barrier","Offering","Entrench","Madness+1","Madness","Metallicize","Shrug It Off","Bash","Flash of Steel"],"max_hp_per_floor":[80,80,80,80,80,80,80,80,80,80,80,80,80,80,80,80,80,82,84,84,58,58,58,58,58,65,65,67,67,67,67,67,67,74,74,74,74,74,74,74,74],"relics":["Burning Blood","Pantograph","Gremlin Horn","Singing Bowl","Velvet Choker","Gambling Chip","Strawberry","Dream Catcher","Tiny House"],"card_choices":[{"not_picked":["Heavy Blade","Blood for Blood"],"picked":"Twin Strike","floor":1},{"not_picked":["Reckless Charge","Infernal Blade"],"picked":"Thunderclap","floor":2},{"not_picked":["Burning Pact","Dropkick"],"picked":"Armaments","floor":6},{"not_picked":["Blood for Blood","Bloodletting"],"picked":"Clothesline","floor":12},{"not_picked":["Double Tap","Brutality"],"picked":"Dark Embrace","floor":16},{"not_picked":["Blood for Blood","Pommel Strike"],"picked":"Uppercut","floor":22},{"not_picked":["Fire Breathing","Clothesline"],"picked":"Demon Form","floor":24},{"not_picked":["Flex","Hemokinesis"],"picked":"Sentinel","floor":25},{"not_picked":["Pummel","Rage"],"picked":"Flame Barrier","floor":29},{"not_picked":["Limit Break","Juggernaut"],"picked":"Offering","floor":33},{"not_picked":["Clash","Twin Strike"],"picked":"Entrench","floor":35},{"not_picked":["Clash","Thunderclap"],"picked":"Metallicize","floor":38}],"player_experience":260972,"potions_floor_usage":[18,22,33],"damage_taken":[{"damage":12,"enemies":"2 Louse","floor":1,"turns":3},{"damage":11,"enemies":"Small Slimes","floor":2,"turns":3},{"damage":31,"enemies":"Lagavulin","floor":6,"turns":7},{"damage":0,"enemies":"Cultist","floor":12,"turns":2},{"damage":74,"enemies":"Slime Boss","floor":16,"turns":15},{"damage":10,"enemies":"Spheric Guardian","floor":18,"turns":3},{"damage":12,"enemies":"2 Thieves","floor":19,"turns":4},{"damage":13,"enemies":"Chosen and Byrds","floor":22,"turns":5},{"damage":35,"enemies":"Book of Stabbing","floor":24,"turns":6},{"damage":15,"enemies":"Snake Plant","floor":25,"turns":4},{"damage":16,"enemies":"Snecko","floor":28,"turns":4},{"damage":12,"enemies":"3 Cultists","floor":29,"turns":4},{"damage":81,"enemies":"Automaton","floor":33,"turns":9},{"damage":17,"enemies":"Orb Walker","floor":35,"turns":4},{"damage":10,"enemies":"3 Shapes","floor":38,"turns":7},{"damage":102,"enemies":"Giant Head","floor":41,"turns":9}],"event_choices":[{"event_name":"Golden Wing","player_choice":"Card Removal","floor":4,"damage_taken":0},{"event_name":"Bonfire Elementals","player_choice":"BASIC","floor":5,"damage_taken":0},{"event_name":"Shining Light","player_choice":"Entered Light","floor":8,"damage_taken":0},{"event_name":"Living Wall","player_choice":"Forget","floor":11,"damage_taken":0},{"event_name":"Scrap Ooze","player_choice":"unsuccessful","floor":14,"damage_taken":0},{"event_name":"Drug Dealer","player_choice":"Got JAXXED","floor":20,"damage_taken":0},{"event_name":"Vampires","player_choice":"Became a vampire","floor":21,"damage_taken":0},{"event_name":"The Mausoleum","player_choice":"Yes","floor":30,"damage_taken":0},{"event_name":"Ghosts","player_choice":"Ignored","floor":31,"damage_taken":0},{"event_name":"Winding Halls","player_choice":"Embrace Madness","floor":36,"damage_taken":0},{"event_name":"Tomb of Lord Red Mask","player_choice":"Ignored","floor":37,"damage_taken":0},{"event_name":"Match and Keep!","player_choice":"3 cards matched","floor":39,"damage_taken":0}],"boss_relics":[{"not_picked":["Black Blood","Runic Dome"],"picked":"Velvet Choker"},{"not_picked":["White Beast Statue","Snecko Eye"],"picked":"Tiny House"}],"potions_floor_spawned":[16,18,19,28,29],"seed_played":"4604654740556803665","killed_by":"Giant Head","ascension_level":0,"is_trial":false}