{"path_per_floor":["M","M","?","M","M","E","M","R","T","?","R","E","M","$","R","B",null,"M","M","M","?","M","R","$","E","T","R","M","$","E","?","R","B",null,"M","$","?","M","M","R","?","?","T","M","?","M","M","M","R"],"character_chosen":"THE_SILENT","items_purchased":["Noxious Fumes","Pen Nib","Regal Pillow","Burst","Explosive Potion","Bandage Up","Happy Flower"],"gold_per_floor":[109,122,122,142,162,196,215,215,240,340,340,374,392,197,197,300,300,312,326,340,340,352,352,10,42,111,111,131,30,57,57,57,154,154,170,24,24,34,48,48,48,48,71,82,82,95,112,126,126,126],"floor_reached":50,"campfire_rested":7,"playtime":2513,"current_hp_per_floor":[70,70,63,63,53,13,13,34,34,34,55,54,46,46,67,52,70,41,21,15,15,4,25,25,16,16,52,44,44,27,51,72,33,72,72,72,72,67,56,68,59,49,49,55,76,44,36,14,65,0],"items_purged":[],"gold":126,"score":620,"play_id":"837ca83a-e2b1-4ee2-bcf8-10941ea1372a","local_time":"20180407141628","is_prod":false,"is_daily":false,"is_ascension_mode":true,"campfire_upgraded":1,"timestamp":1523124988,"path_taken":["M","M","?","M","M","E","?","R","T","?","R","E","?","$","R","BOSS","M","M","M","?","M","R","$","E","T","R","M","$","E","?","R","BOSS","M","$","?","M","?","R","?","?","T","?","?","M","M","?","R","BOSS"],"build_version":"2018-04-05","purchased_purges":0,"victory":false,"master_deck":["Defend_G+1","Defend_G+1","Defend_G+1","Defend_G+1","Strike_G+1","Strike_G+1","Survivor","Neutralize+1","Dagger Spray","Dagger Spray+1","Flying Knee","Malaise","Backflip","A Thousand Cuts","Caltrops","Noxious Fumes","Die Die Die","Infinite Blades+1","Eviscerate+1","Skewer+1","Backflip+1","Backstab+1","Slice","PiercingWail","Burst+1","Adrenaline","Bandage Up","PiercingWail+1","Tools of the Trade","Backflip","Distraction+1","Madness","Madness","Flash of Steel","Dark Shackles","Mind Blast","Dodge and Roll","Footwork","Blade Dance+1"],"max_hp_per_floor":[70,70,70,70,70,70,70,70,70,70,70,70,70,70,70,70,70,70,70,70,70,70,70,70,70,70,70,72,72,72,72,72,72,72,72,72,72,74,74,74,74,74,74,76,76,76,76,76,76,76],"relics":["Ring of the Snake","NeowsBlessing","Bag of Preparation","Whetstone","Kunai","Pen Nib","Astrolabe","Regal Pillow","Singing Bowl","Shuriken","Vajra","Eternal Feather","Happy Flower","Ancient Tea Set"],"card_choices":[{"not_picked":["Cloak And Dagger","Accuracy"],"picked":"Dagger Spray","floor":1},{"not_picked":["Night Terror","Underhanded Strike"],"picked":"Dagger Spray","floor":2},{"not_picked":["Deflect","Slice"],"picked":"Flying Knee","floor":4},{"not_picked":["Dagger Spray","Choke"],"picked":"Malaise","floor":6},{"not_picked":["Skewer","PiercingWail"],"picked":"Backflip","floor":7},{"not_picked":["Sucker Punch","Catalyst"],"picked":"A Thousand Cuts","floor":12},{"not_picked":["Crippling Poison","Deflect"],"picked":"Caltrops","floor":13},{"not_picked":["Doppelganger","Venomology"],"picked":"Die Die Die","floor":16},{"not_picked":["Dagger Spray","All Out Attack"],"picked":"Backflip","floor":18},{"not_picked":["Reflex","Sucker Punch"],"picked":"Backstab","floor":19},{"not_picked":["Dagger Throw","Dagger Spray"],"picked":"Slice","floor":20},{"not_picked":["Dagger Spray","Reflex"],"picked":"PiercingWail","floor":22},{"not_picked":["Catalyst","Deadly Poison"],"picked":"Adrenaline","floor":25},{"not_picked":["Deadly Poison","Sucker Punch"],"picked":"PiercingWail","floor":30},{"not_picked":["Night Terror","Storm of Steel"],"picked":"Tools of the Trade","floor":33},{"not_picked":["Outmaneuver","Endless Agony"],"picked":"Backflip","floor":35},{"not_picked":["Outmaneuver","Reflex"],"picked":"Distraction","floor":39},{"not_picked":["Bandage Up","Swift Strike"],"picked":"Flash of Steel","floor":42},{"not_picked":["Good Instincts","Swift Strike"],"picked":"Dark Shackles","floor":42},{"not_picked":["Dramatic Entrance","Purity"],"picked":"Mind Blast","floor":42},{"not_picked":["Poisoned Stab","Dagger Spray"],"picked":"Dodge and Roll","floor":46},{"not_picked":["Backflip","Dodge and Roll"],"picked":"Footwork","floor":47},{"not_picked":["Poisoned Stab","Dagger Throw"],"picked":"Blade Dance","floor":48}],"player_experience":114520,"potions_floor_usage":[6,7,12,13,19,25,25,33,35,39,39,48,48,50,50],"damage_taken":[{"damage":0,"enemies":"2 Louse","floor":1,"turns":1},{"damage":0,"enemies":"Small Slimes","floor":2,"turns":1},{"damage":0,"enemies":"Cultist","floor":4,"turns":1},{"damage":10,"enemies":"Red Slaver","floor":5,"turns":4},{"damage":55,"enemies":"Lagavulin","floor":6,"turns":7},{"damage":0,"enemies":"Looter","floor":7,"turns":4},{"damage":1,"enemies":"3 Sentries","floor":12,"turns":5},{"damage":8,"enemies":"Exordium Thugs","floor":13,"turns":5},{"damage":15,"enemies":"The Guardian","floor":16,"turns":12},{"damage":29,"enemies":"Shell Parasite","floor":18,"turns":7},{"damage":20,"enemies":"Chosen","floor":19,"turns":6},{"damage":6,"enemies":"Snecko","floor":20,"turns":4},{"damage":11,"enemies":"Snake Plant","floor":22,"turns":5},{"damage":9,"enemies":"Slavers","floor":25,"turns":4},{"damage":10,"enemies":"Centurion and Healer","floor":28,"turns":6},{"damage":21,"enemies":"Book of Stabbing","floor":30,"turns":7},{"damage":42,"enemies":"Champ","floor":33,"turns":9},{"damage":1,"enemies":"Orb Walker","floor":35,"turns":3},{"damage":11,"enemies":"3 Shapes","floor":38,"turns":3},{"damage":11,"enemies":"Sphere and 2 Shapes","floor":39,"turns":3},{"damage":0,"enemies":"Flame Bruiser 2 Orb","floor":44,"turns":6},{"damage":32,"enemies":"Spire Growth","floor":46,"turns":5},{"damage":12,"enemies":"4 Shapes","floor":47,"turns":4},{"damage":26,"enemies":"3 Darklings","floor":48,"turns":4},{"damage":88,"enemies":"Time Eater","floor":50,"turns":12}],"event_choices":[{"event_name":"Golden Wing","player_choice":"Card Removal","floor":3,"damage_taken":0},{"event_name":"Golden Shrine","player_choice":"Pray","floor":10,"damage_taken":0},{"event_name":"Back to Basics","player_choice":"Simplicity","floor":21,"damage_taken":0},{"event_name":"The Library","player_choice":"Heal","floor":31,"damage_taken":0},{"event_name":"The Lab","player_choice":"Got Potions","floor":37,"damage_taken":0},{"event_name":"Winding Halls","player_choice":"Embrace Madness","floor":41,"damage_taken":0},{"event_name":"SensoryStone","player_choice":"Memory 3","floor":42,"damage_taken":0},{"event_name":"Wheel of Change","player_choice":"Full Heal","floor":45,"damage_taken":0}],"boss_relics":[{"not_picked":["Orrery","Calling Bell"],"picked":"Astrolabe"},{"not_picked":["Black Star","Lizard Tail"],"picked":"Eternal Feather"}],"potions_floor_spawned":[2,5,7,12,18,22,30,33,39,47,48],"seed_played":"-4357525596730001942","killed_by":"Time Eater","ascension_level":4,"is_trial":false}