{"gold_per_floor":[115,115,130,130,50,50,84,84,162,192,203,218,1,1,1,75,75,85,33,38,15,26,26,57,57,57,57,71,71,82,82,82,82],"floor_reached":33,"playtime":2170,"items_purged":["Strike_G"],"score":434,"play_id":"363a3e36-ac48-468b-8bab-8da53b5b187f","local_time":"20180823194324","is_ascension_mode":true,"campfire_choices":[{"floor":6,"key":"REST"},{"data":"Neutralize","floor":8,"key":"SMITH"},{"floor":15,"key":"REST"},{"data":"After Image","floor":23,"key":"SMITH"},{"floor":25,"key":"REST"},{"floor":29,"key":"REST"},{"floor":32,"key":"REST"}],"neow_cost":"NONE","seed_source_timestamp":459672028218985,"circlet_count":0,"master_deck":["Defend_G+1","Defend_G+1","Defend_G+1","Defend_G+1","Defend_G+1","Strike_G+1","Survivor","Neutralize+1","AscendersBane","PiercingWail+1","Cloak And Dagger","Well Laid Plans","Blade Dance","Bouncing Flask","Dagger Spray","Dagger Throw","Dagger Spray","After Image+1","Escape Plan+1","Backflip","Blade Dance","Dodge and Roll","Crippling Poison","Backstab","Cloak And Dagger","Blade Dance+1","Dodge and Roll","Backflip","Terror"],"relics":["Ring of the Snake","Smiling Mask","Question Card","Odd Mushroom","Vajra","Empty Cage","Dream Catcher","Letter Opener"],"potions_floor_usage":[7,16,18,22,22,30],"damage_taken":[{"damage":2,"enemies":"Jaw Worm","floor":1,"turns":7},{"damage":0,"enemies":"2 Louse","floor":3,"turns":3},{"damage":30,"enemies":"Lagavulin","floor":7,"turns":8},{"damage":1,"enemies":"The Mushroom Lair","floor":10,"turns":5},{"damage":0,"enemies":"Cultist","floor":11,"turns":3},{"damage":2,"enemies":"3 Louse","floor":12,"turns":4},{"damage":14,"enemies":"Hexaghost","floor":16,"turns":12},{"damage":8,"enemies":"Spheric Guardian","floor":18,"turns":6},{"damage":10,"enemies":"2 Thieves","floor":20,"turns":4},{"damage":11,"enemies":"Snake Plant","floor":22,"turns":10},{"damage":38,"enemies":"Gremlin Leader","floor":24,"turns":10},{"damage":14,"enemies":"Cultist and Chosen","floor":28,"turns":9},{"damage":1,"enemies":"3 Cultists","floor":30,"turns":5},{"damage":55,"enemies":"Automaton","floor":33,"turns":10}],"seed_played":"6148568939202524699","potions_obtained":[{"floor":0,"key":"Strength Potion"},{"floor":0,"key":"Dexterity Potion"},{"floor":11,"key":"SkillPotion"},{"floor":16,"key":"Block Potion"},{"floor":20,"key":"Fruit Juice"},{"floor":28,"key":"EssenceOfSteel"}],"is_trial":false,"path_per_floor":["M","?","M","?","$","R","E","R","T","?","M","M","$","?","R","B",null,"M","$","M","$","M","R","E","R","T","$","M","R","M","?","R"],"character_chosen":"THE_SILENT","items_purchased":["Well Laid Plans","Vajra","Dagger Spray","Backflip","Dodge and Roll"],"campfire_rested":5,"item_purchase_floors":[5,13,13,19,21],"current_hp_per_floor":[61,61,61,47,47,68,38,38,38,37,37,35,35,35,56,42,63,55,55,45,45,39,39,1,23,23,23,9,31,30,30,52,0],"gold":82,"neow_bonus":"THREE_SMALL_POTIONS","is_prod":false,"is_daily":false,"chose_seed":false,"campfire_upgraded":2,"win_rate":0,"timestamp":1535067804,"path_taken":["M","?","M","?","$","R","E","R","T","?","M","M","$","?","R","BOSS","M","?","M","$","M","R","E","R","T","$","M","R","M","?","R","BOSS"],"build_version":"2018-08-23","purchased_purges":1,"victory":false,"max_hp_per_floor":[70,70,70,70,70,70,70,70,70,70,70,70,70,70,70,70,70,70,70,70,70,75,75,75,75,75,75,75,75,75,75,75,75],"card_choices":[{"not_picked":["Blur","Prepared"],"picked":"PiercingWail","floor":1},{"not_picked":["Bane","Backflip"],"picked":"Cloak And Dagger","floor":3},{"not_picked":["Dagger Throw","Reflex"],"picked":"Blade Dance","floor":7},{"not_picked":["Bane","Flying Knee","Well Laid Plans"],"picked":"Bouncing Flask","floor":10},{"not_picked":["Quick Slash","Deadly Poison","Dodge and Roll"],"picked":"Dagger Spray","floor":11},{"not_picked":["Outmaneuver","Dodge and Roll","Blade Dance"],"picked":"Dagger Throw","floor":12},{"not_picked":["Bullet Time","A Thousand Cuts","Phantasmal Killer"],"picked":"After Image","floor":16},{"not_picked":["Acrobatics","Cloak And Dagger","Tactician"],"picked":"Escape Plan+1","floor":18},{"not_picked":["Acrobatics","Masterful Stab","Distraction"],"picked":"Blade Dance","floor":20},{"not_picked":["Prepared","Dodge and Roll","Sucker Punch"],"picked":"Crippling Poison","floor":22},{"not_picked":["Quick Slash","Grand Finale","Underhanded Strike"],"picked":"Backstab","floor":24},{"not_picked":["Flechettes","Tactician","Masterful Stab"],"picked":"Cloak And Dagger","floor":25},{"not_picked":["Well Laid Plans","Dash","Skewer"],"picked":"Blade Dance+1","floor":28},{"not_picked":["Underhanded Strike","Endless Agony","Flying Knee"],"picked":"Dodge and Roll","floor":29},{"not_picked":["Underhanded Strike","Slice","Bouncing Flask"],"picked":"Backflip","floor":30},{"not_picked":["Endless Agony","Dagger Spray+1","PiercingWail"],"picked":"Terror","floor":32}],"player_experience":808453,"relics_obtained":[{"floor":7,"key":"Smiling Mask"},{"floor":9,"key":"Question Card"},{"floor":10,"key":"Odd Mushroom"},{"floor":24,"key":"Dream Catcher"},{"floor":26,"key":"Letter Opener"}],"event_choices":[{"event_name":"The Cleric","player_choice":"Leave","floor":2,"damage_taken":0},{"event_name":"Shining Light","player_choice":"Entered Light","floor":4,"damage_taken":0},{"event_name":"Mushrooms","player_choice":"Fought Mushrooms","floor":10,"damage_taken":0},{"event_name":"Bonfire Elementals","player_choice":"BASIC","floor":14,"damage_taken":0},{"event_name":"Back to Basics","player_choice":"Simplicity","floor":31,"damage_taken":0}],"is_beta":true,"boss_relics":[{"not_picked":["Black Star","Orrery"],"picked":"Empty Cage"}],"items_purged_floors":[13],"is_endless":false,"potions_floor_spawned":[3,11,16,20,28],"killed_by":"Automaton","ascension_level":13}