{"gold_per_floor":[218,218,236,311,325,350,350,365,415,415,442,452,5,37,49,166,178,200,212,224,236,248,294,22,22,45,45,57,70,102,116,116,218,218,235,235,251,51,70,70,70,89,89,89,89,120,134,36,36,36,36,36,10,10],"floor_reached":54,"playtime":6696,"items_purged":["Strike_R"],"score":809,"play_id":"b8ce202a-5e92-4938-bfde-678a1ebe7b16","local_time":"20190105172835","is_ascension_mode":true,"campfire_choices":[{"data":"Spot Weakness","floor":7,"key":"SMITH"},{"floor":10,"key":"REST"},{"data":"Immolate","floor":15,"key":"SMITH"},{"data":"Barricade","floor":25,"key":"SMITH"},{"floor":27,"key":"REST"},{"floor":32,"key":"REST"},{"floor":40,"key":"REST"},{"floor":45,"key":"REST"},{"floor":49,"key":"RECALL"},{"data":"True Grit","floor":52,"key":"SMITH"}],"neow_cost":"NONE","seed_source_timestamp":416563438786135,"circlet_count":0,"master_deck":["Strike_R","Strike_R","Defend_R","Defend_R","Defend_R","Defend_R","Bash","Disarm","Rampage","Spot Weakness+1","Burning Pact","True Grit+1","Immolate+1","Metallicize","Clothesline","Impervious","Battle Trance","Barricade+1","True Grit+1","Shockwave","Intimidate","Entrench","Havoc+1","Corruption","Armaments+1","Exhume","Power Through","Ghostly Armor","True Grit","Cleave+1","Evolve","Body Slam","Flame Barrier+1","Disarm+1","Entrench","Headbutt","Shrug It Off"],"relics":["Burning Blood","Bottled Lightning","Oddly Smooth Stone","Dream Catcher","Gremlin Horn","ClockworkSouvenir","MawBank","Philosopher\u0027s Stone","Enchiridion","Paper Frog","Boot","Bronze Scales","PreservedInsect","Anchor","Empty Cage","Juzu Bracelet","Mercury Hourglass"],"potions_floor_usage":[6,14,16,31,33,39,54],"damage_taken":[{"damage":6,"enemies":"Small Slimes","floor":1,"turns":4},{"damage":8,"enemies":"Jaw Worm","floor":3,"turns":4},{"damage":10,"enemies":"2 Louse","floor":5,"turns":3},{"damage":31,"enemies":"Lagavulin","floor":6,"turns":7},{"damage":6,"enemies":"2 Fungi Beasts","floor":8,"turns":4},{"damage":24,"enemies":"3 Sentries","floor":11,"turns":8},{"damage":10,"enemies":"Looter","floor":12,"turns":2},{"damage":6,"enemies":"Gremlin Nob","floor":14,"turns":4},{"damage":32,"enemies":"Slime Boss","floor":16,"turns":13},{"damage":10,"enemies":"2 Thieves","floor":18,"turns":2},{"damage":22,"enemies":"Slavers","floor":23,"turns":5},{"damage":3,"enemies":"Shell Parasite","floor":28,"turns":6},{"damage":8,"enemies":"Chosen and Byrds","floor":29,"turns":4},{"damage":15,"enemies":"Gremlin Leader","floor":30,"turns":3},{"damage":4,"enemies":"Sentry and Sphere","floor":31,"turns":7},{"damage":1,"enemies":"Automaton","floor":33,"turns":14},{"damage":0,"enemies":"Orb Walker","floor":35,"turns":3},{"damage":0,"enemies":"3 Shapes","floor":37,"turns":5},{"damage":43,"enemies":"Sphere and 2 Shapes","floor":39,"turns":6},{"damage":0,"enemies":"Jaw Worm Horde","floor":42,"turns":4},{"damage":21,"enemies":"Reptomancer","floor":46,"turns":6},{"damage":0,"enemies":"4 Shapes","floor":47,"turns":6},{"damage":42,"enemies":"Awakened One","floor":50,"turns":13},{"damage":80,"enemies":"Shield and Spear","floor":54,"turns":3}],"seed_played":"-7117019796277882846","potions_obtained":[{"floor":5,"key":"AttackPotion"},{"floor":8,"key":"SkillPotion"},{"floor":11,"key":"Poison Potion"},{"floor":18,"key":"Fire Potion"},{"floor":23,"key":"SpeedPotion"},{"floor":29,"key":"Strength Potion"},{"floor":31,"key":"AttackPotion"},{"floor":35,"key":"Fire Potion"},{"floor":46,"key":"BloodPotion"}],"is_trial":false,"path_per_floor":["M","?","M","?","M","E","R","M","T","R","E","M","$","E","R","B",null,"M","?","?","?","?","E","$","R","T","R","M","M","E","M","R","B",null,"M","?","M","$","M","R","$","M","T","?","R","E","M","$","R","B",null,"R","$","E"],"character_chosen":"IRONCLAD","items_purchased":["Gremlin Horn","ClockworkSouvenir","Bronze Scales","True Grit","Juzu Bracelet","True Grit","Entrench","Headbutt","Shrug It Off"],"campfire_rested":5,"item_purchase_floors":[13,13,24,24,38,38,48,48,53],"current_hp_per_floor":[80,80,78,67,63,38,38,38,38,62,44,40,40,40,40,14,80,76,60,60,60,60,44,44,44,44,68,71,69,60,62,80,80,80,80,80,80,80,43,67,67,73,73,73,80,65,71,71,71,35,80,80,80,0],"gold":10,"neow_bonus":"HUNDRED_GOLD","is_prod":false,"is_daily":false,"chose_seed":false,"campfire_upgraded":4,"win_rate":0,"timestamp":1546727315,"path_taken":["M","?","M","?","M","E","R","M","T","R","E","M","?","E","R","BOSS","M","?","?","?","?","E","$","R","T","R","M","?","E","M","R","BOSS","M","?","M","$","M","R","?","M","T","?","R","E","M","$","R","BOSS","R","$","E"],"build_version":"2019-01-03v4","purchased_purges":1,"victory":false,"max_hp_per_floor":[80,80,80,80,80,80,80,80,80,80,80,80,80,80,80,80,80,80,80,80,80,80,80,80,80,80,80,80,80,80,80,80,80,80,80,80,80,80,80,80,80,80,80,80,80,80,80,80,80,80,80,80,80,80],"card_choices":[{"not_picked":["Thunderclap","Fire Breathing"],"picked":"Disarm","floor":1},{"not_picked":["Rage","Pommel Strike"],"picked":"Rampage","floor":3},{"not_picked":["Warcry","Anger"],"picked":"Spot Weakness","floor":5},{"not_picked":["Clash","Combust"],"picked":"Burning Pact","floor":6},{"not_picked":["Power Through","Twin Strike"],"picked":"True Grit","floor":8},{"not_picked":["Second Wind","Fiend Fire"],"picked":"Immolate","floor":11},{"not_picked":["Searing Blow","Dropkick"],"picked":"Metallicize","floor":12},{"not_picked":["Bloodletting","Heavy Blade"],"picked":"Clothesline","floor":14},{"not_picked":["Double Tap","Brutality"],"picked":"Impervious","floor":16},{"not_picked":["Thunderclap+1","Spot Weakness","Clothesline"],"picked":"SKIP","floor":18},{"not_picked":["Evolve","Clash"],"picked":"Barricade","floor":23},{"not_picked":["Rupture+1","Sword Boomerang"],"picked":"Shockwave","floor":27},{"not_picked":["Fire Breathing","Inflame"],"picked":"Intimidate","floor":28},{"not_picked":["Shrug It Off","Sword Boomerang"],"picked":"Entrench","floor":29},{"not_picked":["Twin Strike","Sentinel"],"picked":"Havoc+1","floor":30},{"not_picked":["Iron Wave+1","Thunderclap"],"picked":"Corruption","floor":31},{"not_picked":["Cleave","Evolve+1"],"picked":"Armaments+1","floor":32},{"not_picked":["Bludgeon","Barricade"],"picked":"Exhume","floor":33},{"not_picked":["Sword Boomerang","Shockwave+1"],"picked":"Power Through","floor":35},{"not_picked":["Second Wind","Cleave"],"picked":"Ghostly Armor","floor":37},{"not_picked":["Twin Strike","Wild Strike"],"picked":"Cleave+1","floor":39},{"not_picked":["Twin Strike+1","Rampage+1"],"picked":"Evolve","floor":40},{"not_picked":["Cleave+1","Searing Blow","Fire Breathing+1"],"picked":"SKIP","floor":42},{"not_picked":["Intimidate","Warcry+1"],"picked":"Body Slam","floor":45},{"not_picked":["Double Tap","True Grit"],"picked":"Flame Barrier+1","floor":46},{"not_picked":["Sword Boomerang","Flex"],"picked":"Disarm+1","floor":47}],"player_experience":1173284,"relics_obtained":[{"floor":6,"key":"Bottled Lightning"},{"floor":9,"key":"Oddly Smooth Stone"},{"floor":11,"key":"Dream Catcher"},{"floor":14,"key":"MawBank"},{"floor":19,"key":"Enchiridion"},{"floor":23,"key":"Boot"},{"floor":26,"key":"PreservedInsect"},{"floor":30,"key":"Anchor"},{"floor":46,"key":"Mercury Hourglass"}],"event_choices":[{"damage_healed":0,"gold_gain":0,"player_choice":"Ignored","damage_taken":0,"max_hp_gain":0,"max_hp_loss":0,"event_name":"Liars Game","floor":2,"gold_loss":0},{"damage_healed":0,"gold_gain":75,"player_choice":"Gather Gold","damage_taken":11,"max_hp_gain":0,"max_hp_loss":0,"event_name":"World of Goop","floor":4,"gold_loss":0},{"damage_healed":0,"gold_gain":0,"player_choice":"Obtained Book","damage_taken":16,"max_hp_gain":0,"max_hp_loss":0,"event_name":"Cursed Tome","floor":19,"gold_loss":0},{"damage_healed":0,"gold_gain":0,"player_choice":"Opened","damage_taken":0,"relics_obtained":["Paper Frog"],"max_hp_gain":0,"max_hp_loss":0,"event_name":"The Mausoleum","floor":20,"gold_loss":0},{"damage_healed":0,"gold_gain":0,"player_choice":"Read","damage_taken":0,"max_hp_gain":0,"max_hp_loss":0,"event_name":"The Library","floor":21,"gold_loss":0,"cards_obtained":["Battle Trance"]},{"damage_healed":0,"gold_gain":0,"player_choice":"Ignored","damage_taken":0,"max_hp_gain":0,"max_hp_loss":0,"event_name":"Vampires","floor":22,"gold_loss":0},{"damage_healed":0,"gold_gain":0,"player_choice":"Forge","damage_taken":0,"max_hp_gain":0,"max_hp_loss":0,"event_name":"Accursed Blacksmith","floor":36,"gold_loss":0,"cards_upgraded":["True Grit"]},{"damage_healed":0,"gold_gain":0,"player_choice":"Ignored","damage_taken":0,"max_hp_gain":0,"max_hp_loss":0,"event_name":"Mysterious Sphere","floor":44,"gold_loss":0}],"is_beta":true,"boss_relics":[{"not_picked":["Coffee Dripper","Pandora\u0027s Box"],"picked":"Philosopher\u0027s Stone"},{"not_picked":["Busted Crown","Black Blood"],"picked":"Empty Cage"}],"items_purged_floors":[24],"is_endless":false,"potions_floor_spawned":[5,8,11,18,23,29,31,35,37,46],"killed_by":"Shield and Spear","ascension_level":1}