{"gold_per_floor":[118,118,131,131,143,143,168,168,168,188,188,109,126,48,48,146,146,165,165,178,93,107,107,107],"floor_reached":24,"playtime":1185,"items_purged":[],"score":329,"play_id":"f8c23bd6-94ed-4474-b951-fa32b160f69c","local_time":"20181209112843","is_ascension_mode":true,"campfire_choices":[{"data":"Armaments","floor":6,"key":"SMITH"},{"data":"Inflame","floor":8,"key":"SMITH"},{"data":"Bash","floor":11,"key":"SMITH"},{"floor":15,"key":"RECALL"},{"data":"Ghostly","floor":23,"key":"SMITH"}],"neow_cost":"NONE","seed_source_timestamp":2046284619185973,"circlet_count":0,"master_deck":["AscendersBane","Strike_R","Strike_R","Strike_R","Strike_R","Defend_R","Defend_R","Defend_R","Defend_R","Bash+1","Iron Wave","Corruption","Armaments+1","Inflame+1","Feel No Pain","Spot Weakness","Shrug It Off","Flame Barrier","Spot Weakness","Bludgeon","Battle Trance","Ghostly+1","Ghostly","Ghostly","Ghostly","Ghostly","Power Through","Heavy Blade"],"relics":["Black Blood","Gambling Chip","Paper Frog","Kunai"],"potions_floor_usage":[22],"damage_taken":[{"damage":2,"enemies":"Jaw Worm","floor":1,"turns":3},{"damage":1,"enemies":"Cultist","floor":3,"turns":4},{"damage":0,"enemies":"2 Louse","floor":5,"turns":3},{"damage":33,"enemies":"Gremlin Nob","floor":7,"turns":5},{"damage":10,"enemies":"Looter","floor":10,"turns":4},{"damage":0,"enemies":"Large Slime","floor":13,"turns":4},{"damage":75,"enemies":"Slime Boss","floor":16,"turns":13},{"damage":41,"enemies":"Shell Parasite","floor":18,"turns":7},{"damage":7,"enemies":"Chosen","floor":20,"turns":7},{"damage":9,"enemies":"Snake Plant","floor":22,"turns":8},{"damage":62,"enemies":"Slavers","floor":24,"turns":9}],"seed_played":"-6602996551002592944","potions_obtained":[{"floor":1,"key":"EssenceOfSteel"},{"floor":3,"key":"GamblersBrew"},{"floor":4,"key":"FairyPotion"},{"floor":4,"key":"FairyPotion"},{"floor":16,"key":"Swift Potion"},{"floor":18,"key":"PowerPotion"}],"is_trial":false,"path_per_floor":["M","?","M","?","M","R","E","R","T","M","R","$","M","$","R","B",null,"M","?","M","?","M","R","E"],"character_chosen":"IRONCLAD","items_purchased":["Spot Weakness","Shrug It Off","Spot Weakness"],"campfire_rested":0,"item_purchase_floors":[12,12,14],"current_hp_per_floor":[84,77,82,82,88,88,61,61,61,57,57,57,63,63,63,14,70,39,39,42,42,43,43,0],"gold":107,"neow_bonus":"TEN_PERCENT_HP_BONUS","is_prod":false,"is_daily":false,"chose_seed":false,"campfire_upgraded":4,"win_rate":0,"timestamp":1544372923,"path_taken":["M","?","M","?","M","R","E","R","T","?","R","$","?","$","R","BOSS","M","?","M","?","M","R","E"],"build_version":"2018-12-06","purchased_purges":0,"victory":false,"max_hp_per_floor":[88,88,88,88,88,88,88,88,88,88,88,88,88,88,88,88,88,88,44,44,44,44,44,44],"card_choices":[{"not_picked":["Evolve","Thunderclap"],"picked":"Iron Wave","floor":1},{"not_picked":["Heavy Blade","Combust"],"picked":"Corruption","floor":3},{"not_picked":["True Grit","Flex"],"picked":"Armaments","floor":5},{"not_picked":["Rupture","Clash"],"picked":"Inflame","floor":7},{"not_picked":["Wild Strike","Infernal Blade"],"picked":"Feel No Pain","floor":10},{"not_picked":["Sever Soul","Bludgeon"],"picked":"Flame Barrier","floor":13},{"not_picked":["Double Tap","Demon Form"],"picked":"Bludgeon","floor":16},{"not_picked":["Second Wind","Twin Strike"],"picked":"Battle Trance","floor":18},{"not_picked":["Rage+1","Searing Blow+1"],"picked":"Power Through","floor":20},{"not_picked":["Sentinel+1","Blood for Blood"],"picked":"Heavy Blade","floor":22}],"player_experience":953012,"relics_obtained":[{"floor":7,"key":"Gambling Chip"},{"floor":9,"key":"Paper Frog"}],"event_choices":[{"cards_removed":["Strike_R"],"damage_healed":0,"gold_gain":0,"player_choice":"Card Removal","damage_taken":7,"max_hp_gain":0,"max_hp_loss":0,"event_name":"Golden Wing","floor":2,"gold_loss":0},{"damage_healed":0,"gold_gain":0,"player_choice":"Got Potions","damage_taken":0,"max_hp_gain":0,"max_hp_loss":0,"event_name":"Lab","floor":4,"gold_loss":0},{"damage_healed":0,"gold_gain":0,"player_choice":"Became a Ghost","damage_taken":0,"max_hp_gain":0,"max_hp_loss":44,"event_name":"Ghosts","floor":19,"gold_loss":0,"cards_obtained":["Ghostly","Ghostly","Ghostly","Ghostly","Ghostly"]},{"damage_healed":0,"gold_gain":0,"player_choice":"Obtained Relic","damage_taken":0,"relics_obtained":["Kunai"],"max_hp_gain":0,"max_hp_loss":0,"event_name":"Addict","floor":21,"gold_loss":85}],"is_beta":true,"boss_relics":[{"not_picked":["Black Star","White Beast Statue"],"picked":"Black Blood"}],"items_purged_floors":[],"is_endless":false,"potions_floor_spawned":[1,3,7,16,18,20],"killed_by":"Slavers","ascension_level":11}