{"gold_per_floor":[109,109,34,34,49,49,49,49,72,103,113,139,139,34,34,112,112,127,127,35,35,54,89,89,89],"floor_reached":25,"playtime":1432,"items_purged":["Strike_R","Strike_R"],"score":450,"play_id":"96630236-1c4c-40fa-8016-546fbfbacb40","local_time":"20190104200852","is_ascension_mode":true,"campfire_choices":[{"data":"Bash","floor":6.0,"key":"SMITH"},{"data":"Defend_R","floor":8.0,"key":"SMITH"},{"data":"Flame Barrier","floor":13.0,"key":"SMITH"},{"floor":15.0,"key":"REST"},{"floor":24.0,"key":"REST"}],"neow_cost":"NONE","seed_source_timestamp":15714037195390,"circlet_count":0,"master_deck":["AscendersBane","Strike_R","Defend_R","Defend_R+1","Defend_R","Bash+1","Reckless Charge+1","Flame Barrier+1","Headbutt","Anger","Juggernaut","Cleave+1","Evolve","Havoc+1","Intimidate"],"special_seed":0,"relics":["Burning Blood","Smiling Mask","Bronze Scales","Bag of Preparation","Fusion Hammer","Ancient Tea Set"],"potions_floor_usage":[],"damage_taken":[{"damage":6.0,"enemies":"Jaw Worm","floor":1.0,"turns":6.0},{"damage":6.0,"enemies":"2 Louse","floor":5.0,"turns":4.0},{"damage":42.0,"enemies":"3 Sentries","floor":10.0,"turns":12.0},{"damage":0.0,"enemies":"Cultist","floor":11.0,"turns":2.0},{"damage":24.0,"enemies":"Gremlin Nob","floor":12.0,"turns":3.0},{"damage":7.0,"enemies":"Hexaghost","floor":16.0,"turns":8.0},{"damage":16.0,"enemies":"Spheric Guardian","floor":18.0,"turns":4.0},{"damage":20.0,"enemies":"Chosen","floor":22.0,"turns":3.0},{"damage":35.0,"enemies":"Book of Stabbing","floor":23.0,"turns":5.0},{"damage":64,"enemies":"Gremlin Leader","floor":25,"turns":5}],"seed_played":"-3577606417964140553","potions_obtained":[{"floor":5.0,"key":"Swift Potion"},{"floor":11.0,"key":"SpeedPotion"},{"floor":12.0,"key":"SpeedPotion"},{"floor":16.0,"key":"PowerPotion"}],"is_trial":false,"path_per_floor":["M","?","?","?","M","R","?","R","T","E","M","E","R","$","R","B",null,"M","?","$","?","M","E","R","E"],"character_chosen":"IRONCLAD","items_purchased":["Anger","Evolve"],"campfire_rested":2,"item_purchase_floors":[14,20],"current_hp_per_floor":[68,68,68,61,61,61,61,61,61,25,31,13,13,13,35,34,65,55,48,48,75,61,32,54,0],"gold":89,"neow_bonus":"REMOVE_CARD","is_prod":false,"is_daily":false,"chose_seed":false,"campfire_upgraded":3,"win_rate":0,"timestamp":1546661332,"path_taken":["M","?","?","?","M","R","?","R","T","E","?","E","R","$","R","BOSS","M","?","?","?","M","E","R","E"],"build_version":"2019-01-03v4","purchased_purges":2,"victory":false,"max_hp_per_floor":[75,75,75,75,75,75,75,75,75,75,75,75,75,75,75,75,75,75,75,75,75,75,75,75,75],"card_choices":[{"not_picked":["Heavy Blade","Corruption","Flex"],"picked":"SKIP","floor":1.0},{"not_picked":["Burning Pact","Sword Boomerang"],"picked":"Reckless Charge","floor":5.0},{"not_picked":["Seeing Red","Fire Breathing","Burning Pact"],"picked":"SKIP","floor":10.0},{"not_picked":["Hemokinesis","Shrug It Off"],"picked":"Flame Barrier","floor":11.0},{"not_picked":["Anger","Sword Boomerang"],"picked":"Headbutt","floor":12.0},{"not_picked":["Offering","Fiend Fire"],"picked":"Juggernaut","floor":16.0},{"not_picked":["Sentinel","Warcry"],"picked":"Cleave+1","floor":18.0},{"not_picked":["Second Wind","Anger"],"picked":"Havoc+1","floor":22.0},{"not_picked":["Dark Embrace","Twin Strike"],"picked":"Intimidate","floor":23.0}],"player_experience":1192076,"relics_obtained":[{"floor":9.0,"key":"Smiling Mask"},{"floor":10.0,"key":"Bronze Scales"},{"floor":12.0,"key":"Bag of Preparation"},{"floor":23.0,"key":"Ancient Tea Set"}],"event_choices":[{"damage_healed":0.0,"max_hp_gain":0.0,"max_hp_loss":0.0,"gold_gain":0.0,"event_name":"Golden Idol","player_choice":"Ignored","floor":2.0,"gold_loss":0.0,"damage_taken":0.0},{"cards_removed":["Strike_R"],"damage_healed":0.0,"max_hp_gain":0.0,"max_hp_loss":0.0,"gold_gain":0.0,"event_name":"The Cleric","player_choice":"Card Removal","floor":3.0,"gold_loss":75.0,"damage_taken":0.0},{"cards_removed":["Defend_R"],"damage_healed":0.0,"max_hp_gain":0.0,"max_hp_loss":0.0,"gold_gain":0.0,"event_name":"Golden Wing","player_choice":"Card Removal","floor":4.0,"gold_loss":0.0,"damage_taken":7.0},{"damage_healed":0.0,"max_hp_gain":0.0,"max_hp_loss":0.0,"gold_gain":0.0,"event_name":"Accursed Blacksmith","player_choice":"Forge","floor":7.0,"gold_loss":0.0,"damage_taken":0.0,"cards_upgraded":["Reckless Charge"]},{"damage_healed":0.0,"max_hp_gain":0.0,"max_hp_loss":0.0,"gold_gain":0.0,"event_name":"Knowing Skull","player_choice":"","floor":19.0,"potions_obtained":[],"gold_loss":0.0,"damage_taken":7.0,"cards_obtained":[]},{"damage_healed":27.0,"max_hp_gain":0.0,"max_hp_loss":0.0,"gold_gain":0.0,"event_name":"Wheel of Change","player_choice":"Full Heal","floor":21.0,"gold_loss":0.0,"damage_taken":0.0}],"is_beta":true,"boss_relics":[{"not_picked":["Tiny House","Eternal Feather"],"picked":"Fusion Hammer"}],"items_purged_floors":[14,20],"is_endless":false,"potions_floor_spawned":[5,11,12,16],"killed_by":"Gremlin Leader","ascension_level":20}