{"path_per_floor":["M","?","M","?","M","E","M","E","T","M","M","?","M","M","R"],"character_chosen":"IRONCLAD","items_purchased":[],"gold_per_floor":[110,110,122,122,141,170,181,211,237,250,261,291,305,320,320],"floor_reached":16,"campfire_rested":1,"playtime":791,"current_hp_per_floor":[80,64,68,68,73,59,64,49,49,28,22,22,27,22,46],"items_purged":[],"gold":320,"score":116,"play_id":"4ac147fe-a9bc-4fd5-a993-3205f07de5fe","local_time":"20180310150247","is_prod":false,"is_daily":false,"is_ascension_mode":false,"campfire_upgraded":0,"timestamp":1520712167,"path_taken":["M","?","?","?","M","E","M","E","T","M","M","?","M","M","R","BOSS"],"build_version":"2018-03-09","purchased_purges":0,"victory":false,"master_deck":["Strike_R","Strike_R","Strike_R+1","Strike_R","Strike_R","Defend_R","Defend_R","Defend_R","Defend_R","Bash","Whirlwind+1","Searing Blow+1","Corruption","Dual Wield","Clash","Rampage"],"max_hp_per_floor":[80,80,80,80,80,80,80,80,80,80,80,80,80,80,80],"relics":["Burning Blood","Bottled Lightning","Sundial","Juzu Bracelet"],"card_choices":[{"not_picked":["Thunderclap","Brutality"],"picked":"Whirlwind"},{"not_picked":["Havoc","Intimidate"],"picked":"Searing Blow"},{"not_picked":["Shrug It Off","Clothesline"],"picked":"Corruption"},{"not_picked":["Cleave","Anger"],"picked":"Dual Wield"},{"not_picked":["True Grit","Reckless Charge"],"picked":"Clash"},{"not_picked":["Pommel Strike","Entrench"],"picked":"Rampage"}],"player_experience":506993,"potions_floor_usage":[6,8,10,16,16,16],"damage_taken":[{"damage":0,"enemies":"Small Slimes","floor":1,"turns":3},{"damage":2,"enemies":"2 Louse","floor":3,"turns":2},{"damage":1,"enemies":"Cultist","floor":5,"turns":3},{"damage":20,"enemies":"Gremlin Nob","floor":6,"turns":4},{"damage":1,"enemies":"2 Fungi Beasts","floor":7,"turns":2},{"damage":21,"enemies":"Lagavulin","floor":8,"turns":7},{"damage":27,"enemies":"Exordium Thugs","floor":10,"turns":5},{"damage":12,"enemies":"Large Slime","floor":11,"turns":4},{"damage":1,"enemies":"3 Louse","floor":13,"turns":2},{"damage":11,"enemies":"Red Slaver","floor":14,"turns":3},{"damage":47,"enemies":"Hexaghost","floor":16,"turns":9}],"event_choices":[{"event_name":"Shining Light","player_choice":"Entered Light","floor":2,"damage_taken":0},{"event_name":"Living Wall","player_choice":"Grow","floor":4,"damage_taken":0},{"event_name":"Dead Adventurer","player_choice":"Searched \u00271\u0027 times","floor":12,"damage_taken":0}],"boss_relics":[],"potions_floor_spawned":[1,6,8,11,13],"seed_played":"3745751713726576670","killed_by":"Hexaghost","ascension_level":0,"is_trial":false}