{"path_per_floor":["M","M","?","$","M","R","E","R","T","?","M","E","M","M","R","B",null,"M","?","$","M","M","R","M","M","T","?","$"],"character_chosen":"THE_SILENT","items_purchased":["Glass Knife","Vajra","After Image"],"gold_per_floor":[113,128,128,50,64,64,95,95,95,95,111,145,163,182,182,282,312,328,328,21,33,51,51,70,89,112,112,112,112],"floor_reached":29,"campfire_rested":2,"playtime":1244,"current_hp_per_floor":[70,70,28,28,30,51,50,50,50,50,52,41,43,44,70,13,75,75,61,61,56,59,59,63,59,59,59,59,0],"items_purged":[],"gold":112,"score":237,"play_id":"4aa31f13-9922-493f-b6e7-d11a9bb96f8d","local_time":"20180326231001","is_prod":false,"is_daily":false,"is_ascension_mode":false,"campfire_upgraded":2,"timestamp":1522120201,"path_taken":["M","M","?","$","M","R","E","R","T","?","M","E","M","M","R","BOSS","M","?","$","M","M","R","M","M","T","?","?","E"],"build_version":"2018-03-25","purchased_purges":0,"victory":false,"master_deck":["Defend_G+1","Defend_G+1","Defend_G+1","Defend_G+1","Defend_G+1","Strike_G+1","Strike_G+1","Strike_G+1","Strike_G+1","Strike_G+1","Survivor","Neutralize","Backflip","Dash","Glass Knife+1","Flying Knee+1","Finisher","Dagger Spray","Riddle With Holes","Blur","Leg Sweep","Unload","After Image+1","Dagger Throw+1","Backflip","Calculated Gamble+1","PiercingWail+1"],"max_hp_per_floor":[70,70,70,70,70,70,70,70,70,70,70,70,70,70,70,70,75,75,80,80,80,80,80,80,80,80,80,80,80],"relics":["Ring of the Snake","Bag of Marbles","Blood Vial","Regal Pillow","Bird Faced Urn","Thread and Needle","Tiny House","Vajra","Juzu Bracelet"],"card_choices":[{"not_picked":["Endless Agony","Deflect"],"picked":"Backflip","floor":1},{"not_picked":["Catalyst","Sucker Punch"],"picked":"Dash","floor":2},{"not_picked":["Infinite Blades","Dodge and Roll"],"picked":"Flying Knee","floor":5},{"not_picked":["Acrobatics","Burst"],"picked":"Finisher","floor":7},{"not_picked":["PiercingWail","Outmaneuver"],"picked":"Dagger Spray","floor":11},{"not_picked":["Deflect","Backflip"],"picked":"Riddle With Holes","floor":12},{"not_picked":["Finisher","Noxious Fumes"],"picked":"Blur","floor":13},{"not_picked":["Slice","Quick Slash"],"picked":"Leg Sweep","floor":14},{"not_picked":["Doppelganger","Corpse Explosion"],"picked":"Unload","floor":16},{"not_picked":["Flying Knee","Sucker Punch"],"picked":"Dagger Throw","floor":21},{"not_picked":["Catalyst","Dagger Spray"],"picked":"Backflip","floor":22},{"not_picked":["Outmaneuver","Reflex"],"picked":"Calculated Gamble","floor":24},{"not_picked":["Eviscerate","Slice"],"picked":"PiercingWail","floor":25}],"player_experience":17031,"potions_floor_usage":[7,22,22,22],"damage_taken":[{"damage":0,"enemies":"Small Slimes","floor":1,"turns":4},{"damage":0,"enemies":"Jaw Worm","floor":2,"turns":6},{"damage":0,"enemies":"Cultist","floor":5,"turns":2},{"damage":3,"enemies":"3 Sentries","floor":7,"turns":9},{"damage":0,"enemies":"2 Fungi Beasts","floor":11,"turns":1},{"damage":13,"enemies":"Lagavulin","floor":12,"turns":5},{"damage":0,"enemies":"Looter","floor":13,"turns":2},{"damage":1,"enemies":"Gremlin Gang","floor":14,"turns":2},{"damage":57,"enemies":"Slime Boss","floor":16,"turns":15},{"damage":0,"enemies":"2 Thieves","floor":18,"turns":5},{"damage":9,"enemies":"Spheric Guardian","floor":21,"turns":4},{"damage":13,"enemies":"Slaver and Parasite","floor":22,"turns":5},{"damage":0,"enemies":"Snecko","floor":24,"turns":6},{"damage":8,"enemies":"Sentry and Sphere","floor":25,"turns":7},{"damage":64,"enemies":"Gremlin Leader","floor":29,"turns":9}],"event_choices":[{"event_name":"Scrap Ooze","player_choice":"success","floor":3,"damage_taken":42},{"event_name":"Liars Game","player_choice":"disagreed","floor":10,"damage_taken":0},{"event_name":"Forgotten Altar","player_choice":"Shed Blood","floor":19,"damage_taken":0},{"event_name":"Back to Basics","player_choice":"Simplicity","floor":27,"damage_taken":0}],"boss_relics":[{"not_picked":["The Specimen","Question Card"],"picked":"Tiny House"}],"potions_floor_spawned":[5,12,13,16,18],"seed_played":"-753033800341752431","killed_by":"Gremlin Leader","ascension_level":0,"is_trial":false}