{"path_per_floor":["M","M","M","M","?","R","E","?","T","M","M","?","$","E","R"],"character_chosen":"IRONCLAD","items_purchased":["Barricade","Shrug It Off"],"gold_per_floor":[112,129,145,155,155,155,186,186,210,221,235,200,4,30,30,30],"floor_reached":16,"campfire_rested":1,"playtime":582,"current_hp_per_floor":[75,75,74,68,73,77,57,50,50,51,44,66,66,34,66,0],"items_purged":[],"gold":30,"score":140,"play_id":"a88588c0-648a-4b9b-a402-5bb76707edda","local_time":"20180323234621","is_prod":false,"is_daily":false,"is_ascension_mode":true,"campfire_upgraded":1,"timestamp":1521863181,"path_taken":["M","M","M","M","?","R","E","?","T","M","M","?","?","E","R","BOSS"],"build_version":"2018-03-22v2","purchased_purges":0,"victory":false,"master_deck":["Strike_R","Strike_R","Strike_R","Strike_R","Strike_R","Defend_R","Defend_R","Defend_R","Bash","Perfected Strike","Twin Strike","Pommel Strike","Shrug It Off+1","Thunderclap","Barricade","Shrug It Off","Shrug It Off"],"max_hp_per_floor":[80,80,80,80,85,85,85,85,85,87,89,89,89,89,89,89],"relics":["Eternal Feather","Champion Belt","Singing Bowl","Pantograph"],"card_choices":[{"not_picked":["Sever Soul","Inflame"],"picked":"Perfected Strike","floor":1},{"not_picked":["Juggernaut","Clothesline"],"picked":"Twin Strike","floor":2},{"not_picked":["Heavy Blade","Metallicize"],"picked":"Pommel Strike","floor":3},{"not_picked":["Cleave","Flame Barrier"],"picked":"Shrug It Off","floor":4},{"not_picked":["Combust","Iron Wave"],"picked":"Thunderclap","floor":7},{"not_picked":["Impervious","Havoc"],"picked":"Shrug It Off","floor":14}],"player_experience":662291,"potions_floor_usage":[11,16,16],"damage_taken":[{"damage":5,"enemies":"Jaw Worm","floor":1,"turns":5},{"damage":0,"enemies":"Small Slimes","floor":2,"turns":2},{"damage":1,"enemies":"Cultist","floor":3,"turns":3},{"damage":6,"enemies":"3 Louse","floor":4,"turns":3},{"damage":20,"enemies":"3 Sentries","floor":7,"turns":7},{"damage":1,"enemies":"Looter","floor":10,"turns":3},{"damage":9,"enemies":"Large Slime","floor":11,"turns":4},{"damage":32,"enemies":"Gremlin Nob","floor":14,"turns":4},{"damage":106,"enemies":"Hexaghost","floor":16,"turns":14}],"event_choices":[{"event_name":"Big Fish","player_choice":"Donut","floor":5,"damage_taken":0},{"event_name":"Golden Wing","player_choice":"Card Removal","floor":8,"damage_taken":0},{"event_name":"The Cleric","player_choice":"Healed","floor":12,"damage_taken":0}],"boss_relics":[],"potions_floor_spawned":[1,3,11],"seed_played":"-5678652412513934278","killed_by":"Hexaghost","ascension_level":5,"is_trial":false}