{"gold_per_floor":[212,226,151,162,87,87,97,112,136,136,152,152,171,191,191,292,292,310,68,82,97,97,97,109,124,148,73,91,91,111,127,127,223,223,238,238,255,270,270],"floor_reached":39,"playtime":1592,"items_purged":["Strike_R"],"score":383,"play_id":"dcc00c1c-6ed0-4954-b04b-8da571cbf861","local_time":"20181230202604","is_ascension_mode":false,"campfire_choices":[{"data":"Inflame","floor":6,"key":"SMITH"},{"data":"Demon Form","floor":10,"key":"SMITH"},{"data":"Armaments","floor":12,"key":"SMITH"},{"floor":15,"key":"RECALL"},{"data":"True Grit","floor":23,"key":"SMITH"},{"floor":29,"key":"REST"},{"floor":32,"key":"REST"}],"neow_cost":"NONE","seed_source_timestamp":19196384342200,"circlet_count":0,"master_deck":["Bash","Inflame","Twin Strike","Inflame+1","Armaments+1","Demon Form+1","Pommel Strike","Anger","Ghostly Armor","Limit Break","Uppercut","Pummel","Inflame","Sever Soul","Havoc","Fiend Fire","Headbutt","Flame Barrier","True Grit+1","Shrug It Off+1","Rage","Entrench+1","Battle Trance","True Grit","Impervious","Shrug It Off","Sword Boomerang+1","Disarm"],"relics":["Burning Blood","Ancient Tea Set","PreservedInsect","Pandora\u0027s Box","Bronze Scales","Bag of Preparation","Mark of Pain"],"potions_floor_usage":[16,18,24,25,30,37,37,39],"damage_taken":[{"damage":2,"enemies":"Small Slimes","floor":1,"turns":4},{"damage":1,"enemies":"Cultist","floor":2,"turns":4},{"damage":6,"enemies":"Jaw Worm","floor":4,"turns":4},{"damage":7,"enemies":"2 Fungi Beasts","floor":7,"turns":3},{"damage":16,"enemies":"Lots of Slimes","floor":8,"turns":6},{"damage":9,"enemies":"Exordium Wildlife","floor":11,"turns":3},{"damage":7,"enemies":"Blue Slaver","floor":13,"turns":3},{"damage":1,"enemies":"2 Fungi Beasts","floor":14,"turns":3},{"damage":20,"enemies":"The Guardian","floor":16,"turns":10},{"damage":10,"enemies":"Chosen","floor":18,"turns":3},{"damage":7,"enemies":"Shell Parasite","floor":20,"turns":4},{"damage":8,"enemies":"Snecko","floor":21,"turns":3},{"damage":11,"enemies":"Centurion and Healer","floor":24,"turns":5},{"damage":24,"enemies":"Shelled Parasite and Fungi","floor":25,"turns":5},{"damage":9,"enemies":"Cultist and Chosen","floor":28,"turns":5},{"damage":34,"enemies":"3 Cultists","floor":30,"turns":5},{"damage":22,"enemies":"Snecko","floor":31,"turns":5},{"damage":5,"enemies":"Champ","floor":33,"turns":7},{"damage":5,"enemies":"Orb Walker","floor":35,"turns":6},{"damage":35,"enemies":"3 Darklings","floor":37,"turns":5},{"damage":34,"enemies":"Maw","floor":38,"turns":6},{"damage":25,"enemies":"Spire Growth","floor":39,"turns":4}],"seed_played":"-5289649465990105004","potions_obtained":[{"floor":1,"key":"SkillPotion"},{"floor":8,"key":"EssenceOfSteel"},{"floor":13,"key":"Dexterity Potion"},{"floor":16,"key":"SkillPotion"},{"floor":20,"key":"GamblersBrew"},{"floor":21,"key":"Explosive Potion"},{"floor":25,"key":"GamblersBrew"},{"floor":28,"key":"SkillPotion"},{"floor":33,"key":"Explosive Potion"},{"floor":37,"key":"Energy Potion"},{"floor":38,"key":"LiquidBronze"}],"is_trial":false,"path_per_floor":["M","M","$","M","?","R","M","M","T","R","M","R","M","M","R","B",null,"M","$","M","M","$","R","M","M","T","?","M","R","M","M","R","B",null,"M","?","M","M","M"],"character_chosen":"IRONCLAD","items_purchased":["Flame Barrier","Bronze Scales","True Grit"],"campfire_rested":2,"item_purchase_floors":[19,19,19],"current_hp_per_floor":[80,80,80,80,80,80,79,69,69,69,66,66,65,70,70,56,80,76,76,75,73,73,73,68,50,50,50,47,71,43,27,51,52,80,80,80,51,23,0],"gold":270,"neow_bonus":"HUNDRED_GOLD","is_prod":false,"is_daily":false,"chose_seed":false,"campfire_upgraded":4,"win_rate":0,"timestamp":1546219564,"path_taken":["M","M","$","M","?","R","M","M","T","R","M","R","M","M","R","BOSS","M","?","M","?","$","R","M","M","T","?","M","R","M","M","R","BOSS","M","?","?","M","M"],"build_version":"2018-12-25","purchased_purges":1,"victory":false,"max_hp_per_floor":[80,80,80,80,80,80,80,80,80,80,80,80,80,80,80,80,80,80,80,80,80,80,80,80,80,80,80,80,80,80,80,80,80,80,80,80,80,80,80],"card_choices":[{"not_picked":["Rampage","Infernal Blade"],"picked":"Inflame","floor":1},{"not_picked":["Wild Strike","Infernal Blade"],"picked":"Twin Strike","floor":2},{"not_picked":["Warcry","Iron Wave"],"picked":"Inflame","floor":4},{"not_picked":["Body Slam","Flex"],"picked":"Armaments","floor":7},{"not_picked":["Rupture","Infernal Blade"],"picked":"Demon Form","floor":8},{"not_picked":["Warcry","Flex"],"picked":"Pommel Strike","floor":11},{"not_picked":["Warcry","Headbutt"],"picked":"Anger","floor":13},{"not_picked":["Clash","Hemokinesis"],"picked":"Ghostly Armor","floor":14},{"not_picked":["Impervious","Double Tap"],"picked":"Limit Break","floor":16},{"not_picked":["Anger","Clothesline","Wild Strike+1"],"picked":"SKIP","floor":18},{"not_picked":["Corruption","Sword Boomerang"],"picked":"Shrug It Off+1","floor":20},{"not_picked":["Heavy Blade","Clothesline","Sword Boomerang"],"picked":"SKIP","floor":21},{"not_picked":["Rampage","Dark Embrace"],"picked":"Rage","floor":24},{"not_picked":["Perfected Strike+1","Flex","Thunderclap"],"picked":"SKIP","floor":25},{"not_picked":["Perfected Strike","Sever Soul"],"picked":"Entrench+1","floor":28},{"not_picked":["Seeing Red","True Grit"],"picked":"Battle Trance","floor":30},{"not_picked":["Dual Wield","Clothesline"],"picked":"True Grit","floor":31},{"not_picked":["Brutality","Demon Form"],"picked":"Impervious","floor":33},{"not_picked":["Heavy Blade+1","Wild Strike+1"],"picked":"Shrug It Off","floor":35},{"not_picked":["Bloodletting","Infernal Blade"],"picked":"Sword Boomerang+1","floor":37},{"not_picked":["Warcry+1","Body Slam+1"],"picked":"Disarm","floor":38}],"player_experience":1094011,"relics_obtained":[{"floor":9,"key":"PreservedInsect"},{"floor":26,"key":"Bag of Preparation"}],"event_choices":[{"damage_healed":0,"gold_gain":0,"player_choice":"Paid Gold","damage_taken":0,"relics_obtained":["Ancient Tea Set"],"max_hp_gain":0,"max_hp_loss":0,"event_name":"WeMeetAgain","floor":5,"gold_loss":75},{"cards_removed":["Clash"],"damage_healed":0,"gold_gain":0,"player_choice":"Gave Gold","damage_taken":0,"max_hp_gain":0,"max_hp_loss":0,"event_name":"Beggar","floor":27,"gold_loss":75},{"damage_healed":0,"gold_gain":0,"player_choice":"Ignored","damage_taken":0,"max_hp_gain":0,"max_hp_loss":0,"event_name":"SecretPortal","floor":36,"gold_loss":0}],"is_beta":true,"boss_relics":[{"not_picked":["Coffee Dripper","Ectoplasm"],"picked":"Pandora\u0027s Box"},{"not_picked":["Orrery","Runic Pyramid"],"picked":"Mark of Pain"}],"items_purged_floors":[3],"is_endless":false,"potions_floor_spawned":[1,8,13,16,20,21,25,28,33,37,38],"killed_by":"Spire Growth","ascension_level":0}