{"path_per_floor":["M","?","M","M","M","R","T","E","T","M","$","M","?"],"character_chosen":"THE_SILENT","items_purchased":["Cloak And Dagger","Glass Knife","Distraction"],"gold_per_floor":[114,114,127,140,155,155,155,187,236,254,9,21,21,21],"floor_reached":14,"campfire_rested":1,"playtime":631,"item_purchase_floors":[11,11,11],"current_hp_per_floor":[63,63,63,53,48,69,69,14,14,21,21,13,13,0],"items_purged":[],"gold":21,"score":133,"play_id":"b2eac83b-0ab3-473f-8f75-23c6d50b0977","local_time":"20180605185549","is_prod":false,"is_daily":false,"chose_seed":true,"is_ascension_mode":true,"campfire_upgraded":0,"win_rate":0,"timestamp":1528239349,"campfire_choices":[{"floor":6,"key":"REST"}],"path_taken":["M","?","?","?","M","R","?","E","T","M","$","M","?","?"],"build_version":"2018-06-04v2","seed_source_timestamp":201108622529705,"purchased_purges":0,"victory":false,"master_deck":["Defend_G","Defend_G","Defend_G","Defend_G","Defend_G","Strike_G","Strike_G","Strike_G","Strike_G","Strike_G","Survivor","Neutralize+1","Backflip","Wraith Form v2","Quick Slash","Dodge and Roll","Skewer","Cloak And Dagger","Cloak And Dagger","Glass Knife","Distraction","Malaise","Injury"],"max_hp_per_floor":[70,70,70,70,70,70,70,70,70,70,70,70,70,70],"relics":["Ring of the Snake","Ninja Scroll","Meat on the Bone","Boot","Golden Idol"],"card_choices":[{"not_picked":["Deflect","Accuracy"],"picked":"Backflip","floor":1},{"not_picked":["Dodge and Roll","Prepared"],"picked":"Wraith Form v2","floor":3},{"not_picked":["Acrobatics","Deflect"],"picked":"Quick Slash","floor":4},{"not_picked":["Accuracy","Deadly Poison"],"picked":"Dodge and Roll","floor":5},{"not_picked":["Dagger Throw","Prepared"],"picked":"Skewer","floor":8},{"not_picked":["Underhanded Strike","Noxious Fumes"],"picked":"Cloak And Dagger","floor":10},{"not_picked":["Crippling Poison","Flying Knee"],"picked":"Malaise","floor":12}],"player_experience":397224,"potions_floor_usage":[4],"damage_taken":[{"damage":0,"enemies":"2 Louse","floor":1,"turns":5},{"damage":0,"enemies":"Cultist","floor":3,"turns":5},{"damage":10,"enemies":"Jaw Worm","floor":4,"turns":7},{"damage":5,"enemies":"Red Slaver","floor":5,"turns":8},{"damage":55,"enemies":"Lagavulin","floor":8,"turns":10},{"damage":5,"enemies":"Gremlin Gang","floor":10,"turns":4},{"damage":20,"enemies":"Exordium Thugs","floor":12,"turns":6},{"damage":15,"enemies":"Large Slime","floor":14,"turns":7}],"relics_obtained":[{"floor":7,"key":"Ninja Scroll"},{"floor":8,"key":"Meat on the Bone"},{"floor":9,"key":"Boot"}],"event_choices":[{"event_name":"Upgrade Shrine","player_choice":"Upgraded","floor":2,"damage_taken":0},{"event_name":"Golden Idol","player_choice":"Take Wound","floor":13,"damage_taken":0}],"boss_relics":[],"items_purged_floors":[],"potions_floor_spawned":[3,12],"seed_played":"-8623042705149605899","killed_by":"Large Slime","ascension_level":9,"potions_obtained":[{"floor":3,"key":"PowerPotion"},{"floor":12,"key":"SpeedPotion"}],"is_trial":false}