{"gold_per_floor":[109,109,122,141,141,141,154,154,236,305,76,151,195,220,220,350,350,371,296,211,211,236,236,267,286,311,311,311,324,324,324],"floor_reached":31,"playtime":1170,"items_purged":["Strike_R"],"score":281,"play_id":"38e0c44b-d361-4201-b724-4ed1474cfb50","local_time":"20190109233357","is_ascension_mode":true,"campfire_choices":[{"data":"Twin Strike","floor":6.0,"key":"SMITH"},{"data":"Bash","floor":8.0,"key":"SMITH"},{"floor":15.0,"key":"REST"},{"data":"Feed","floor":23.0,"key":"SMITH"},{"floor":27.0,"key":"REST"}],"neow_cost":"NONE","seed_source_timestamp":16633189936532,"circlet_count":0,"master_deck":["Defend_R","Defend_R","Defend_R","Defend_R","Bash+1","Anger+1","Twin Strike+1","Cleave+1","Clothesline","Offering","Whirlwind","Spot Weakness","Flame Barrier","Shrug It Off","Feed+1","Whirlwind+1","Shrug It Off+1","Sever Soul+1","True Grit","Writhe","Shrug It Off","Feel No Pain+1","Disarm"],"special_seed":0,"relics":["Burning Blood","Dream Catcher","Golden Idol","Frozen Egg 2","Boot","Letter Opener","PreservedInsect","Astrolabe","Champion Belt","Potion Belt","StoneCalendar","Whetstone"],"potions_floor_usage":[],"damage_taken":[{"damage":2.0,"enemies":"2 Louse","floor":1.0,"turns":4.0},{"damage":3.0,"enemies":"Small Slimes","floor":3.0,"turns":3.0},{"damage":7.0,"enemies":"Jaw Worm","floor":4.0,"turns":2.0},{"damage":11.0,"enemies":"Blue Slaver","floor":7.0,"turns":3.0},{"damage":43.0,"enemies":"3 Sentries","floor":10.0,"turns":7.0},{"damage":23.0,"enemies":"3 Sentries","floor":13.0,"turns":5.0},{"damage":11.0,"enemies":"Looter","floor":14.0,"turns":3.0},{"damage":43.0,"enemies":"Hexaghost","floor":16.0,"turns":8.0},{"damage":19.0,"enemies":"Spheric Guardian","floor":18.0,"turns":5.0},{"damage":24.0,"enemies":"Shell Parasite","floor":22.0,"turns":6.0},{"damage":32.0,"enemies":"Book of Stabbing","floor":24.0,"turns":7.0},{"damage":19.0,"enemies":"3 Cultists","floor":25.0,"turns":4.0},{"damage":26.0,"enemies":"Colosseum Slavers","floor":28.0,"turns":3.0},{"damage":13.0,"enemies":"Shelled Parasite and Fungi","floor":29.0,"turns":5.0},{"damage":0.0,"enemies":"Sentry and Sphere","floor":30.0,"turns":1.0},{"damage":39,"enemies":"Cultist and Chosen","floor":31,"turns":6}],"seed_played":"-131536900380644679","potions_obtained":[{"floor":1.0,"key":"Regen Potion"},{"floor":4.0,"key":"GamblersBrew"},{"floor":7.0,"key":"Swift Potion"},{"floor":22.0,"key":"Block Potion"},{"floor":29.0,"key":"SmokeBomb"}],"is_trial":false,"path_per_floor":["M","?","M","M","?","R","M","R","T","?","$","T","E","M","R","B",null,"M","?","?","?","M","R","E","M","T","R","?","M","M","M"],"character_chosen":"IRONCLAD","items_purchased":["Offering","Whirlwind"],"campfire_rested":2,"item_purchase_floors":[11,11],"current_hp_per_floor":[80,74,74,73,78,78,73,73,73,36,36,36,33,28,51,14,79,66,66,66,66,51,51,29,16,16,41,21,18,24,0],"gold":324,"neow_bonus":"RANDOM_COMMON_RELIC","is_prod":false,"is_daily":false,"chose_seed":false,"campfire_upgraded":3,"win_rate":0,"timestamp":1547094837,"path_taken":["M","?","M","M","?","R","M","R","T","?","$","?","E","M","R","BOSS","M","?","?","?","M","R","E","?","T","R","?","M","M","M"],"build_version":"2019-01-08","purchased_purges":1,"victory":false,"max_hp_per_floor":[80,74,74,74,79,79,79,79,79,79,79,79,79,79,79,79,79,79,79,79,79,82,82,86,86,86,86,86,90,90,94],"card_choices":[{"not_picked":["Bloodletting","Headbutt"],"picked":"Anger","floor":1.0},{"not_picked":["Anger","Infernal Blade"],"picked":"Twin Strike","floor":3.0},{"not_picked":["Rage","Entrench"],"picked":"Cleave","floor":4.0},{"not_picked":["Heavy Blade","Body Slam","Cleave"],"picked":"SKIP","floor":7.0},{"not_picked":["Headbutt","True Grit"],"picked":"Clothesline","floor":10.0},{"not_picked":["Juggernaut+1","Havoc"],"picked":"Spot Weakness","floor":13.0},{"not_picked":["Warcry","Flex"],"picked":"Flame Barrier","floor":14.0},{"not_picked":["Havoc","Flex"],"picked":"Shrug It Off","floor":15.0},{"not_picked":["Brutality+1","Bludgeon"],"picked":"Feed","floor":16.0},{"not_picked":["Clash","Perfected Strike+1"],"picked":"True Grit","floor":18.0},{"not_picked":["Reckless Charge","Clothesline"],"picked":"Shrug It Off","floor":22.0},{"not_picked":["Reckless Charge","Whirlwind+1","Cleave"],"picked":"SKIP","floor":24.0},{"not_picked":["Cleave+1","Second Wind","Carnage"],"picked":"SKIP","floor":25.0},{"not_picked":["Reckless Charge+1","Rage"],"picked":"Feel No Pain+1","floor":27.0},{"not_picked":["True Grit+1","Whirlwind"],"picked":"Disarm","floor":29.0}],"player_experience":1224299,"relics_obtained":[{"floor":9.0,"key":"Frozen Egg 2"},{"floor":10.0,"key":"Boot"},{"floor":12.0,"key":"Letter Opener"},{"floor":13.0,"key":"PreservedInsect"},{"floor":24.0,"key":"StoneCalendar"},{"floor":26.0,"key":"Whetstone"}],"event_choices":[{"damage_healed":0.0,"max_hp_gain":0.0,"max_hp_loss":6.0,"gold_gain":0.0,"event_name":"Golden Idol","player_choice":"Lose Max HP","floor":2.0,"gold_loss":0.0,"damage_taken":0.0,"relics_obtained":["Golden Idol"]},{"damage_healed":0.0,"max_hp_gain":5.0,"max_hp_loss":0.0,"gold_gain":0.0,"event_name":"Big Fish","player_choice":"Donut","floor":5.0,"gold_loss":0.0,"damage_taken":0.0},{"damage_healed":0.0,"max_hp_gain":0.0,"max_hp_loss":0.0,"gold_gain":0.0,"event_name":"Dead Adventurer","player_choice":"Searched \u00272\u0027 times","floor":10.0,"gold_loss":0.0,"damage_taken":0.0},{"cards_removed":["Strike_R"],"damage_healed":0.0,"max_hp_gain":0.0,"max_hp_loss":0.0,"gold_gain":0.0,"event_name":"Beggar","player_choice":"Gave Gold","floor":19.0,"gold_loss":75.0,"damage_taken":0.0},{"damage_healed":0.0,"max_hp_gain":0.0,"max_hp_loss":0.0,"gold_gain":0.0,"event_name":"Addict","player_choice":"Obtained Relic","floor":20.0,"gold_loss":85.0,"damage_taken":0.0,"relics_obtained":["Champion Belt"]},{"damage_healed":0.0,"max_hp_gain":0.0,"max_hp_loss":0.0,"gold_gain":0.0,"event_name":"The Mausoleum","player_choice":"Opened","floor":21.0,"gold_loss":0.0,"damage_taken":0.0,"relics_obtained":["Potion Belt"],"cards_obtained":["Writhe"]},{"damage_healed":0.0,"max_hp_gain":0.0,"max_hp_loss":0.0,"gold_gain":0.0,"event_name":"Colosseum","player_choice":"Fight","floor":28.0,"gold_loss":0.0,"damage_taken":0.0},{"damage_healed":0.0,"max_hp_gain":0.0,"max_hp_loss":0.0,"gold_gain":0.0,"event_name":"Colosseum","player_choice":"Fled From Nobs","floor":28.0,"gold_loss":0.0,"damage_taken":0.0}],"is_beta":true,"boss_relics":[{"not_picked":["Tiny House","Runic Pyramid"],"picked":"Astrolabe"}],"items_purged_floors":[11],"is_endless":false,"potions_floor_spawned":[1,4,7,22,29,30],"killed_by":"Cultist and Chosen","ascension_level":2}