{"path_per_floor":["M","?","?","M","M","E","R","E","T","$","R","M","M","M","R"],"character_chosen":"THE_SILENT","items_purchased":["Predator"],"gold_per_floor":[114,114,114,133,158,199,199,237,237,90,90,104,122,143,143],"floor_reached":16,"campfire_rested":2,"playtime":988,"current_hp_per_floor":[70,70,58,58,50,24,45,38,38,38,59,59,53,53,53],"items_purged":["Injury"],"gold":143,"score":112,"play_id":"ff8dfede-6476-4f42-b1a1-e9a097ca6c1f","local_time":"20180314213213","is_prod":false,"is_daily":false,"is_ascension_mode":false,"campfire_upgraded":1,"timestamp":1521077533,"path_taken":["M","?","?","M","M","E","R","E","T","$","R","?","M","M","R","BOSS"],"build_version":"2018-03-09","purchased_purges":1,"victory":false,"master_deck":["Defend_G","Defend_G","Defend_G","Defend_G","Defend_G","Strike_G","Strike_G","Strike_G","Strike_G","Strike_G+1","Survivor","Neutralize+1","Bullet Time","Footwork","Tools of the Trade","Slice","Terror","Predator+1","Finisher","Flying Knee","Dagger Spray"],"max_hp_per_floor":[70,70,70,70,70,70,70,70,70,70,70,70,70,70,70],"relics":["Ring of the Snake","Golden Idol","Unceasing Top","Whetstone","Frozen Eye","Anchor"],"card_choices":[{"not_picked":["Underhanded Strike","Acrobatics"],"picked":"Bullet Time"},{"not_picked":["Accuracy","Distraction"],"picked":"Footwork"},{"not_picked":["Dagger Throw","Bane"],"picked":"Tools of the Trade"},{"not_picked":["Finisher","Predator"],"picked":"Slice"},{"not_picked":["Distraction","Cloak And Dagger"],"picked":"Terror"},{"not_picked":["Prepared","Acrobatics"],"picked":"Finisher"},{"not_picked":["Skewer","Caltrops"],"picked":"Flying Knee"},{"not_picked":["Slice","Bane"],"picked":"Dagger Spray"}],"player_experience":559155,"potions_floor_usage":[],"damage_taken":[{"damage":0,"enemies":"Jaw Worm","floor":1,"turns":5},{"damage":0,"enemies":"2 Louse","floor":4,"turns":2},{"damage":8,"enemies":"Small Slimes","floor":5,"turns":6},{"damage":26,"enemies":"3 Sentries","floor":6,"turns":14},{"damage":7,"enemies":"Lagavulin","floor":8,"turns":12},{"damage":0,"enemies":"Looter","floor":12,"turns":3},{"damage":6,"enemies":"Lots of Slimes","floor":13,"turns":5},{"damage":0,"enemies":"3 Louse","floor":14,"turns":4},{"damage":53,"enemies":"The Guardian","floor":16,"turns":9}],"event_choices":[{"event_name":"Golden Idol","player_choice":"Take Wound","floor":2,"damage_taken":0},{"event_name":"Scrap Ooze","player_choice":"success","floor":3,"damage_taken":12}],"boss_relics":[],"potions_floor_spawned":[1,12,13],"seed_played":"6126555895297793880","killed_by":"The Guardian","ascension_level":0,"is_trial":false}