{"gold_per_floor":[111,130,55,75,55,90,90,90,90,90,90,90,117,127,127,226,226,237,6,6,24,36,36,1,1,47,73,86,86,115,127,127,231,231,250,264,264,276,34,66,66,84,84,84,94,94,41,51,51,51],"floor_reached":51,"playtime":2281,"items_purged":["Normality","Strike_R"],"score":1140,"play_id":"69654033-822b-494c-abb7-e3d5c0e642c8","local_time":"20180803220037","is_ascension_mode":true,"campfire_choices":[{"data":"Bash","floor":8,"key":"SMITH"},{"data":"Shockwave","floor":10,"key":"SMITH"},{"data":"1","floor":15,"key":"LIFT"},{"data":"2","floor":23,"key":"LIFT"},{"data":"3","floor":25,"key":"LIFT"},{"data":"Limit Break","floor":29,"key":"SMITH"},{"floor":32,"key":"REST"},{"data":"Limit Break","floor":41,"key":"SMITH"},{"data":"Feel No Pain","floor":46,"key":"SMITH"},{"floor":49,"key":"REST"}],"neow_cost":"CURSE","seed_source_timestamp":1159245833834004,"circlet_count":0,"master_deck":["Strike_R","Strike_R","Strike_R","Strike_R","Defend_R","Defend_R","Defend_R","Defend_R","Bash+1","Wild Strike","Shockwave+1","Seeing Red+1","Reaper","Disarm","Anger","Limit Break+1","Clothesline","Limit Break+1","Bandage Up","Exhume","Pommel Strike","Dropkick","Bludgeon","Heavy Blade+1","Pummel+1","Shrug It Off","Offering+1","Armaments","Sword Boomerang+1","Madness","Madness","Battle Trance+1","True Grit","Shrug It Off","Headbutt","Metallicize","Shrug It Off+1","Feel No Pain+1","Shrug It Off","Anger"],"relics":["Burning Blood","Red Skull","Meat on the Bone","Blue Candle","Ornamental Fan","Girya","Kunai","Sozu","Omamori","Gremlin Horn","Nunchaku","Mark of Pain","War Paint","Dodecahedron","Unceasing Top"],"potions_floor_usage":[6,13,48],"damage_taken":[{"damage":11,"enemies":"Small Slimes","floor":1,"turns":4},{"damage":1,"enemies":"Cultist","floor":2,"turns":3},{"damage":7,"enemies":"Jaw Worm","floor":4,"turns":3},{"damage":33,"enemies":"Gremlin Nob","floor":6,"turns":5},{"damage":28,"enemies":"3 Sentries","floor":13,"turns":8},{"damage":7,"enemies":"Exordium Thugs","floor":14,"turns":5},{"damage":27,"enemies":"Hexaghost","floor":16,"turns":8},{"damage":7,"enemies":"Chosen","floor":18,"turns":5},{"damage":24,"enemies":"Spheric Guardian","floor":21,"turns":4},{"damage":44,"enemies":"Cultist and Chosen","floor":22,"turns":7},{"damage":43,"enemies":"Book of Stabbing","floor":27,"turns":5},{"damage":22,"enemies":"3 Cultists","floor":28,"turns":7},{"damage":57,"enemies":"Gremlin Leader","floor":30,"turns":6},{"damage":11,"enemies":"Chosen and Byrds","floor":31,"turns":5},{"damage":10,"enemies":"Automaton","floor":33,"turns":6},{"damage":4,"enemies":"Orb Walker","floor":35,"turns":3},{"damage":21,"enemies":"3 Shapes","floor":36,"turns":3},{"damage":42,"enemies":"3 Darklings","floor":38,"turns":9},{"damage":67,"enemies":"Giant Head","floor":40,"turns":7},{"damage":15,"enemies":"Flame Bruiser 2 Orb","floor":42,"turns":4},{"damage":35,"floor":44,"turns":10},{"damage":29,"enemies":"Transient","floor":45,"turns":5},{"damage":11,"enemies":"Spire Growth","floor":48,"turns":3},{"damage":81,"enemies":"Time Eater","floor":50,"turns":7}],"seed_played":"-7366276214481307842","potions_obtained":[{"floor":1,"key":"Explosive Potion"},{"floor":4,"key":"Ancient Potion"},{"floor":5,"key":"Ancient Potion"}],"is_trial":false,"path_per_floor":["M","M","$","M","?","E","T","R","T","R","?","T","E","M","R","B",null,"M","$","?","M","M","R","$","R","T","E","M","R","E","M","R","B",null,"M","M","?","M","$","E","R","M","T","?","M","R","$","M","R","B"],"character_chosen":"IRONCLAD","items_purchased":["Limit Break","Bandage Up","Dropkick","True Grit","Shrug It Off","Headbutt","Shrug It Off"],"campfire_rested":2,"item_purchase_floors":[19,19,24,39,39,39,47],"current_hp_per_floor":[83,88,88,87,87,60,60,60,60,60,53,53,64,63,63,66,89,96,96,96,78,65,65,65,65,65,65,74,74,39,52,80,80,92,94,79,67,90,90,45,45,48,48,50,55,55,55,66,94,50],"gold":51,"neow_bonus":"TWENTY_PERCENT_HP_BONUS","is_prod":false,"is_daily":false,"chose_seed":false,"campfire_upgraded":5,"win_rate":0,"timestamp":1533348037,"path_taken":["M","M","$","M","?","E","?","R","T","R","?","?","E","?","R","BOSS","M","$","?","M","M","R","$","R","T","E","M","R","E","M","R","BOSS","M","M","?","M","$","E","R","M","T","?","?","R","?","M","R","BOSS"],"build_version":"2018-08-01","purchased_purges":2,"victory":true,"max_hp_per_floor":[96,96,96,96,96,96,96,96,96,96,96,96,96,96,96,96,96,96,96,96,96,96,96,96,96,96,96,96,96,96,96,96,96,96,96,96,96,96,96,96,96,96,96,96,96,96,96,96,96,96],"card_choices":[{"not_picked":["Iron Wave","Cleave"],"picked":"Wild Strike","floor":1},{"not_picked":["Shrug It Off","Flex"],"picked":"Shockwave","floor":2},{"not_picked":["Bloodletting","Clash"],"picked":"Seeing Red","floor":4},{"not_picked":["Fire Breathing","Clothesline"],"picked":"Reaper","floor":6},{"not_picked":["Ghostly Armor","Sever Soul"],"picked":"Disarm","floor":13},{"not_picked":["Reckless Charge","Clash"],"picked":"Anger","floor":14},{"not_picked":["Reaper","Barricade"],"picked":"Limit Break","floor":16},{"not_picked":["Havoc","Perfected Strike"],"picked":"Clothesline","floor":18},{"not_picked":["Headbutt","Blood for Blood+1"],"picked":"Exhume","floor":21},{"not_picked":["Flex","Havoc+1"],"picked":"Pommel Strike","floor":22},{"not_picked":["Hemokinesis","Seeing Red"],"picked":"Bludgeon","floor":27},{"not_picked":["Cleave+1","Perfected Strike"],"picked":"Heavy Blade+1","floor":28},{"not_picked":["Pommel Strike","Twin Strike"],"picked":"Pummel+1","floor":30},{"not_picked":["Perfected Strike","Headbutt"],"picked":"Shrug It Off","floor":31},{"not_picked":["Feed","Bludgeon"],"picked":"Offering","floor":33},{"not_picked":["Rupture+1","Iron Wave"],"picked":"Armaments","floor":35},{"not_picked":["Rage","Inflame"],"picked":"Sword Boomerang+1","floor":36},{"not_picked":["Warcry","Shrug It Off"],"picked":"Battle Trance+1","floor":38},{"not_picked":["Thunderclap+1","Seeing Red"],"picked":"Metallicize","floor":40},{"not_picked":["Searing Blow","Havoc"],"picked":"Shrug It Off+1","floor":42},{"not_picked":["Clothesline","Infernal Blade"],"picked":"Feel No Pain","floor":45},{"not_picked":["Havoc","Shockwave+1"],"picked":"Anger","floor":48}],"player_experience":705755,"relics_obtained":[{"floor":6,"key":"Red Skull"},{"floor":7,"key":"Meat on the Bone"},{"floor":9,"key":"Blue Candle"},{"floor":12,"key":"Girya"},{"floor":13,"key":"Kunai"},{"floor":26,"key":"Omamori"},{"floor":27,"key":"Gremlin Horn"},{"floor":30,"key":"Nunchaku"},{"floor":40,"key":"War Paint"},{"floor":43,"key":"Dodecahedron"},{"floor":44,"key":"Unceasing Top"}],"event_choices":[{"event_name":"The Woman in Blue","player_choice":"Bought 1 Potion","floor":5,"damage_taken":0},{"event_name":"Scrap Ooze","player_choice":"success","floor":11,"damage_taken":7},{"event_name":"Beggar","player_choice":"Ignored","floor":20,"damage_taken":0},{"event_name":"Winding Halls","player_choice":"Embrace Madness","floor":37,"damage_taken":0},{"event_name":"MindBloom","player_choice":"Fight","floor":44,"damage_taken":0}],"is_beta":true,"boss_relics":[{"not_picked":["Busted Crown","Black Star"],"picked":"Sozu"},{"not_picked":["Coffee Dripper","White Beast Statue"],"picked":"Mark of Pain"}],"items_purged_floors":[3,39],"is_endless":false,"potions_floor_spawned":[1,4,21,22,28,30,36,42,44,45],"ascension_level":9}