{"gold_per_floor":[114,126,183,132,132,132,132,164,164,164,182,198,198,214,214,315,315,329,329,74,174,194,194,219,219,219,245,245,255,255,108,108,203,203,220,237,337,356,356,356,371,371,371,30,41,70,70,0,0,0],"floor_reached":51,"playtime":4873,"items_purged":["Strike_B"],"score":1063,"play_id":"52bdf50b-d656-4306-8205-02cbfe0f0f0d","local_time":"20181229181141","is_ascension_mode":true,"campfire_choices":[{"data":"Sunder","floor":6.0,"key":"SMITH"},{"data":"Zap","floor":10.0,"key":"SMITH"},{"floor":13.0,"key":"REST"},{"data":"Go for the Eyes","floor":15.0,"key":"SMITH"},{"floor":23.0,"key":"REST"},{"floor":25.0,"key":"REST"},{"data":"Electrodynamics","floor":28.0,"key":"SMITH"},{"floor":32.0,"key":"REST"},{"floor":40,"key":"REST"},{"floor":42,"key":"REST"},{"floor":47,"key":"RECALL"},{"floor":49,"key":"REST"}],"neow_cost":"NONE","seed_source_timestamp":70518363142398,"circlet_count":0,"master_deck":["AscendersBane","Strike_B","Strike_B","Defend_B","Defend_B","Defend_B","Defend_B","Zap+1","Sunder+1","Beam Cell","Conserve Battery","Barrage","Capacitor","Storm","Go for the Eyes+1","Electrodynamics+1","Ball Lightning+1","Leap","Rebound+1","Reinforced Body","Stack+1","Leap","Stack+1","Consume","Heatsinks","Multi-Cast","Conserve Battery+1","Coolheaded+1","Coolheaded+1","Leap+1","Cold Snap+1"],"special_seed":0,"relics":["Cracked Core","Darkstone Periapt","Gambling Chip","Velvet Choker","Bronze Scales","Pocketwatch","Ornamental Fan","Strawberry","Gremlin Horn","Mummified Hand","MutagenicStrength","Sozu","FossilizedHelix","Happy Flower","ClockworkSouvenir","Sundial","Red Mask"],"potions_floor_usage":[50],"damage_taken":[{"damage":5.0,"enemies":"Small Slimes","floor":1.0,"turns":3.0},{"damage":0.0,"enemies":"2 Louse","floor":2.0,"turns":2.0},{"damage":33.0,"enemies":"Lagavulin","floor":8.0,"turns":5.0},{"damage":0.0,"enemies":"Cultist","floor":11.0,"turns":2.0},{"damage":9.0,"enemies":"Blue Slaver","floor":12.0,"turns":3.0},{"damage":0.0,"enemies":"Large Slime","floor":14.0,"turns":2.0},{"damage":28.0,"enemies":"Hexaghost","floor":16.0,"turns":7.0},{"damage":1.0,"enemies":"Chosen","floor":18.0,"turns":3.0},{"damage":13.0,"enemies":"Colosseum Slavers","floor":21.0,"turns":2.0},{"damage":11.0,"enemies":"Colosseum Nobs","floor":21.0,"turns":4.0},{"damage":0.0,"enemies":"3 Byrds","floor":22.0,"turns":2.0},{"damage":24.0,"enemies":"Book of Stabbing","floor":24.0,"turns":6.0},{"damage":10.0,"enemies":"Slavers","floor":27.0,"turns":3.0},{"damage":0.0,"enemies":"Snecko","floor":29.0,"turns":5.0},{"damage":43.0,"enemies":"Automaton","floor":33.0,"turns":9.0},{"damage":0.0,"enemies":"3 Shapes","floor":35.0,"turns":3.0},{"damage":0.0,"enemies":"3 Darklings","floor":36.0,"turns":5.0},{"damage":0,"enemies":"Mind Bloom Boss Battle","floor":37,"turns":3},{"damage":32,"enemies":"Maw","floor":38,"turns":8},{"damage":22,"enemies":"Sphere and 2 Shapes","floor":41,"turns":5},{"damage":6,"enemies":"3 Darklings","floor":45,"turns":4},{"damage":0,"enemies":"Reptomancer","floor":46,"turns":6},{"damage":48,"enemies":"Awakened One","floor":50,"turns":20}],"seed_played":"3696386490802305224","potions_obtained":[{"floor":1.0,"key":"Swift Potion"},{"floor":7.0,"key":"PowerPotion"},{"floor":7.0,"key":"Regen Potion"},{"floor":8.0,"key":"Weak Potion"},{"floor":16.0,"key":"Poison Potion"},{"floor":18.0,"key":"Energy Potion"},{"floor":24.0,"key":"Ancient Potion"},{"floor":29.0,"key":"Poison Potion"}],"is_trial":false,"path_per_floor":["M","M","?","$","?","R","?","E","T","R","M","M","R","M","R","B",null,"M","?","$","?","M","R","E","R","T","E","R","M","?","$","R","B",null,"M","M","M","?","R","M","R","T","$","M","E","R","?","R","B",null],"character_chosen":"DEFECT","items_purchased":["Conserve Battery","Bronze Scales","Leap","Consume","Heatsinks","Happy Flower","ClockworkSouvenir"],"campfire_rested":7,"item_purchase_floors":[4,20,20,31,31,44,44],"current_hp_per_floor":[63,63,63,63,63,63,63,42,42,42,42,33,55,55,55,27,63,62,62,62,38,38,60,43,67,67,57,57,57,57,57,81,38,71,71,71,71,39,39,63,41,65,65,65,59,59,59,59,82,34],"gold":0,"neow_bonus":"REMOVE_CARD","is_prod":false,"is_daily":false,"chose_seed":false,"campfire_upgraded":4,"win_rate":0,"timestamp":1546125101,"path_taken":["M","M","?","$","?","R","?","E","T","R","M","?","R","M","R","BOSS","M","?","$","?","M","R","E","R","T","E","R","M","?","?","R","BOSS","M","M","?","M","?","R","M","R","T","$","M","E","R","?","R","BOSS"],"build_version":"2018-12-25","purchased_purges":1,"victory":true,"max_hp_per_floor":[75,75,75,75,75,75,75,75,75,75,75,75,75,75,75,75,75,75,75,75,75,75,75,82,82,82,82,82,82,82,82,82,82,82,82,82,82,82,82,82,82,82,82,82,82,82,82,82,82,82],"card_choices":[{"not_picked":["Tempest","Hologram"],"picked":"Sunder","floor":1.0},{"not_picked":["Skim","Gash"],"picked":"Beam Cell","floor":2.0},{"not_picked":["Double Energy","Thunder Strike"],"picked":"Barrage","floor":8.0},{"not_picked":["Beam Cell","Cold Snap"],"picked":"Capacitor","floor":11.0},{"not_picked":["Turbo","Darkness"],"picked":"Storm","floor":12.0},{"not_picked":["Gash","Sunder"],"picked":"Go for the Eyes","floor":14.0},{"not_picked":["Multi-Cast","Buffer"],"picked":"Electrodynamics","floor":16.0},{"not_picked":["Turbo","Compile Driver"],"picked":"Ball Lightning+1","floor":18.0},{"not_picked":["Steam Power","Turbo"],"picked":"Rebound+1","floor":21.0},{"not_picked":["Beam Cell","Gash"],"picked":"Reinforced Body","floor":22.0},{"not_picked":["Chaos","Steam Power"],"picked":"Stack+1","floor":24.0},{"not_picked":["Lockon","Gash"],"picked":"Leap","floor":27.0},{"not_picked":["Doom and Gloom","Reboot"],"picked":"Stack+1","floor":29.0},{"not_picked":["Seek","Meteor Strike"],"picked":"Multi-Cast","floor":33.0},{"not_picked":["Steam Power+1","Rebound+1"],"picked":"Conserve Battery+1","floor":35.0},{"not_picked":["Sunder+1","Turbo+1"],"picked":"Coolheaded+1","floor":36.0},{"not_picked":["Conserve Battery+1","Streamline"],"picked":"Coolheaded+1","floor":37},{"not_picked":["Redo+1","Conserve Battery+1"],"picked":"Leap+1","floor":38},{"not_picked":["Rainbow","Cold Snap+1","Blizzard"],"picked":"SKIP","floor":41},{"not_picked":["Coolheaded","Lockon+1"],"picked":"Cold Snap+1","floor":45},{"not_picked":["Redo","Steam","Blizzard+1"],"picked":"SKIP","floor":46}],"player_experience":1058294,"relics_obtained":[{"floor":8.0,"key":"Darkstone Periapt"},{"floor":9.0,"key":"Gambling Chip"},{"floor":21.0,"key":"Pocketwatch"},{"floor":21.0,"key":"Ornamental Fan"},{"floor":24.0,"key":"Strawberry"},{"floor":26.0,"key":"Gremlin Horn"},{"floor":27.0,"key":"Mummified Hand"},{"floor":37,"key":"FossilizedHelix"},{"floor":46,"key":"Sundial"}],"event_choices":[{"damage_healed":0.0,"max_hp_gain":0.0,"max_hp_loss":0.0,"gold_gain":57.0,"event_name":"Golden Wing","player_choice":"Gained Gold","floor":3.0,"gold_loss":0.0,"damage_taken":0.0},{"damage_healed":0.0,"max_hp_gain":0.0,"max_hp_loss":0.0,"gold_gain":0.0,"event_name":"Liars Game","player_choice":"Ignored","floor":5.0,"gold_loss":0.0,"damage_taken":0.0},{"damage_healed":0.0,"max_hp_gain":0.0,"max_hp_loss":0.0,"gold_gain":0.0,"event_name":"Lab","player_choice":"Got Potions","floor":7.0,"gold_loss":0.0,"damage_taken":0.0},{"damage_healed":0.0,"max_hp_gain":0.0,"max_hp_loss":0.0,"gold_gain":0.0,"event_name":"Ghosts","player_choice":"Ignored","floor":19.0,"gold_loss":0.0,"damage_taken":0.0},{"damage_healed":0.0,"max_hp_gain":0.0,"max_hp_loss":0.0,"gold_gain":0.0,"event_name":"Colosseum","player_choice":"Fight","floor":21.0,"gold_loss":0.0,"damage_taken":0.0},{"damage_healed":0.0,"max_hp_gain":0.0,"max_hp_loss":0.0,"gold_gain":0.0,"event_name":"Colosseum","player_choice":"Fought Nobs","floor":21.0,"gold_loss":0.0,"damage_taken":0.0},{"damage_healed":0.0,"max_hp_gain":0.0,"max_hp_loss":0.0,"gold_gain":0.0,"event_name":"Drug Dealer","player_choice":"Inject Mutagens","floor":30.0,"gold_loss":0.0,"damage_taken":0.0,"relics_obtained":["MutagenicStrength"]},{"damage_healed":0,"gold_gain":0,"player_choice":"Fight","damage_taken":0,"max_hp_gain":0,"max_hp_loss":0,"event_name":"MindBloom","floor":37,"gold_loss":0},{"cards_removed":["Dualcast"],"damage_healed":0,"gold_gain":0,"player_choice":"Removed Skill","damage_taken":0,"max_hp_gain":0,"max_hp_loss":0,"event_name":"Falling","floor":39,"gold_loss":0},{"damage_healed":0,"gold_gain":0,"player_choice":"Paid","damage_taken":0,"relics_obtained":["Red Mask"],"max_hp_gain":0,"max_hp_loss":0,"event_name":"Tomb of Lord Red Mask","floor":48,"gold_loss":70}],"is_beta":true,"boss_relics":[{"not_picked":["White Beast Statue","Inserter"],"picked":"Velvet Choker"},{"not_picked":["Black Star","Tiny House"],"picked":"Sozu"}],"items_purged_floors":[20],"is_endless":false,"potions_floor_spawned":[1,8,11,16,18,21,24,29,38,41],"ascension_level":11}