{"path_per_floor":["M","?","M","M","T","R","E","M","T","$","?","M","R","M","R","B",null,"M","?","$","M","?","M","?","M","T","M","R","M","R","$","R","B",null,"M","M","M","M","?","R","M","$","T","R","$","M","?","?","R"],"character_chosen":"DEFECT","items_purchased":["Kunai","Rainbow","Sweeping Beam","Gremlin Horn"],"gold_per_floor":[119,194,208,218,218,218,248,260,339,82,82,96,96,112,112,211,211,230,230,50,62,62,78,78,90,90,107,107,120,120,120,120,219,219,238,254,270,286,286,286,300,47,47,47,47,57,57,57,57,57],"floor_reached":50,"campfire_rested":5,"playtime":2948,"item_purchase_floors":[10,20,20,42],"current_hp_per_floor":[75,64,57,53,53,53,41,40,40,40,40,48,70,63,63,22,75,65,59,59,59,59,46,30,42,49,45,69,69,69,69,69,47,82,78,78,78,70,60,82,77,77,77,82,82,81,81,81,82,0],"items_purged":[],"gold":57,"score":521,"play_id":"fdbe0e40-f285-4920-bff2-51acfbaa37af","local_time":"20180624163139","is_prod":false,"is_daily":false,"chose_seed":false,"is_ascension_mode":false,"campfire_upgraded":4,"win_rate":0,"timestamp":1529872299,"campfire_choices":[{"data":"Cold Snap","floor":6,"key":"SMITH"},{"floor":13,"key":"REST"},{"data":"Redo","floor":15,"key":"SMITH"},{"floor":28,"key":"REST"},{"data":"Buffer","floor":30,"key":"SMITH"},{"data":"Rainbow","floor":32,"key":"SMITH"},{"floor":40,"key":"REST"},{"floor":44,"key":"REST"},{"floor":49,"key":"REST"}],"path_taken":["M","?","M","M","?","R","E","M","T","$","?","?","R","M","R","BOSS","M","?","$","M","?","M","?","M","T","?","R","?","R","$","R","BOSS","M","M","?","M","?","R","M","$","T","R","?","M","?","?","R","BOSS"],"build_version":"2018-06-21","seed_source_timestamp":845785262822055,"purchased_purges":0,"circlet_count":0,"victory":false,"master_deck":["Strike_B","Strike_B","Strike_B","Defend_B","Defend_B","Defend_B","Defend_B","Zap","Dualcast","Redo+1","Coolheaded","Cold Snap+1","Leap","Compile Driver","Amplify","Blizzard","Buffer+1","Steam","Seek","Loop","RitualDagger","Rainbow+1","Go for the Eyes+1","Loop","Gash+1","Glacier","Go for the Eyes+1","Go for the Eyes","Loop","All For One","Gash","Gash+1","FTL","Turbo+1","Madness","Madness","Go for the Eyes+1","Leap","Loop+1","Defragment","Rainbow","FTL"],"max_hp_per_floor":[75,75,75,75,75,75,75,75,75,75,75,75,75,75,75,75,75,75,75,75,75,75,75,75,75,82,82,82,82,82,82,82,82,82,82,82,82,82,82,82,82,82,82,82,82,82,82,82,82,82],"relics":["Cracked Core","Dream Catcher","Meat on the Bone","Centennial Puzzle","Kunai","Sozu","Enchiridion","Strawberry","Fusion Hammer","Gremlin Horn","Torii","Gambling Chip"],"card_choices":[{"not_picked":["Recycle","Compile Driver"],"picked":"Redo","floor":1},{"not_picked":["Streamline","Reprogram"],"picked":"Coolheaded","floor":3},{"not_picked":["Darkness","Streamline"],"picked":"Cold Snap","floor":4},{"not_picked":["Compile Driver","Double Energy"],"picked":"Leap","floor":7},{"not_picked":["Heatsinks","Hello World"],"picked":"Compile Driver","floor":8},{"not_picked":["Chaos","Turbo"],"picked":"Blizzard","floor":12},{"not_picked":["Genetic Algorithm","Leap"],"picked":"Buffer","floor":13},{"not_picked":["Compile Driver","Blizzard"],"picked":"Steam","floor":14},{"not_picked":["Amplify","Multi-Cast"],"picked":"Seek","floor":16},{"not_picked":["Go for the Eyes+1","Lockon"],"picked":"Loop","floor":18},{"not_picked":["Gash","Hologram"],"picked":"Go for the Eyes+1","floor":21},{"not_picked":["Coolheaded","Sweeping Beam+1"],"picked":"Gash+1","floor":23},{"not_picked":["Leap","Seek"],"picked":"Glacier","floor":25},{"not_picked":["Rebound","Steam"],"picked":"Go for the Eyes+1","floor":27},{"not_picked":["Leap","Glacier"],"picked":"Go for the Eyes","floor":28},{"not_picked":["Rebound","Genetic Algorithm"],"picked":"Loop","floor":29},{"not_picked":["Rainbow","Hyperbeam"],"picked":"All For One","floor":33},{"not_picked":["Ball Lightning","Double Energy"],"picked":"Gash","floor":35},{"not_picked":["Go for the Eyes","Coolheaded"],"picked":"Gash+1","floor":36},{"not_picked":["Ball Lightning","BootSequence+1"],"picked":"FTL","floor":37},{"not_picked":["Lockon","Steam+1"],"picked":"Turbo+1","floor":38},{"not_picked":["Aggregate+1","Stack"],"picked":"Go for the Eyes+1","floor":40},{"not_picked":["Double Energy","Storm"],"picked":"Leap","floor":41},{"not_picked":["Coolheaded","Self Repair+1"],"picked":"Loop+1","floor":44},{"not_picked":["Aggregate+1","Gash+1"],"picked":"Defragment","floor":46},{"not_picked":["Tempest","Sweeping Beam"],"picked":"Rainbow","floor":47},{"not_picked":["Capacitor","Static Discharge+1"],"picked":"FTL","floor":49}],"player_experience":458667,"potions_floor_usage":[7,16,16,33],"damage_taken":[{"damage":0,"enemies":"Cultist","floor":1,"turns":4},{"damage":7,"enemies":"Small Slimes","floor":3,"turns":4},{"damage":4,"enemies":"Jaw Worm","floor":4,"turns":3},{"damage":12,"enemies":"Gremlin Nob","floor":7,"turns":4},{"damage":1,"enemies":"2 Fungi Beasts","floor":8,"turns":3},{"damage":4,"enemies":"Gremlin Gang","floor":12,"turns":6},{"damage":7,"enemies":"Blue Slaver","floor":14,"turns":4},{"damage":53,"enemies":"Hexaghost","floor":16,"turns":9},{"damage":10,"enemies":"3 Byrds","floor":18,"turns":6},{"damage":0,"enemies":"Chosen","floor":21,"turns":5},{"damage":25,"enemies":"Snake Plant","floor":23,"turns":5},{"damage":0,"enemies":"Cultist and Chosen","floor":25,"turns":6},{"damage":4,"enemies":"Snecko","floor":27,"turns":5},{"damage":0,"enemies":"3 Cultists","floor":29,"turns":6},{"damage":22,"enemies":"Collector","floor":33,"turns":12},{"damage":4,"enemies":"3 Shapes","floor":35,"turns":4},{"damage":0,"enemies":"Flame Bruiser 1 Orb","floor":36,"turns":7},{"damage":0,"enemies":"3 Darklings","floor":37,"turns":6},{"damage":8,"enemies":"Spire Growth","floor":38,"turns":4},{"damage":5,"enemies":"Flame Bruiser 2 Orb","floor":41,"turns":7},{"damage":1,"enemies":"Maw","floor":46,"turns":11},{"damage":0,"floor":47,"turns":7},{"damage":100,"enemies":"Awakened One","floor":50,"turns":11}],"relics_obtained":[{"floor":5,"key":"Dream Catcher"},{"floor":7,"key":"Meat on the Bone"},{"floor":9,"key":"Centennial Puzzle"},{"floor":24,"key":"Enchiridion"},{"floor":26,"key":"Strawberry"},{"floor":43,"key":"Torii"},{"floor":47,"key":"Gambling Chip"}],"event_choices":[{"event_name":"World of Goop","player_choice":"Gather Gold","floor":2,"damage_taken":0},{"event_name":"Transmorgrifier","player_choice":"Transform","floor":11,"damage_taken":0},{"event_name":"Nest","player_choice":"Joined the Cult","floor":19,"damage_taken":0},{"event_name":"Duplicator","player_choice":"One dupe","floor":22,"damage_taken":0},{"event_name":"Cursed Tome","player_choice":"Obtained Book","floor":24,"damage_taken":0},{"event_name":"Winding Halls","player_choice":"Embrace Madness","floor":39,"damage_taken":0},{"event_name":"MindBloom","player_choice":"Fight","floor":47,"damage_taken":0},{"event_name":"Falling","player_choice":"Removed Attack","floor":48,"damage_taken":0}],"boss_relics":[{"not_picked":["Ectoplasm","Black Star"],"picked":"Sozu"},{"not_picked":["White Beast Statue","Velvet Choker"],"picked":"Fusion Hammer"}],"items_purged_floors":[],"is_endless":false,"potions_floor_spawned":[4,12,18,21,27,29,33,36,37,38],"seed_played":"1083578946755478271","killed_by":"Awakened One","ascension_level":0,"potions_obtained":[{"floor":12,"key":"LiquidBronze"}],"is_trial":false}