{"path_per_floor":["M","M","?","M","?","R","M","R","T","M","M","M","R","E","R","B",null,"M","?","?","M","T","E","R"],"character_chosen":"THE_SILENT","items_purchased":[],"gold_per_floor":[12,32,32,52,52,52,67,67,67,86,105,121,121,154,154,282,282,307,307,307,328,328,371,371],"floor_reached":25,"campfire_rested":2,"playtime":1267,"current_hp_per_floor":[64,64,64,59,52,52,51,51,51,43,47,46,46,28,49,39,70,47,47,47,35,45,28,52],"items_purged":[],"gold":371,"score":256,"play_id":"32b4fb7b-5830-4420-9caf-b3e6b3ac489d","local_time":"20180304183016","is_prod":false,"is_daily":false,"is_ascension_mode":true,"campfire_upgraded":3,"timestamp":1520206216,"path_taken":["M","?","?","M","?","R","?","R","T","M","M","M","R","E","R","BOSS","M","?","?","?","?","E","R","E"],"build_version":"2018-03-01-PROD1","purchased_purges":0,"victory":false,"master_deck":["Defend_G","Defend_G","Defend_G","Defend_G","Strike_G","Strike_G","Strike_G","Strike_G","Survivor","Neutralize+1","Poisoned Stab","Dodge and Roll","Sucker Punch","All Out Attack+1","Acrobatics","Envenom+1","Footwork","Adrenaline","Terror","Neutralize+1","Skewer"],"max_hp_per_floor":[70,70,70,70,70,70,70,70,70,70,70,70,70,70,70,70,70,70,70,70,70,80,80,80],"relics":["Ring of the Snake","Golden Idol","Torii","Pen Nib","Black Star","Pear","Happy Flower","Juzu Bracelet"],"card_choices":[{"not_picked":["Deflect","Deadly Poison"],"picked":"Poisoned Stab"},{"not_picked":["Corpse Explosion","Acrobatics"],"picked":"Dodge and Roll"},{"not_picked":["Quick Slash","Underhanded Strike"],"picked":"Sucker Punch"},{"not_picked":["Flying Knee","Finisher"],"picked":"All Out Attack"},{"not_picked":["Sucker Punch","Quick Slash"],"picked":"Acrobatics"},{"not_picked":["Bane","Dodge and Roll"],"picked":"Envenom"},{"not_picked":["Crippling Poison","Endless Agony"],"picked":"Footwork"},{"not_picked":["Tools of the Trade","Wraith Form"],"picked":"Adrenaline"},{"not_picked":["Deflect","Acrobatics"],"picked":"Terror"},{"not_picked":["Footwork","All Out Attack"],"picked":"Skewer"}],"player_experience":402320,"potions_floor_usage":[11,12,16,18,25],"damage_taken":[{"damage":6,"enemies":"Cultist","floor":1,"turns":5},{"damage":0,"enemies":"2 Louse","floor":2,"turns":3},{"damage":5,"enemies":"Small Slimes","floor":4,"turns":6},{"damage":1,"enemies":"Looter","floor":7,"turns":4},{"damage":8,"enemies":"Blue Slaver","floor":10,"turns":4},{"damage":11,"enemies":"Large Slime","floor":11,"turns":6},{"damage":1,"enemies":"Exordium Thugs","floor":12,"turns":3},{"damage":18,"enemies":"3 Sentries","floor":14,"turns":5},{"damage":10,"enemies":"Hexaghost","floor":16,"turns":10},{"damage":23,"enemies":"Spheric Guardian","floor":18,"turns":4},{"damage":12,"enemies":"Chosen","floor":21,"turns":6},{"damage":17,"enemies":"Book of Stabbing","floor":23,"turns":8},{"damage":53,"enemies":"Slavers","floor":25,"turns":4}],"event_choices":[{"event_name":"Golden Idol","player_choice":"Take Wound","floor":3,"damage_taken":0},{"event_name":"Golden Wing","player_choice":"Card Removal","floor":5,"damage_taken":0},{"event_name":"Duplicator","player_choice":"One dupe","floor":19,"damage_taken":0},{"event_name":"Vampires","player_choice":"Ignored","floor":20,"damage_taken":0}],"boss_relics":[{"not_picked":["Orrery","Ectoplasm"],"picked":"Black Star"}],"potions_floor_spawned":[7,10,12,16,23],"seed_played":"5110181597235482082","killed_by":"Slavers","ascension_level":3,"is_trial":false}