{"path_per_floor":["M","M","?","M","M","R","E","?","T","?","R","M","E","$","R","B",null,"M","$","M","$","?"],"character_chosen":"IRONCLAD","items_purchased":["Shrug It Off","Limit Break"],"gold_per_floor":[110,126,126,140,155,155,189,139,187,187,187,211,245,117,117,247,247,263,16,34,34,34,34],"floor_reached":23,"campfire_rested":1,"playtime":767,"current_hp_per_floor":[76,80,80,80,69,69,56,56,63,63,63,59,47,47,81,47,81,38,38,26,26,26,0],"items_purged":["Defend_R","Strike_R"],"gold":34,"score":199,"play_id":"9ef25a54-f957-4db3-94ff-e16fe83d776e","local_time":"20180326223946","is_prod":false,"is_daily":false,"is_ascension_mode":false,"campfire_upgraded":2,"timestamp":1522118386,"path_taken":["M","M","?","M","M","R","E","?","T","?","R","M","E","$","R","BOSS","M","$","M","$","?","E"],"build_version":"2018-03-25","purchased_purges":2,"victory":false,"master_deck":["Strike_R","Strike_R","Strike_R","Strike_R","Defend_R","Defend_R","Bash","Rampage+1","Spot Weakness+1","Inflame+1","Pummel","Double Tap","Shrug It Off","Brutality","Headbutt+1","Limit Break"],"max_hp_per_floor":[80,80,80,80,80,80,80,80,87,81,81,81,81,81,81,81,81,81,81,81,81,81,81],"relics":["Black Blood","Bag of Preparation","Regal Pillow","Strawberry","Golden Idol","Blood Vial"],"card_choices":[{"not_picked":["True Grit","Cleave"],"picked":"Rampage","floor":1},{"not_picked":["Second Wind","Perfected Strike"],"picked":"Spot Weakness","floor":2},{"not_picked":["Blood for Blood","Ghostly Armor"],"picked":"Inflame","floor":4},{"not_picked":["Perfected Strike","Havoc"],"picked":"Pummel","floor":5},{"not_picked":["True Grit","Infernal Blade"],"picked":"Double Tap","floor":13},{"not_picked":["Juggernaut","Berserk"],"picked":"Brutality","floor":16},{"not_picked":["Perfected Strike","Sword Boomerang"],"picked":"Headbutt","floor":18}],"player_experience":15735,"potions_floor_usage":[7,13,23],"damage_taken":[{"damage":10,"enemies":"Jaw Worm","floor":1,"turns":5},{"damage":1,"enemies":"Cultist","floor":2,"turns":3},{"damage":3,"enemies":"Small Slimes","floor":4,"turns":4},{"damage":17,"enemies":"3 Louse","floor":5,"turns":5},{"damage":19,"enemies":"3 Sentries","floor":7,"turns":6},{"damage":10,"enemies":"Looter","floor":12,"turns":2},{"damage":18,"enemies":"Lagavulin","floor":13,"turns":3},{"damage":40,"enemies":"Hexaghost","floor":16,"turns":7},{"damage":53,"enemies":"3 Byrds","floor":18,"turns":5},{"damage":24,"enemies":"Spheric Guardian","floor":20,"turns":4},{"damage":32,"enemies":"Gremlin Leader","floor":23,"turns":4}],"event_choices":[{"event_name":"Upgrade Shrine","player_choice":"Upgraded","floor":3,"damage_taken":0},{"event_name":"The Cleric","player_choice":"Card Removal","floor":8,"damage_taken":0},{"event_name":"Golden Idol","player_choice":"Lose Max HP","floor":10,"damage_taken":0},{"event_name":"Drug Dealer","player_choice":"Ignored","floor":22,"damage_taken":0}],"boss_relics":[{"not_picked":["Ectoplasm","Lizard Tail"],"picked":"Black Blood"}],"potions_floor_spawned":[2,7,20],"seed_played":"-4872588469045090629","killed_by":"Gremlin Leader","ascension_level":0,"is_trial":false}