{"path_per_floor":["M","M","M","?","?","R","M","R","T","M","$","M","M","M","R","B",null,"M","?","?","M","M","R","?","R","T","E","R","?","M","?","R","B",null,"M","$","M","M","M","R","E","?","T","$","R","M","M","$","R"],"character_chosen":"IRONCLAD","items_purchased":["Apotheosis","Oddly Smooth Stone","Good Instincts","Seeing Red","Bloodletting","Burning Pact"],"gold_per_floor":[118,135,150,150,150,150,163,163,187,211,17,33,57,73,73,199,199,218,133,133,146,169,169,169,169,169,202,202,202,215,215,215,336,336,357,24,48,62,78,78,117,117,117,40,40,61,75,7,7,7],"floor_reached":50,"campfire_rested":6,"playtime":2908,"current_hp_per_floor":[77,77,70,70,63,63,54,54,54,51,51,40,40,40,64,33,68,53,53,53,49,36,60,60,80,80,57,57,57,56,56,80,29,67,58,58,55,67,67,80,56,77,77,77,84,83,92,92,92,0],"items_purged":[],"gold":7,"score":764,"play_id":"449e8a50-3dca-4e65-bd78-4e4f7b0c289d","local_time":"20180324015452","is_prod":false,"is_daily":false,"is_ascension_mode":true,"campfire_upgraded":4,"timestamp":1521870892,"path_taken":["M","M","M","?","?","R","M","R","T","M","$","M","M","M","R","BOSS","M","?","?","M","M","R","?","R","T","E","R","?","M","?","R","BOSS","M","$","M","M","M","R","E","?","T","$","R","M","M","?","R","BOSS"],"build_version":"2018-03-22v2","purchased_purges":0,"victory":false,"master_deck":["Strike_R","Strike_R","Strike_R","Defend_R","Defend_R","Defend_R","Bash+1","Headbutt","Twin Strike","Inflame","Injury","Power Through+1","Decay","Rupture","Apotheosis+1","Entrench","Warcry","True Grit","Immolate","Immolate+1","Power Through+1","Bloodletting+1","Burning Pact","Feel No Pain","Body Slam","Battle Trance+1","Writhe","Parasite","Feed","Feed","Reaper","Power Through","Good Instincts","Seeing Red","Burning Pact","True Grit","Corruption","Barricade","Writhe","Decay","Bloodletting","Bloodletting","True Grit+1","Burning Pact"],"max_hp_per_floor":[80,80,80,80,80,80,80,80,80,80,80,80,80,80,80,80,80,80,80,80,80,80,80,80,80,80,80,80,80,80,80,80,80,80,80,80,80,80,80,80,84,84,84,84,84,84,92,92,92,92],"relics":["Cursed Key","Golden Idol","Charon\u0027s Ashes","Orichalcum","Astrolabe","Dead Branch","Blood Vial","Bottled Lightning","Lantern","Calling Bell","Mummified Hand","Blue Candle","Gremlin Horn","Oddly Smooth Stone","Bag of Preparation","Sundial"],"card_choices":[{"not_picked":["Infernal Blade","Body Slam"],"picked":"Headbutt","floor":1},{"not_picked":["Iron Wave","Sword Boomerang"],"picked":"Twin Strike","floor":2},{"not_picked":["Havoc","Dual Wield"],"picked":"Inflame","floor":3},{"not_picked":["Seeing Red","Uppercut"],"picked":"Power Through","floor":7},{"not_picked":["True Grit","Berserk"],"picked":"Rupture","floor":10},{"not_picked":["Clash","Thunderclap"],"picked":"Entrench","floor":12},{"not_picked":["Evolve","Thunderclap"],"picked":"Warcry","floor":13},{"not_picked":["Demon Form","Uppercut"],"picked":"True Grit","floor":14},{"not_picked":["Demon Form","Impervious"],"picked":"Immolate","floor":16},{"not_picked":["Inflame","Havoc"],"picked":"Burning Pact","floor":18},{"not_picked":["Intimidate","Rupture"],"picked":"Body Slam","floor":21},{"not_picked":["True Grit","Headbutt"],"picked":"Battle Trance","floor":22},{"not_picked":["Burning Pact","Iron Wave"],"picked":"Feed","floor":27},{"not_picked":["Feed","Bludgeon"],"picked":"Reaper","floor":33},{"not_picked":["Clothesline","Cleave"],"picked":"Power Through","floor":35},{"not_picked":["Shockwave","Flex"],"picked":"Burning Pact","floor":37},{"not_picked":["Thunderclap","Sword Boomerang"],"picked":"True Grit","floor":38},{"not_picked":["Clothesline","Clash"],"picked":"Corruption","floor":39},{"not_picked":["Iron Wave","Armaments"],"picked":"Barricade","floor":41},{"not_picked":["Thunderclap","Cleave"],"picked":"Bloodletting","floor":46},{"not_picked":["Warcry","Armaments"],"picked":"True Grit","floor":47}],"player_experience":665099,"potions_floor_usage":[13,13,16,27,33,33,41,41,50,50],"damage_taken":[{"damage":3,"enemies":"2 Louse","floor":1,"turns":4},{"damage":0,"enemies":"Jaw Worm","floor":2,"turns":3},{"damage":7,"enemies":"Small Slimes","floor":3,"turns":3},{"damage":9,"enemies":"2 Fungi Beasts","floor":7,"turns":3},{"damage":3,"enemies":"Blue Slaver","floor":10,"turns":3},{"damage":11,"enemies":"Looter","floor":12,"turns":3},{"damage":0,"enemies":"Gremlin Gang","floor":13,"turns":1},{"damage":0,"enemies":"Large Slime","floor":14,"turns":4},{"damage":31,"enemies":"Slime Boss","floor":16,"turns":7},{"damage":15,"enemies":"Chosen","floor":18,"turns":6},{"damage":4,"enemies":"Spheric Guardian","floor":21,"turns":6},{"damage":13,"enemies":"Cultist and Chosen","floor":22,"turns":5},{"damage":23,"enemies":"Slavers","floor":27,"turns":4},{"damage":3,"enemies":"3 Cultists","floor":30,"turns":4},{"damage":51,"enemies":"Champ","floor":33,"turns":10},{"damage":22,"enemies":"3 Darklings","floor":35,"turns":6},{"damage":13,"enemies":"Orb Walker","floor":37,"turns":5},{"damage":0,"enemies":"Sphere and 2 Shapes","floor":38,"turns":3},{"damage":2,"enemies":"3 Darklings","floor":39,"turns":2},{"damage":28,"enemies":"2 Orb Walkers","floor":41,"turns":3},{"damage":5,"enemies":"Maw","floor":46,"turns":7},{"damage":5,"enemies":"4 Shapes","floor":47,"turns":4},{"damage":95,"enemies":"Time Eater","floor":50,"turns":5}],"event_choices":[{"event_name":"Golden Idol","player_choice":"Take Wound","floor":4,"damage_taken":0},{"event_name":"Scrap Ooze","player_choice":"success","floor":5,"damage_taken":7},{"event_name":"Addict","player_choice":"Obtained Relic","floor":19,"damage_taken":0},{"event_name":"The Library","player_choice":"Read","floor":20,"damage_taken":0},{"event_name":"The Mausoleum","player_choice":"Yes","floor":24,"damage_taken":0},{"event_name":"Vampires","player_choice":"Ignored","floor":29,"damage_taken":0},{"event_name":"Duplicator","player_choice":"One dupe","floor":31,"damage_taken":0},{"event_name":"Winding Halls","player_choice":"Writhe","floor":42,"damage_taken":0}],"boss_relics":[{"not_picked":["Runic Cube","Orrery"],"picked":"Astrolabe"},{"not_picked":["Runic Dome","Pandora\u0027s Box"],"picked":"Calling Bell"}],"potions_floor_spawned":[1,12,14,16,27,30,38,39,41,47],"seed_played":"-7502599576101533805","killed_by":"Time Eater","ascension_level":5,"is_trial":false}