{"path_per_floor":["M","?","M","?","M","R","?","E","T","M","R","M","M","M","R"],"character_chosen":"DEFECT","items_purchased":[],"gold_per_floor":[109,109,119,119,139,139,139,171,198,215,215,234,244,263,263,263],"floor_reached":16,"campfire_rested":2,"playtime":548,"current_hp_per_floor":[68,68,66,66,66,66,54,15,15,13,50,50,47,45,77,0],"items_purged":[],"gold":263,"score":104,"play_id":"b25f5867-5e02-421c-96e8-fcd63ca7bce8","local_time":"20180428114243","is_prod":false,"is_daily":false,"chose_seed":false,"is_ascension_mode":false,"campfire_upgraded":1,"timestamp":1524930163,"path_taken":["M","?","M","?","M","R","?","E","T","M","R","M","M","M","R","BOSS"],"build_version":"2018-04-27v3","seed_source_timestamp":1393592107702260,"purchased_purges":0,"victory":false,"master_deck":["Strike_B","Strike_B","Strike_B","Defend_B","Defend_B","Defend_B","Defend_B","Zap+1","Dualcast","Coolheaded","Ball Lightning","Reinforced Body","Force Field","Barrage","Leap","Thunder Strike"],"max_hp_per_floor":[75,75,75,75,75,75,75,75,75,75,75,75,75,77,77,77],"relics":["Cracked Core","Regal Pillow","Mummified Hand","Singing Bowl"],"card_choices":[{"not_picked":["Stack","Go for the Eyes"],"picked":"Coolheaded","floor":1},{"not_picked":["Impulse","Leap"],"picked":"Ball Lightning","floor":3},{"not_picked":["Impulse","Melter"],"picked":"Reinforced Body","floor":5},{"not_picked":["Axe Kick","Flux Capacitor"],"picked":"Force Field","floor":8},{"not_picked":["Impulse","Flux Capacitor"],"picked":"Barrage","floor":10},{"not_picked":["Barrage","Chaos"],"picked":"Leap","floor":12},{"not_picked":["Reinforced Body","Coolheaded"],"picked":"Thunder Strike","floor":13}],"player_experience":307720,"potions_floor_usage":[8,10,13],"damage_taken":[{"damage":7,"enemies":"Jaw Worm","floor":1,"turns":5},{"damage":2,"enemies":"2 Louse","floor":3,"turns":3},{"damage":0,"enemies":"Cultist","floor":5,"turns":3},{"damage":48,"enemies":"Gremlin Nob","floor":8,"turns":5},{"damage":17,"enemies":"Exordium Wildlife","floor":10,"turns":7},{"damage":0,"enemies":"2 Fungi Beasts","floor":12,"turns":3},{"damage":3,"enemies":"3 Louse","floor":13,"turns":3},{"damage":4,"enemies":"Blue Slaver","floor":14,"turns":4},{"damage":77,"enemies":"Slime Boss","floor":16,"turns":10}],"event_choices":[{"event_name":"Liars Game","player_choice":"disagreed","floor":2,"damage_taken":0},{"event_name":"Purifier","player_choice":"One Purge","floor":4,"damage_taken":0},{"event_name":"Scrap Ooze","player_choice":"success","floor":7,"damage_taken":12}],"boss_relics":[],"potions_floor_spawned":[5,8,12,14],"seed_played":"2224312817536989186","killed_by":"Slime Boss","ascension_level":0,"is_trial":false}