{"path_per_floor":["M","M","M","?","M","E","T","E","T","E","R","E","M","E","R","B",null,"M","M","$","M","M","R","M","?","T","R","$","?","E","M","R"],"character_chosen":"IRONCLAD","items_purchased":["Red Skull","Iron Wave","Power Through"],"gold_per_floor":[110,126,144,144,162,190,190,221,221,254,254,282,297,326,326,421,421,434,451,58,71,84,84,104,104,104,104,35,35,62,74,74,74],"floor_reached":33,"campfire_rested":4,"playtime":1227,"current_hp_per_floor":[76,64,57,57,53,37,37,13,13,9,33,14,9,5,44,18,65,37,24,24,22,18,57,47,39,39,78,78,78,69,66,66,0],"items_purged":["Strike_R"],"gold":74,"score":446,"play_id":"f4986e04-d1a8-4e89-92b6-4adfd350cb8a","local_time":"20180414233531","is_prod":false,"is_daily":false,"chose_seed":false,"is_ascension_mode":true,"campfire_upgraded":1,"timestamp":1523763331,"path_taken":["M","M","M","?","?","E","?","E","T","E","R","E","M","E","R","BOSS","M","M","$","M","M","R","?","?","T","R","$","?","E","M","R","BOSS"],"build_version":"2018-04-13","seed_source_timestamp":225927778578726,"purchased_purges":1,"victory":false,"master_deck":["Strike_R","Strike_R","Strike_R","Defend_R","Defend_R","Bash","Pummel+1","Blood for Blood+1","Offering+1","Anger","Headbutt","Heavy Blade","Pummel","Rupture","Disarm","Shockwave","Wild Strike","Cleave","Exhume","Reaper","Whirlwind","Rage","Iron Wave","Rage+1","Shrug It Off+1","Evolve+1","Power Through","Battle Trance","Feed"],"max_hp_per_floor":[80,80,80,80,80,80,80,80,80,80,80,80,80,80,80,80,80,80,80,80,80,80,80,80,80,80,80,80,80,80,80,80,80],"relics":["Astrolabe","Question Card","Self Forming Clay","Bag of Preparation","Smiling Mask","Bird Faced Urn","Sundial","Regal Pillow","Sozu","Red Skull","Bottled Flame","Charon\u0027s Ashes"],"card_choices":[{"not_picked":["Burning Pact","Sword Boomerang"],"picked":"Anger","floor":1},{"not_picked":["Dropkick","Burning Pact"],"picked":"Headbutt","floor":2},{"not_picked":["Twin Strike","Dropkick"],"picked":"Heavy Blade","floor":3},{"not_picked":["Evolve","Shrug It Off"],"picked":"Pummel","floor":5},{"not_picked":["Reckless Charge","Ghostly Armor"],"picked":"Rupture","floor":6},{"not_picked":["Fiend Fire","Shrug It Off","Clothesline"],"picked":"Disarm","floor":8},{"not_picked":["Clash","Warcry","Shrug It Off"],"picked":"Shockwave","floor":10},{"not_picked":["Perfected Strike","Clash","Shockwave"],"picked":"Wild Strike","floor":12},{"not_picked":["Heavy Blade","Anger","Havoc"],"picked":"Cleave","floor":13},{"not_picked":["Havoc","Clash","Ghostly Armor"],"picked":"Exhume","floor":14},{"not_picked":["Impervious","Fiend Fire","Dark Embrace"],"picked":"Reaper","floor":16},{"not_picked":["Shrug It Off","Flex","Cleave"],"picked":"Whirlwind","floor":18},{"not_picked":["Twin Strike","Headbutt","Carnage"],"picked":"Rage","floor":19},{"not_picked":["Perfected Strike","Heavy Blade","Wild Strike"],"picked":"Rage","floor":21},{"not_picked":["Perfected Strike","Havoc","Rupture"],"picked":"Shrug It Off","floor":22},{"not_picked":["Exhume","Disarm","Havoc"],"picked":"Evolve","floor":24},{"not_picked":["Headbutt","Iron Wave","Heavy Blade"],"picked":"Battle Trance","floor":30},{"not_picked":["Sword Boomerang","Clothesline","Armaments"],"picked":"Feed","floor":31}],"player_experience":192052,"potions_floor_usage":[8,12,12,16,24],"damage_taken":[{"damage":4,"enemies":"Cultist","floor":1,"turns":1},{"damage":12,"enemies":"Jaw Worm","floor":2,"turns":2},{"damage":7,"enemies":"2 Louse","floor":3,"turns":2},{"damage":4,"enemies":"Blue Slaver","floor":5,"turns":1},{"damage":16,"enemies":"Gremlin Nob","floor":6,"turns":3},{"damage":24,"enemies":"Lagavulin","floor":8,"turns":3},{"damage":4,"enemies":"Gremlin Nob","floor":10,"turns":2},{"damage":19,"enemies":"Lagavulin","floor":12,"turns":3},{"damage":7,"enemies":"2 Fungi Beasts","floor":13,"turns":3},{"damage":4,"enemies":"Gremlin Nob","floor":14,"turns":2},{"damage":28,"enemies":"Slime Boss","floor":16,"turns":7},{"damage":30,"enemies":"Spheric Guardian","floor":18,"turns":4},{"damage":13,"enemies":"Shell Parasite","floor":19,"turns":3},{"damage":4,"enemies":"Sentry and Sphere","floor":21,"turns":2},{"damage":4,"enemies":"3 Cultists","floor":22,"turns":3},{"damage":22,"enemies":"Cultist and Chosen","floor":24,"turns":5},{"damage":13,"enemies":"Book of Stabbing","floor":30,"turns":6},{"damage":11,"enemies":"Snake Plant","floor":31,"turns":2},{"damage":77,"enemies":"Automaton","floor":33,"turns":6}],"event_choices":[{"event_name":"The Lab","player_choice":"Got Potions","floor":4,"damage_taken":0},{"event_name":"Wheel of Change","player_choice":"Damage","floor":25,"damage_taken":0},{"event_name":"Drug Dealer","player_choice":"Ignored","floor":29,"damage_taken":0}],"boss_relics":[{"not_picked":["Black Star","Lizard Tail"],"picked":"Sozu"}],"potions_floor_spawned":[1,8,10,14,16,18,19,21,22,31],"seed_played":"-9153787769671394198","killed_by":"Automaton","ascension_level":5,"is_trial":false}