{"path_per_floor":["M","M","M","M","M","R","E","M","T","E","M","R","M","E","R","B",null,"M","?","T","M","$","R","$","R","T","$","E","M","?","T","R","B",null,"M","$","M","?","M","R","E","M","T","M","M","$","?","M","R"],"character_chosen":"IRONCLAD","items_purchased":["Lantern","Body Slam","Metallicize","Anger","Mercury Hourglass","Vajra"],"gold_per_floor":[110,129,141,159,172,172,205,225,278,310,321,321,331,356,356,458,458,478,478,478,489,224,224,146,146,146,97,126,136,166,166,166,267,267,284,27,37,37,47,47,81,96,119,135,154,3,303,318,318,318],"floor_reached":50,"campfire_rested":5,"playtime":5236,"current_hp_per_floor":[79,75,73,75,51,75,57,56,56,40,41,65,65,65,65,38,70,71,71,71,80,80,80,80,80,90,90,66,69,60,60,90,43,78,48,48,57,80,36,78,49,32,32,57,50,50,50,49,92,0],"items_purged":["Clumsy"],"gold":318,"score":746,"play_id":"7bbfa5a7-718c-4d24-b646-3f832793f5ea","local_time":"20180415160529","is_prod":false,"is_daily":false,"chose_seed":false,"is_ascension_mode":true,"campfire_upgraded":3,"timestamp":1523822729,"path_taken":["M","M","M","?","M","R","E","M","T","E","M","R","M","E","R","BOSS","M","?","?","M","$","R","$","R","T","$","E","M","?","?","R","BOSS","M","$","M","?","?","R","E","M","T","M","M","?","?","M","R","BOSS"],"build_version":"2018-04-13","seed_source_timestamp":281323908159752,"purchased_purges":1,"victory":false,"master_deck":["Strike_R","Strike_R","Strike_R","Strike_R","Strike_R","Defend_R","Defend_R","Defend_R","Defend_R","Bash","Shockwave","Inflame","Pummel","Double Tap","Feel No Pain+1","Flame Barrier","Thunderclap","Body Slam+1","Flame Barrier","Headbutt","Dropkick","Juggernaut","True Grit+1","Power Through","Limit Break+1","Body Slam+1","Metallicize","Doubt","Anger","Disarm+1","Injury","Dark Embrace","Fire Breathing","Shrug It Off+1","Writhe","Metallicize","Armaments+1","Heavy Blade+1","Parasite"],"max_hp_per_floor":[80,80,80,80,80,80,80,80,80,80,80,80,80,80,80,80,80,80,80,80,80,80,80,80,80,90,90,90,90,90,90,90,90,90,90,90,90,90,90,90,90,90,90,92,94,94,94,96,96,96],"relics":["Burning Blood","Blood Vial","Red Skull","Anchor","Self Forming Clay","Magic Flower","Cursed Key","Toxic Egg 2","Lantern","Pear","Regal Pillow","Red Mask","Sundial","Runic Dome","Mercury Hourglass","Singing Bowl","Juzu Bracelet","Vajra"],"card_choices":[{"not_picked":["Headbutt","Heavy Blade"],"picked":"Shockwave","floor":1},{"not_picked":["Power Through","Body Slam"],"picked":"Inflame","floor":2},{"not_picked":["Clothesline","Iron Wave"],"picked":"Pummel","floor":3},{"not_picked":["Uppercut","Cleave"],"picked":"Double Tap","floor":4},{"not_picked":["Inflame","Clash"],"picked":"Feel No Pain","floor":5},{"not_picked":["Sentinel","Heavy Blade"],"picked":"Flame Barrier","floor":7},{"not_picked":["Sentinel","Hemokinesis"],"picked":"Thunderclap","floor":8},{"not_picked":["Combust","Sever Soul"],"picked":"Body Slam","floor":10},{"not_picked":["Iron Wave","Sword Boomerang"],"picked":"Flame Barrier","floor":11},{"not_picked":["Flame Barrier","Rupture"],"picked":"Headbutt","floor":13},{"not_picked":["Fiend Fire","Perfected Strike"],"picked":"Dropkick","floor":14},{"not_picked":["Bludgeon","Immolate"],"picked":"Juggernaut","floor":16},{"not_picked":["Burning Pact","Second Wind"],"picked":"True Grit","floor":18},{"not_picked":["Shrug It Off","Thunderclap"],"picked":"Limit Break","floor":21},{"not_picked":["Cleave","Twin Strike"],"picked":"Disarm","floor":28},{"not_picked":["Fiend Fire","Reaper"],"picked":"Dark Embrace","floor":33},{"not_picked":["Combust","Second Wind"],"picked":"Fire Breathing","floor":35},{"not_picked":["Anger","Pommel Strike"],"picked":"Shrug It Off","floor":37},{"not_picked":["Rampage","Combust"],"picked":"Metallicize","floor":39},{"not_picked":["True Grit","Dual Wield"],"picked":"Armaments","floor":41},{"not_picked":["Perfected Strike","Havoc"],"picked":"Heavy Blade","floor":42}],"player_experience":212490,"potions_floor_usage":[7,10,16,30,30,33,33,39,42,44,44,50],"damage_taken":[{"damage":1,"enemies":"Cultist","floor":1,"turns":3},{"damage":11,"enemies":"Jaw Worm","floor":2,"turns":4},{"damage":10,"enemies":"Small Slimes","floor":3,"turns":5},{"damage":6,"enemies":"Red Slaver","floor":4,"turns":3},{"damage":32,"enemies":"Exordium Wildlife","floor":5,"turns":7},{"damage":26,"enemies":"Lagavulin","floor":7,"turns":5},{"damage":9,"enemies":"Large Slime","floor":8,"turns":7},{"damage":24,"enemies":"Gremlin Nob","floor":10,"turns":4},{"damage":7,"enemies":"Blue Slaver","floor":11,"turns":4},{"damage":8,"enemies":"Looter","floor":13,"turns":3},{"damage":8,"enemies":"3 Sentries","floor":14,"turns":8},{"damage":39,"enemies":"The Guardian","floor":16,"turns":11},{"damage":11,"enemies":"Chosen","floor":18,"turns":4},{"damage":0,"enemies":"Shell Parasite","floor":21,"turns":6},{"damage":33,"enemies":"Book of Stabbing","floor":28,"turns":6},{"damage":9,"enemies":"Centurion and Healer","floor":29,"turns":7},{"damage":21,"enemies":"Masked Bandits","floor":30,"turns":5},{"damage":76,"enemies":"Automaton","floor":33,"turns":12},{"damage":42,"enemies":"Flame Bruiser 1 Orb","floor":35,"turns":7},{"damage":3,"enemies":"3 Shapes","floor":37,"turns":5},{"damage":56,"enemies":"3 Darklings","floor":39,"turns":7},{"damage":41,"enemies":"Nemesis","floor":41,"turns":9},{"damage":29,"enemies":"Maw","floor":42,"turns":9},{"damage":14,"enemies":"Flame Bruiser 2 Orb","floor":44,"turns":6},{"damage":21,"enemies":"4 Shapes","floor":45,"turns":7},{"damage":15,"enemies":"Sphere and 2 Shapes","floor":48,"turns":4},{"damage":108,"enemies":"Time Eater","floor":50,"turns":12}],"event_choices":[{"event_name":"The Library","player_choice":"Read","floor":19,"damage_taken":0},{"event_name":"Masked Bandits","player_choice":"Fought over 136 gold","floor":30,"damage_taken":0},{"event_name":"Winding Halls","player_choice":"Writhe","floor":38,"damage_taken":0},{"event_name":"Wheel of Change","player_choice":"Gold","floor":47,"damage_taken":0}],"boss_relics":[{"not_picked":["Pandora\u0027s Box","Ectoplasm"],"picked":"Cursed Key"},{"not_picked":["White Beast Statue","Runic Pyramid"],"picked":"Runic Dome"}],"potions_floor_spawned":[2,4,8,10,13,21,30,33,35,37,42,44],"seed_played":"-1663349045640805487","killed_by":"Time Eater","ascension_level":6,"is_trial":false}