{"gold_per_floor":[360,285,301,9,22,22,56,56,106,139,139,153,153,171,171,247,247,258,258],"floor_reached":19,"playtime":1077,"items_purged":["Normality","Strike_G"],"score":354,"play_id":"23f6fe03-b5ab-4812-9c5c-6aea1e8ab870","local_time":"20190217185857","is_ascension_mode":true,"campfire_choices":[{"data":"Neutralize","floor":6.0,"key":"SMITH"},{"floor":8.0,"key":"REST"},{"floor":11,"key":"REST"},{"floor":15,"key":"REST"}],"neow_cost":"CURSE","seed_source_timestamp":176513963713979,"circlet_count":0,"master_deck":["AscendersBane","Defend_G","Defend_G","Defend_G","Defend_G+1","Defend_G+1","Strike_G","Strike_G","Strike_G","Strike_G","Survivor","Neutralize+1","Cloak And Dagger","Noxious Fumes","Deadly Poison","Deadly Poison","Footwork","Skewer","Bullet Time"],"special_seed":0,"relics":["Ring of the Snake","War Paint","Smiling Mask","StoneCalendar","Art of War","Runic Dome"],"potions_floor_usage":[10,10,16],"damage_taken":[{"damage":3.0,"enemies":"2 Louse","floor":1.0,"turns":4.0},{"damage":1.0,"enemies":"Cultist","floor":3.0,"turns":3.0},{"damage":5.0,"enemies":"Jaw Worm","floor":5.0,"turns":4.0},{"damage":32.0,"enemies":"3 Sentries","floor":7.0,"turns":10.0},{"damage":36,"enemies":"Gremlin Nob","floor":10,"turns":4},{"damage":9,"enemies":"Blue Slaver","floor":12,"turns":3},{"damage":4,"enemies":"Large Slime","floor":14,"turns":7},{"damage":10,"enemies":"Slime Boss","floor":16,"turns":7},{"damage":26,"enemies":"2 Thieves","floor":18,"turns":5},{"damage":31,"enemies":"3 Byrds","floor":19,"turns":5}],"seed_played":"7944687908685320603","potions_obtained":[{"floor":7.0,"key":"FearPotion"},{"floor":14,"key":"Regen Potion"}],"is_trial":false,"path_per_floor":["M","$","M","$","M","R","E","R","T","E","R","M","?","M","R","B",null,"M","M"],"character_chosen":"THE_SILENT","items_purchased":["Noxious Fumes","Deadly Poison","Strength Potion"],"campfire_rested":3,"item_purchase_floors":[4,4,4],"current_hp_per_floor":[56,56,55,55,50,50,18,37,37,1,20,11,11,7,26,31,57,31,0],"gold":258,"neow_bonus":"TWO_FIFTY_GOLD","is_prod":false,"is_daily":false,"chose_seed":false,"campfire_upgraded":1,"win_rate":0,"timestamp":1550458737,"path_taken":["M","$","M","$","M","R","E","R","T","E","R","M","?","?","R","BOSS","M","?"],"build_version":"2019-02-06","purchased_purges":2,"victory":false,"max_hp_per_floor":[66,66,66,66,66,66,66,66,66,66,66,66,66,66,66,66,66,66,66],"card_choices":[{"not_picked":["Deflect","Tactician"],"picked":"Blade Dance","floor":1.0},{"not_picked":["Dodge and Roll","Prepared"],"picked":"Cloak And Dagger","floor":3.0},{"not_picked":["Tactician","Cloak And Dagger"],"picked":"Deadly Poison","floor":5.0},{"not_picked":["Outmaneuver","Night Terror"],"picked":"Footwork","floor":7.0},{"not_picked":["Concentrate","Slice","Prepared"],"picked":"SKIP","floor":10},{"not_picked":["Endless Agony","Poisoned Stab","Riddle With Holes"],"picked":"SKIP","floor":12},{"not_picked":["Masterful Stab","Setup"],"picked":"Skewer","floor":14},{"not_picked":["Unload","Storm of Steel"],"picked":"Bullet Time","floor":16},{"not_picked":["Outmaneuver","Skewer+1","Deadly Poison+1"],"picked":"SKIP","floor":18}],"player_experience":1335324,"relics_obtained":[{"floor":7.0,"key":"War Paint"},{"floor":9.0,"key":"Smiling Mask"},{"floor":10,"key":"StoneCalendar"}],"event_choices":[{"cards_removed":["Blade Dance"],"damage_healed":0,"gold_gain":0,"player_choice":"Gave Card","damage_taken":0,"relics_obtained":["Art of War"],"max_hp_gain":0,"max_hp_loss":0,"event_name":"WeMeetAgain","floor":13,"gold_loss":0}],"is_beta":true,"boss_relics":[{"not_picked":["Orrery","Fusion Hammer"],"picked":"Runic Dome"}],"items_purged_floors":[2,4],"is_endless":false,"potions_floor_spawned":[7,14],"killed_by":"3 Byrds","ascension_level":20}