{"gold_per_floor":[112,130,130,90,90,90,124,124,124,51,5,5,19,57,57,178,178,201,626,725,725],"floor_reached":21,"playtime":627,"items_purged":[],"score":247,"play_id":"0917a15e-5b01-4449-9ffc-cc2b776f87a5","local_time":"20190202160255","is_ascension_mode":true,"campfire_choices":[{"data":"Bash","floor":6.0,"key":"SMITH"},{"data":"Shockwave","floor":12.0,"key":"SMITH"},{"data":"Clothesline","floor":15.0,"key":"SMITH"}],"neow_cost":"PERCENT_DAMAGE","seed_source_timestamp":501951250081095,"circlet_count":0,"master_deck":["Strike_R","Strike_R","Defend_R","Defend_R","Defend_R","Defend_R","Bash+1","Clothesline+1","Sword Boomerang","Shockwave+1","Impervious","Twin Strike","Whirlwind","Demon Form","Blood for Blood+1","Perfected Strike+1","Sentinel+1"],"special_seed":0,"relics":["Burning Blood","Ginger","Happy Flower","Golden Idol","Dodecahedron","Singing Bowl","Ancient Tea Set","Astrolabe","Old Coin","Mercury Hourglass"],"potions_floor_usage":[19],"damage_taken":[{"damage":4.0,"enemies":"Jaw Worm","floor":1.0,"turns":4.0},{"damage":9.0,"enemies":"Small Slimes","floor":2.0,"turns":4.0},{"damage":18.0,"enemies":"Gremlin Nob","floor":7.0,"turns":4.0},{"damage":1.0,"enemies":"Cultist","floor":13.0,"turns":3.0},{"damage":27.0,"enemies":"3 Sentries","floor":14.0,"turns":5.0},{"damage":48,"enemies":"Slime Boss","floor":16,"turns":9},{"damage":1,"enemies":"3 Byrds","floor":18,"turns":6},{"damage":16,"enemies":"Colosseum Slavers","floor":19,"turns":4},{"damage":38,"enemies":"Colosseum Nobs","floor":19,"turns":5},{"damage":26,"enemies":"Shell Parasite","floor":21,"turns":5}],"seed_played":"-6866707133367826796","potions_obtained":[{"floor":1.0,"key":"SmokeBomb"},{"floor":7.0,"key":"AttackPotion"},{"floor":18,"key":"AttackPotion"},{"floor":19,"key":"Block Potion"}],"is_trial":false,"path_per_floor":["M","M","?","$","?","R","E","?","T","?","$","R","M","E","R","B",null,"M","?","?","M"],"character_chosen":"IRONCLAD","items_purchased":["Shockwave","Twin Strike"],"campfire_rested":0,"item_purchase_floors":[4,11],"current_hp_per_floor":[53,50,76,76,76,76,64,64,64,64,64,64,69,50,50,8,59,66,26,26,0],"gold":725,"neow_bonus":"ONE_RARE_RELIC","is_prod":false,"is_daily":false,"chose_seed":false,"campfire_upgraded":3,"win_rate":0,"timestamp":1549141375,"path_taken":["M","M","?","$","?","R","E","?","T","?","$","R","?","E","R","BOSS","M","?","?","M"],"build_version":"2019-01-23","purchased_purges":0,"victory":false,"max_hp_per_floor":[80,80,80,80,80,80,80,74,74,74,74,74,74,76,76,76,76,78,80,80,80],"card_choices":[{"not_picked":["Wild Strike","Anger"],"picked":"Clothesline","floor":1.0},{"not_picked":["Clash","Headbutt"],"picked":"Sword Boomerang","floor":2.0},{"not_picked":["Iron Wave","Body Slam"],"picked":"Impervious","floor":7.0},{"not_picked":["Second Wind","Headbutt"],"picked":"Whirlwind","floor":13.0},{"not_picked":["Warcry","Headbutt","Twin Strike"],"picked":"Singing Bowl","floor":14.0},{"not_picked":["Brutality","Reaper"],"picked":"Demon Form","floor":16},{"not_picked":["Clothesline","Thunderclap+1","Rage+1"],"picked":"Singing Bowl","floor":18},{"not_picked":["True Grit","Hemokinesis","Sentinel"],"picked":"Singing Bowl","floor":19}],"player_experience":1360845,"relics_obtained":[{"floor":7.0,"key":"Happy Flower"},{"floor":9.0,"key":"Dodecahedron"},{"floor":14.0,"key":"Ancient Tea Set"},{"floor":19,"key":"Old Coin"},{"floor":19,"key":"Mercury Hourglass"}],"event_choices":[{"damage_healed":26.0,"max_hp_gain":0.0,"max_hp_loss":0.0,"gold_gain":0.0,"event_name":"Big Fish","player_choice":"Banana","floor":3.0,"gold_loss":0.0,"damage_taken":0.0},{"damage_healed":0.0,"max_hp_gain":0.0,"max_hp_loss":0.0,"gold_gain":0.0,"event_name":"Liars Game","player_choice":"Ignored","floor":5.0,"gold_loss":0.0,"damage_taken":0.0},{"damage_healed":0.0,"max_hp_gain":0.0,"max_hp_loss":6.0,"gold_gain":0.0,"event_name":"Golden Idol","player_choice":"Lose Max HP","floor":8.0,"gold_loss":0.0,"damage_taken":0.0,"relics_obtained":["Golden Idol"]},{"damage_healed":0.0,"max_hp_gain":0.0,"max_hp_loss":0.0,"gold_gain":0.0,"event_name":"WeMeetAgain","player_choice":"Paid Gold","floor":10.0,"gold_loss":73.0,"damage_taken":0.0,"relics_obtained":["Singing Bowl"]},{"damage_healed":0,"gold_gain":0,"player_choice":"Fight","damage_taken":0,"max_hp_gain":0,"max_hp_loss":0,"event_name":"Colosseum","floor":19,"gold_loss":0},{"damage_healed":0,"gold_gain":0,"player_choice":"Fought Nobs","damage_taken":0,"max_hp_gain":0,"max_hp_loss":0,"event_name":"Colosseum","floor":19,"gold_loss":0},{"damage_healed":0,"gold_gain":99,"player_choice":"Stole From Cult","damage_taken":0,"max_hp_gain":0,"max_hp_loss":0,"event_name":"Nest","floor":20,"gold_loss":0}],"is_beta":true,"boss_relics":[{"not_picked":["Velvet Choker","Fusion Hammer"],"picked":"Astrolabe"}],"items_purged_floors":[],"is_endless":false,"potions_floor_spawned":[1,7,18,19,19],"killed_by":"Shell Parasite","ascension_level":7}