{"gold_per_floor":[14,27,41,41,41,41,41,76,99,99,118,148,223,223,223,297,297,297],"floor_reached":18,"playtime":1097,"items_purged":[],"score":336,"play_id":"9d7a3a0a-003c-458c-8516-33e0fc5aa3bd","local_time":"20181226171047","is_ascension_mode":true,"campfire_choices":[{"data":"Zap","floor":6.0,"key":"SMITH"},{"floor":10.0,"key":"REST"},{"data":"Reinforced Body","floor":15,"key":"SMITH"}],"neow_cost":"NO_GOLD","seed_source_timestamp":419749843824103,"circlet_count":0,"master_deck":["AscendersBane","Strike_B","Strike_B","Defend_B","Defend_B","Defend_B","Defend_B","Zap+1","Dualcast","Leap","Darkness","Cold Snap","Echo Form","Steam","Reinforced Body+1","Multi-Cast"],"special_seed":0,"relics":["Cracked Core","Ancient Tea Set","Omamori","PreservedInsect","Snecko Eye"],"potions_floor_usage":[16,18],"damage_taken":[{"damage":4.0,"enemies":"Jaw Worm","floor":1.0,"turns":4.0},{"damage":11.0,"enemies":"Small Slimes","floor":2.0,"turns":5.0},{"damage":6.0,"enemies":"Cultist","floor":3.0,"turns":3.0},{"damage":22.0,"enemies":"Lagavulin","floor":8.0,"turns":9.0},{"damage":8.0,"enemies":"Gremlin Gang","floor":11.0,"turns":4.0},{"damage":26.0,"enemies":"3 Sentries","floor":12.0,"turns":11.0},{"damage":3,"enemies":"Hexaghost","floor":16,"turns":9},{"damage":63,"enemies":"3 Byrds","floor":18,"turns":5}],"seed_played":"-4601832531021229214","potions_obtained":[{"floor":3.0,"key":"SkillPotion"},{"floor":11.0,"key":"Poison Potion"},{"floor":16,"key":"Swift Potion"}],"is_trial":false,"path_per_floor":["M","M","M","?","$","R","?","E","T","R","M","E","?","R","B",null,"M"],"character_chosen":"DEFECT","items_purchased":[],"campfire_rested":1,"item_purchase_floors":[],"current_hp_per_floor":[60,49,43,43,43,43,48,26,26,48,40,14,3,22,22,19,62,0],"gold":297,"neow_bonus":"REMOVE_TWO","is_prod":false,"is_daily":false,"chose_seed":false,"campfire_upgraded":2,"win_rate":0,"timestamp":1545873047,"path_taken":["M","M","M","?","$","R","?","E","T","R","M","E","?","?","R","BOSS","M"],"build_version":"2018-12-25","purchased_purges":0,"victory":false,"max_hp_per_floor":[71,71,71,71,71,71,76,76,76,76,76,76,76,76,76,76,76,76],"card_choices":[{"not_picked":["Consume","Scrape"],"picked":"Leap","floor":1.0},{"not_picked":["Gash","Leap"],"picked":"Darkness","floor":2.0},{"not_picked":["Chill","Steam"],"picked":"Cold Snap","floor":3.0},{"not_picked":["Coolheaded","Double Energy"],"picked":"Echo Form","floor":8.0},{"not_picked":["Sweeping Beam","Turbo"],"picked":"Steam","floor":11.0},{"not_picked":["All For One","Compile Driver"],"picked":"Reinforced Body","floor":12.0},{"not_picked":["Hyperbeam","Thunder Strike"],"picked":"Multi-Cast","floor":16}],"player_experience":1162537,"relics_obtained":[{"floor":8.0,"key":"Ancient Tea Set"},{"floor":9.0,"key":"Omamori"},{"floor":12.0,"key":"PreservedInsect"}],"event_choices":[{"damage_healed":0.0,"max_hp_gain":0.0,"max_hp_loss":0.0,"gold_gain":0.0,"event_name":"Golden Idol","player_choice":"Ignored","floor":4.0,"gold_loss":0.0,"damage_taken":0.0},{"damage_healed":0.0,"max_hp_gain":5.0,"max_hp_loss":0.0,"gold_gain":0.0,"event_name":"Big Fish","player_choice":"Donut","floor":7.0,"gold_loss":0.0,"damage_taken":0.0},{"damage_healed":0.0,"max_hp_gain":0.0,"max_hp_loss":0.0,"gold_gain":75.0,"event_name":"World of Goop","player_choice":"Gather Gold","floor":13.0,"gold_loss":0.0,"damage_taken":11.0},{"damage_healed":19,"gold_gain":0,"player_choice":"Healed and dodged fight","damage_taken":0,"max_hp_gain":0,"max_hp_loss":0,"event_name":"Mushrooms","floor":14,"gold_loss":0,"cards_obtained":["Parasite"]}],"is_beta":true,"boss_relics":[{"not_picked":["Orrery","FrozenCore"],"picked":"Snecko Eye"}],"items_purged_floors":[],"is_endless":false,"potions_floor_spawned":[3,11,16],"killed_by":"3 Byrds","ascension_level":20}