{"path_per_floor":["M","$","M","M","?","E","R","?","T","T","E","M","M","E","R","B",null,"M","M","?","M","M","R","E","R","T","?","?","M","?"],"character_chosen":"THE_SILENT","items_purchased":["Dash","Whetstone"],"gold_per_floor":[214,28,45,62,62,87,87,162,162,162,193,206,224,257,257,362,362,373,387,312,330,349,349,379,379,402,402,402,421,421],"floor_reached":31,"campfire_rested":3,"playtime":1708,"current_hp_per_floor":[63,63,63,63,63,56,56,45,59,59,59,58,58,53,78,74,82,58,45,45,17,11,36,13,38,45,29,29,7,7],"items_purged":[],"gold":421,"score":401,"play_id":"601cac25-1f94-4196-b073-44054bc8e89a","local_time":"20180321213133","is_prod":false,"is_daily":false,"is_ascension_mode":true,"campfire_upgraded":1,"timestamp":1521682293,"path_taken":["M","$","M","M","?","E","R","?","T","?","E","M","M","E","R","BOSS","M","M","?","M","M","R","E","R","T","?","?","M","?","M"],"build_version":"2018-03-15v3","purchased_purges":0,"victory":false,"master_deck":["Defend_G","Defend_G","Defend_G","Defend_G","Defend_G","Survivor","Neutralize+1","Predator","Dash","Cloak And Dagger+1","Bullet Time","Footwork","Noxious Fumes","Malaise","Dagger Spray","Dagger Throw","Adrenaline","Acrobatics+1","Flying Knee","Underhanded Strike","Decay","Crippling Poison+1","Bite","Bite","Bite","Bite","Bite"],"max_hp_per_floor":[70,70,70,70,70,70,70,70,84,84,84,84,84,84,84,84,84,84,84,84,84,84,84,84,84,91,91,91,91,63],"relics":["Ring of the Snake","Whetstone","Juzu Bracelet","Mango","Gambling Chip","Toolbox","Art of War","White Beast Statue","Frozen Eye","Strawberry","Enchiridion"],"card_choices":[{"not_picked":["PiercingWail","Dagger Spray"],"picked":"Predator"},{"not_picked":["Heel Hook","Eviscerate"],"picked":"Cloak And Dagger"},{"not_picked":["Masterful Stab","Slice"],"picked":"Bullet Time"},{"not_picked":["Deflect","Outmaneuver"],"picked":"Footwork"},{"not_picked":["Cloak And Dagger","Escape Plan"],"picked":"Noxious Fumes"},{"not_picked":["Wraith Form","Deflect"],"picked":"Malaise"},{"not_picked":["Slice","Crippling Poison"],"picked":"Dagger Spray"},{"not_picked":["Slice","Concentrate"],"picked":"Dagger Throw"},{"not_picked":["Doppelganger","Glass Knife"],"picked":"Adrenaline"},{"not_picked":["Cloak And Dagger","Dodge and Roll"],"picked":"Acrobatics"},{"not_picked":["Deadly Poison","Sucker Punch"],"picked":"Flying Knee"},{"not_picked":["Phantasmal Killer","All Out Attack"],"picked":"Underhanded Strike"},{"not_picked":["Expertise","Dagger Throw"],"picked":"Crippling Poison"}],"player_experience":646371,"potions_floor_usage":[11,16,16,16,22,22,24,24,31,31],"damage_taken":[{"damage":7,"enemies":"Jaw Worm","floor":1,"turns":5},{"damage":0,"enemies":"Cultist","floor":3,"turns":3},{"damage":0,"enemies":"2 Louse","floor":4,"turns":2},{"damage":7,"enemies":"3 Sentries","floor":6,"turns":8},{"damage":0,"enemies":"Gremlin Nob","floor":11,"turns":3},{"damage":1,"enemies":"Exordium Thugs","floor":12,"turns":4},{"damage":0,"enemies":"Blue Slaver","floor":13,"turns":2},{"damage":5,"enemies":"3 Sentries","floor":14,"turns":5},{"damage":19,"enemies":"Hexaghost","floor":16,"turns":11},{"damage":24,"enemies":"Chosen","floor":18,"turns":6},{"damage":13,"enemies":"Shell Parasite","floor":19,"turns":10},{"damage":28,"enemies":"3 Cultists","floor":21,"turns":6},{"damage":6,"enemies":"Snecko","floor":22,"turns":6},{"damage":23,"enemies":"Book of Stabbing","floor":24,"turns":6},{"damage":22,"enemies":"Cultist and Chosen","floor":29,"turns":7},{"damage":18,"enemies":"Snake Plant","floor":31,"turns":2}],"event_choices":[{"event_name":"Accursed Blacksmith","player_choice":"Forge","floor":5,"damage_taken":0},{"event_name":"World of Goop","player_choice":"Gather Gold","floor":8,"damage_taken":0},{"event_name":"Beggar","player_choice":"Gave Gold","floor":20,"damage_taken":0},{"event_name":"Cursed Tome","player_choice":"Obtained Book","floor":27,"damage_taken":0},{"event_name":"Forgotten Altar","player_choice":"Smashed Altar","floor":28,"damage_taken":0},{"event_name":"Vampires","player_choice":"Became a vampire","floor":30,"damage_taken":0}],"boss_relics":[{"not_picked":["Ectoplasm","Philosopher\u0027s Stone"],"picked":"White Beast Statue"}],"potions_floor_spawned":[3,6,11,12,18,19,21,22,24,29],"seed_played":"-5344115816120233842","killed_by":"Snake Plant","ascension_level":5,"is_trial":false}