{"path_per_floor":["M","$","?","T","$","E","R","M","T","M","R","E","M","M","R","B",null,"M","?","?","M","M","R","E","M","T","?","M","R","?","$","R","B",null,"M","$","?","?","?","E","M","?","T","$","?","M","$","?","R"],"character_chosen":"THE_SILENT","items_purchased":["Footwork","Cloak And Dagger","War Paint","Torii","Regen Potion","Swift Potion","Regen Potion","Blade Dance","Singing Bowl","Regen Potion"],"gold_per_floor":[362,21,21,21,21,52,52,67,67,78,78,107,121,131,131,233,233,249,249,249,269,285,285,317,332,379,379,398,398,398,48,48,145,145,160,17,17,68,68,97,111,0,24,24,24,43,3,303,303],"floor_reached":50,"campfire_rested":3,"playtime":3832,"current_hp_per_floor":[64,64,61,61,61,56,56,56,56,56,56,56,56,56,70,70,70,62,62,49,49,45,45,46,49,49,42,32,48,32,32,48,36,54,54,54,54,49,49,56,58,58,58,58,51,57,57,57,57],"items_purged":["Injury"],"gold":303,"score":700,"play_id":"450e9a65-2601-4be6-b98a-96a6478dfae7","local_time":"20180308222646","is_prod":false,"is_daily":false,"is_ascension_mode":true,"campfire_upgraded":4,"timestamp":1520566006,"path_taken":["M","$","?","?","?","E","R","M","T","M","R","E","M","M","R","BOSS","M","?","?","?","M","R","E","M","T","?","M","R","?","$","R","BOSS","M","$","?","?","?","E","M","?","T","?","?","M","$","?","R","BOSS"],"build_version":"2018-03-01-PROD1","purchased_purges":1,"victory":false,"master_deck":["Defend_G","Defend_G","Defend_G+1","Defend_G","Defend_G+1","Survivor","Neutralize","Infinite Blades","Footwork+1","Cloak And Dagger+1","After Image+1","Noxious Fumes+1","PiercingWail","Deflect","Accuracy","Corpse Explosion","Finisher","Outmaneuver","Backflip+1","Acrobatics","Dagger Spray","Bite","Bite","Bite","Bite","Infinite Blades+1","Well Laid Plans","Masterful Stab","Quick Slash+1","Necronomicurse","Night Terror","Blade Dance","Noxious Fumes+1","Dagger Spray+1","Clumsy","Madness","Madness","Riddle With Holes+1"],"max_hp_per_floor":[70,70,70,70,70,70,70,70,70,70,70,70,70,70,70,70,70,70,70,49,49,49,49,49,49,49,54,54,54,54,54,54,54,54,54,54,54,56,56,56,58,58,58,58,58,58,58,58,58],"relics":["Ring of the Snake","War Paint","Lantern","Art of War","Happy Flower","Thread and Needle","Oddly Smooth Stone","Orrery","The Courier","Juzu Bracelet","Necronomicon","Torii","Cursed Key","Singing Bowl","Sundial","Kunai","Red Mask","Bronze Scales"],"card_choices":[{"not_picked":["Dagger Throw","Slice"],"picked":"Infinite Blades"},{"not_picked":["Blade Dance","Reflex"],"picked":"After Image"},{"not_picked":["Riddle With Holes","Deadly Poison"],"picked":"Noxious Fumes"},{"not_picked":["Prepared","Dodge and Roll"],"picked":"PiercingWail"},{"not_picked":["Deadly Poison","Reflex"],"picked":"Deflect"},{"not_picked":["Backflip","Deflect"],"picked":"Accuracy"},{"not_picked":["Phantasmal Killer","Bullet Time"],"picked":"Corpse Explosion"},{"not_picked":["Acrobatics","Calculated Gamble"],"picked":"Finisher"},{"not_picked":["Dagger Throw","Dodge and Roll"],"picked":"Outmaneuver"},{"not_picked":["Well Laid Plans","All Out Attack"],"picked":"Backflip"},{"not_picked":["PiercingWail","Prepared"],"picked":"Acrobatics"},{"not_picked":["Heel Hook","Infinite Blades"],"picked":"Dagger Spray"},{"not_picked":["All Out Attack","Choke"],"picked":"Infinite Blades"},{"not_picked":["Unload","Deadly Poison"],"picked":"Well Laid Plans"},{"not_picked":["Backflip","Sucker Punch"],"picked":"Masterful Stab"},{"not_picked":["Eviscerate","Bane"],"picked":"Quick Slash"},{"not_picked":["Bullet Time","Grand Finale"],"picked":"Night Terror"},{"not_picked":["Unload","Deflect"],"picked":"Dagger Spray"},{"not_picked":["PiercingWail","Acrobatics"],"picked":"Riddle With Holes"}],"player_experience":446062,"potions_floor_usage":[16,18,18,22,24,28,35,38,40,40,46,50],"damage_taken":[{"damage":6,"enemies":"Jaw Worm","floor":1,"turns":6},{"damage":5,"enemies":"Lagavulin","floor":6,"turns":13},{"damage":0,"enemies":"Small Slimes","floor":8,"turns":4},{"damage":0,"enemies":"2 Louse","floor":10,"turns":3},{"damage":0,"enemies":"3 Sentries","floor":12,"turns":8},{"damage":0,"enemies":"Exordium Thugs","floor":13,"turns":4},{"damage":0,"enemies":"Exordium Wildlife","floor":14,"turns":5},{"damage":0,"enemies":"Slime Boss","floor":16,"turns":12},{"damage":8,"enemies":"2 Thieves","floor":18,"turns":5},{"damage":0,"enemies":"Shell Parasite","floor":21,"turns":7},{"damage":6,"enemies":"Cultist and Chosen","floor":22,"turns":7},{"damage":11,"enemies":"Slavers","floor":24,"turns":8},{"damage":7,"enemies":"Snake Plant","floor":25,"turns":6},{"damage":19,"enemies":"Snecko","floor":28,"turns":6},{"damage":26,"enemies":"Automaton","floor":33,"turns":13},{"damage":0,"enemies":"3 Darklings","floor":35,"turns":5},{"damage":26,"enemies":"Mysterious Sphere","floor":38,"turns":7},{"damage":3,"enemies":"Nemesis","floor":40,"turns":9},{"damage":0,"enemies":"3 Shapes","floor":41,"turns":6},{"damage":0,"enemies":"3 Darklings","floor":46,"turns":6},{"damage":98,"enemies":"Time Eater","floor":50,"turns":8}],"event_choices":[{"event_name":"Scrap Ooze","player_choice":"success","floor":3,"damage_taken":3},{"event_name":"Accursed Blacksmith","player_choice":"Forge","floor":19,"damage_taken":0},{"event_name":"Vampires","player_choice":"Became a vampire","floor":20,"damage_taken":0},{"event_name":"Forgotten Altar","player_choice":"Shed Blood","floor":27,"damage_taken":0},{"event_name":"Cursed Tome","player_choice":"Obtained Book","floor":30,"damage_taken":0},{"event_name":"Mysterious Sphere","player_choice":"Fight","floor":38,"damage_taken":0},{"event_name":"Duplicator","player_choice":"One dupe","floor":39,"damage_taken":0},{"event_name":"Tomb of Lord Red Mask","player_choice":"Paid","floor":42,"damage_taken":0},{"event_name":"Winding Halls","player_choice":"Embrace Madness","floor":45,"damage_taken":0},{"event_name":"Wheel of Change","player_choice":"Gold","floor":48,"damage_taken":0}],"boss_relics":[{"not_picked":["Calling Bell","Black Star"],"picked":"Orrery"},{"not_picked":["Question Card","Runic Dome"],"picked":"Cursed Key"}],"potions_floor_spawned":[1,12,13,16,18,24,33,35,41],"seed_played":"1157096758300536011","killed_by":"Time Eater","ascension_level":3,"is_trial":false}