{"path_per_floor":["M","M","M","M","M","R","?","R","T","R","?","M","?","$","R"],"character_chosen":"IRONCLAD","items_purchased":["Paper Frog"],"gold_per_floor":[111,121,138,157,171,171,201,201,224,224,244,257,257,9,9,9],"floor_reached":16,"campfire_rested":1,"playtime":1625,"current_hp_per_floor":[76,75,69,68,68,68,68,68,68,68,37,30,30,30,54,0],"items_purged":[],"gold":9,"score":115,"play_id":"d59dfdfe-e736-4ca9-8f23-ec33664010c7","local_time":"20180324220048","is_prod":false,"is_daily":false,"is_ascension_mode":true,"campfire_upgraded":3,"timestamp":1521943248,"path_taken":["M","M","M","M","M","R","?","R","T","R","?","M","?","$","R","BOSS"],"build_version":"2018-03-22v2","purchased_purges":0,"victory":false,"master_deck":["Strike_R","Strike_R","Strike_R","Strike_R","Strike_R","Defend_R","Defend_R","Defend_R","Defend_R","Bash","Sentinel","Armaments+1","Seeing Red+1","Barricade+1","Shrug It Off","Armaments+1"],"max_hp_per_floor":[80,80,80,80,80,80,80,80,80,80,80,80,80,80,80,80],"relics":["Philosopher\u0027s Stone","Omamori","Odd Mushroom","Paper Frog"],"card_choices":[{"not_picked":["Rage","Blood for Blood"],"picked":"Sentinel","floor":1},{"not_picked":["Iron Wave","Reckless Charge"],"picked":"Armaments","floor":3},{"not_picked":["Headbutt","Armaments"],"picked":"Seeing Red","floor":4},{"not_picked":["Perfected Strike","Iron Wave"],"picked":"Barricade","floor":5},{"not_picked":["Warcry","Burning Pact"],"picked":"Shrug It Off","floor":11},{"not_picked":["Flex","Twin Strike"],"picked":"Armaments","floor":12}],"player_experience":679460,"potions_floor_usage":[4,4,11,16],"damage_taken":[{"damage":4,"enemies":"Jaw Worm","floor":1,"turns":3},{"damage":1,"enemies":"2 Louse","floor":2,"turns":3},{"damage":6,"enemies":"Small Slimes","floor":3,"turns":3},{"damage":1,"enemies":"3 Louse","floor":4,"turns":2},{"damage":0,"enemies":"Large Slime","floor":5,"turns":5},{"damage":31,"enemies":"The Mushroom Lair","floor":11,"turns":5},{"damage":7,"enemies":"Red Slaver","floor":12,"turns":6},{"damage":55,"enemies":"Slime Boss","floor":16,"turns":15}],"event_choices":[{"event_name":"Dead Adventurer","player_choice":"Searched \u00271\u0027 times","floor":7,"damage_taken":0},{"event_name":"Mushrooms","player_choice":"Fought Mushrooms","floor":11,"damage_taken":0},{"event_name":"Living Wall","player_choice":"Grow","floor":13,"damage_taken":0}],"boss_relics":[],"potions_floor_spawned":[1,2,3,11],"seed_played":"1095171741246636553","killed_by":"Slime Boss","ascension_level":5,"is_trial":false}