{"gold_per_floor":[409,423,423,486,486,486,506,581,658,658,389,389,419,434,434,534,534,549,549,567,578,578,578,597,33,33,33,68,68,68,81,81,182,182,198,43,57,75,86,86,103,154,180,211,211,221,221,240,240,240],"floor_reached":51,"playtime":2907,"items_purged":["Regret","Strike_R"],"score":817,"play_id":"0734e407-5177-417c-b1f8-98e561bc0b14","local_time":"20181104182626","is_ascension_mode":false,"campfire_choices":[{"data":"Sword Boomerang","floor":6,"key":"SMITH"},{"data":"Demon Form","floor":10,"key":"SMITH"},{"data":"Wild Strike","floor":12,"key":"SMITH"},{"floor":15,"key":"REST"},{"data":"Flame Barrier","floor":23,"key":"SMITH"},{"data":"Heavy Blade","floor":27,"key":"SMITH"},{"data":"Clothesline","floor":32,"key":"SMITH"},{"data":"Feel No Pain","floor":40,"key":"SMITH"},{"floor":45,"key":"REST"},{"floor":49,"key":"REST"}],"neow_cost":"TEN_PERCENT_HP_LOSS","seed_source_timestamp":1240634909896475,"circlet_count":0,"master_deck":["Strike_R","Strike_R","Strike_R","Defend_R","Defend_R","Defend_R","Defend_R","Bash+1","Sword Boomerang+1","Iron Wave","Demon Form+1","Wild Strike+1","Clothesline","Heavy Blade+1","Feed","Necronomicurse","Flame Barrier+1","Shrug It Off+1","Clothesline+1","Corruption","Apotheosis","Shrug It Off+1","Heavy Blade+1","Barricade","Feel No Pain+1","Shrug It Off","Feel No Pain","Immolate","Shockwave+1","Shrug It Off","Iron Wave+1","True Grit+1","Secret Weapon","Inflame","Carnage+1"],"relics":["Burning Blood","Old Coin","Question Card","Bottled Lightning","Ancient Tea Set","Red Skull","Snecko Eye","Necronomicon","MutagenicStrength","Lee\u0027s Waffle","Paper Frog","Matryoshka","Mark of Pain","Pen Nib","StoneCalendar","Happy Flower","Dream Catcher","The Courier"],"potions_floor_usage":[21,30,31,33,41,42,44,48,50],"damage_taken":[{"damage":6,"enemies":"Jaw Worm","floor":1,"turns":4},{"damage":2,"enemies":"2 Louse","floor":2,"turns":3},{"damage":0,"enemies":"Small Slimes","floor":7,"turns":2},{"damage":16,"enemies":"3 Sentries","floor":13,"turns":4},{"damage":17,"enemies":"Looter","floor":14,"turns":3},{"damage":37,"enemies":"The Guardian","floor":16,"turns":10},{"damage":10,"enemies":"2 Thieves","floor":18,"turns":4},{"damage":15,"enemies":"Shell Parasite","floor":20,"turns":4},{"damage":9,"enemies":"Snake Plant","floor":21,"turns":4},{"damage":3,"enemies":"Centurion and Healer","floor":24,"turns":3},{"damage":25,"enemies":"Gremlin Leader","floor":28,"turns":4},{"damage":0,"enemies":"Slavers","floor":30,"turns":1},{"damage":7,"enemies":"Shelled Parasite and Fungi","floor":31,"turns":3},{"damage":0,"enemies":"Champ","floor":33,"turns":3},{"damage":0,"enemies":"Orb Walker","floor":35,"turns":2},{"damage":3,"enemies":"3 Shapes","floor":37,"turns":4},{"damage":2,"enemies":"Sphere and 2 Shapes","floor":38,"turns":3},{"damage":19,"enemies":"Maw","floor":39,"turns":6},{"damage":4,"enemies":"Transient","floor":41,"turns":5},{"damage":8,"enemies":"2 Orb Walkers","floor":42,"turns":4},{"damage":43,"enemies":"Reptomancer","floor":44,"turns":7},{"damage":0,"enemies":"3 Darklings","floor":46,"turns":5},{"damage":12,"enemies":"Spire Growth","floor":48,"turns":3},{"damage":21,"enemies":"Donu and Deca","floor":50,"turns":7}],"seed_played":"3483088644607487514","potions_obtained":[{"floor":1,"key":"SmokeBomb"},{"floor":13,"key":"SmokeBomb"},{"floor":16,"key":"GamblersBrew"},{"floor":20,"key":"Swift Potion"},{"floor":28,"key":"Regen Potion"},{"floor":31,"key":"Strength Potion"},{"floor":33,"key":"Energy Potion"},{"floor":39,"key":"BloodPotion"},{"floor":41,"key":"FearPotion"},{"floor":42,"key":"LiquidBronze"},{"floor":44,"key":"SpeedPotion"},{"floor":48,"key":"Regen Potion"}],"is_trial":false,"path_per_floor":["M","M","?","?","?","R","M","?","T","R","$","R","E","M","R","B",null,"M","?","M","M","?","R","M","$","T","R","E","?","E","M","R","B",null,"M","$","M","M","M","R","M","?","T","E","R","M","?","M","R","B",null],"character_chosen":"IRONCLAD","items_purchased":["Ancient Tea Set","Wild Strike","Lee\u0027s Waffle","Corruption","Apotheosis","Pen Nib"],"campfire_rested":3,"item_purchase_floors":[11,11,25,25,25,36],"current_hp_per_floor":[72,72,72,72,72,72,72,61,61,61,61,61,51,40,61,30,72,71,55,46,46,46,46,52,88,88,88,69,69,75,87,87,92,92,92,92,92,92,79,79,90,88,88,51,78,84,84,78,92,77],"gold":240,"neow_bonus":"ONE_RARE_RELIC","is_prod":false,"is_daily":false,"chose_seed":false,"campfire_upgraded":7,"win_rate":0,"timestamp":1541373986,"path_taken":["M","M","?","?","?","R","M","?","T","R","$","R","E","M","R","BOSS","M","?","M","M","?","R","M","$","T","R","E","?","E","M","R","BOSS","M","?","?","M","M","R","M","?","T","E","R","M","?","M","R","BOSS"],"build_version":"2018-11-02","purchased_purges":2,"victory":true,"max_hp_per_floor":[72,72,72,72,72,72,72,72,72,72,72,72,72,72,72,72,72,75,75,75,78,78,78,81,88,88,88,88,88,88,92,92,92,92,92,92,92,92,92,92,92,92,92,92,92,92,92,92,92,92],"card_choices":[{"not_picked":["Anger","Headbutt"],"picked":"Sword Boomerang","floor":1},{"not_picked":["Dual Wield","Wild Strike"],"picked":"Iron Wave","floor":2},{"not_picked":["Flex","Second Wind","Armaments"],"picked":"Demon Form","floor":7},{"not_picked":["Shrug It Off","Wild Strike","Sever Soul"],"picked":"Clothesline","floor":13},{"not_picked":["Warcry","Clothesline","Iron Wave"],"picked":"Heavy Blade","floor":14},{"not_picked":["Exhume","Immolate","Juggernaut"],"picked":"Feed","floor":16},{"not_picked":["Thunderclap","Havoc","Bloodletting","Body Slam"],"picked":"SKIP","floor":18},{"not_picked":["Power Through","Clash+1","Headbutt+1"],"picked":"Flame Barrier","floor":20},{"not_picked":["Seeing Red","Sword Boomerang","Evolve"],"picked":"Shrug It Off+1","floor":21},{"not_picked":["Body Slam+1","Dropkick","Clash"],"picked":"Clothesline","floor":24},{"not_picked":["Wild Strike+1","Evolve","Limit Break"],"picked":"Shrug It Off+1","floor":28},{"not_picked":["Flex+1","Thunderclap+1","Havoc"],"picked":"Heavy Blade+1","floor":31},{"not_picked":["Feed","Brutality","Demon Form"],"picked":"Barricade","floor":33},{"not_picked":["Cleave","Warcry+1","Uppercut+1"],"picked":"Feel No Pain","floor":35},{"not_picked":["Wild Strike","Thunderclap","Anger"],"picked":"Shrug It Off","floor":37},{"not_picked":["Sword Boomerang+1","Thunderclap","Body Slam"],"picked":"Feel No Pain","floor":38},{"not_picked":["Twin Strike+1","Perfected Strike","Havoc","Anger"],"picked":"SKIP","floor":39},{"not_picked":["Pommel Strike","Body Slam+1","Flex+1"],"picked":"Immolate","floor":41},{"not_picked":["Whirlwind","Berserk","Flex+1"],"picked":"Shockwave+1","floor":42},{"not_picked":["Corruption+1","Seeing Red+1","Clash"],"picked":"Shrug It Off","floor":44},{"not_picked":["Flex","Clash+1","Warcry"],"picked":"Iron Wave+1","floor":45},{"not_picked":["Headbutt","Warcry+1","Flex"],"picked":"True Grit+1","floor":46},{"not_picked":["Chrysalis","Finesse","Discovery"],"picked":"Secret Weapon","floor":47},{"not_picked":["Twin Strike","Pommel Strike","Havoc+1"],"picked":"Inflame","floor":48},{"not_picked":["Wild Strike+1","Flex","Shockwave"],"picked":"Carnage+1","floor":49}],"player_experience":908526,"relics_obtained":[{"floor":9,"key":"Bottled Lightning"},{"floor":13,"key":"Red Skull"},{"floor":19,"key":"Necronomicon"},{"floor":26,"key":"Paper Frog"},{"floor":28,"key":"Matryoshka"},{"floor":42,"key":"StoneCalendar"},{"floor":43,"key":"Happy Flower"},{"floor":43,"key":"Dream Catcher"},{"floor":44,"key":"The Courier"}],"event_choices":[{"damage_healed":0,"gold_gain":0,"player_choice":"Grow","damage_taken":0,"max_hp_gain":0,"max_hp_loss":0,"event_name":"Living Wall","floor":3,"gold_loss":0,"cards_upgraded":["Bash"]},{"damage_healed":0,"gold_gain":63,"player_choice":"Gained Gold","damage_taken":0,"max_hp_gain":0,"max_hp_loss":0,"event_name":"Golden Wing","floor":4,"gold_loss":0},{"damage_healed":0,"gold_gain":0,"player_choice":"Box","damage_taken":0,"relics_obtained":["Question Card"],"max_hp_gain":0,"max_hp_loss":0,"event_name":"Big Fish","floor":5,"gold_loss":0,"cards_obtained":["Regret"]},{"damage_healed":0,"gold_gain":75,"player_choice":"Gather Gold","damage_taken":11,"max_hp_gain":0,"max_hp_loss":0,"event_name":"World of Goop","floor":8,"gold_loss":0},{"damage_healed":0,"gold_gain":0,"player_choice":"Obtained Book","damage_taken":16,"max_hp_gain":0,"max_hp_loss":0,"event_name":"Cursed Tome","floor":19,"gold_loss":0},{"damage_healed":0,"gold_gain":0,"player_choice":"Inject Mutagens","damage_taken":0,"relics_obtained":["MutagenicStrength"],"max_hp_gain":0,"max_hp_loss":0,"event_name":"Drug Dealer","floor":22,"gold_loss":0},{"cards_removed":["Strike_R"],"damage_healed":0,"gold_gain":0,"player_choice":"Purged","damage_taken":0,"max_hp_gain":0,"max_hp_loss":0,"event_name":"Purifier","floor":29,"gold_loss":0},{"damage_healed":0,"gold_gain":0,"player_choice":"Fight","damage_taken":0,"max_hp_gain":0,"max_hp_loss":0,"event_name":"Mysterious Sphere","floor":42,"gold_loss":0},{"damage_healed":0,"gold_gain":0,"player_choice":"Memory 1","damage_taken":0,"max_hp_gain":0,"max_hp_loss":0,"event_name":"SensoryStone","floor":47,"gold_loss":0}],"is_beta":true,"boss_relics":[{"not_picked":["Orrery","Velvet Choker"],"picked":"Snecko Eye"},{"not_picked":["Sozu","Calling Bell"],"picked":"Mark of Pain"}],"items_purged_floors":[11,25],"is_endless":false,"potions_floor_spawned":[1,13,16,20,28,31,33,39,41,42,44,48],"ascension_level":0}