{"gold_per_floor":[113,132,152,170,170,170,211,211,211,224,268,268,70,84,84,204,204,220,235,235,249,249,249,249,280,305,321,336,336,379,397,397,397],"floor_reached":33,"playtime":1739,"items_purged":[],"score":488,"play_id":"452fb16f-adb3-405f-82ba-8ae7f0ef9760","local_time":"20180729010749","is_ascension_mode":true,"campfire_choices":[{"data":"Neutralize","floor":6,"key":"SMITH"},{"floor":8,"key":"REST"},{"floor":12,"key":"REST"},{"floor":15,"key":"REST"},{"floor":23,"key":"REST"},{"floor":29,"key":"REST"},{"floor":32,"key":"REST"}],"neow_cost":"NONE","seed_source_timestamp":652580166953467,"circlet_count":0,"master_deck":["Defend_G+1","Defend_G+1","Defend_G+1","Defend_G+1","Defend_G+1","Strike_G+1","Strike_G+1","Strike_G+1","Strike_G+1","Strike_G+1","Survivor","Neutralize+1","AscendersBane","Sucker Punch","Infinite Blades","Predator","Deflect","Injury","Noxious Fumes","Slice","Burst","Leg Sweep","Cloak And Dagger","Flying Knee","Dagger Spray","PiercingWail","After Image","Eviscerate","Poisoned Stab","Bouncing Flask","Underhanded Strike","Underhanded Strike+1","Poisoned Stab+1","Choke","Dagger Spray"],"relics":["Ring of the Snake","Strawberry","Golden Idol","Vajra","Bronze Scales","Gremlin Horn","Snecko Eye","Potion Belt","Nilry\u0027s Codex","Matryoshka","Question Card","Ancient Tea Set","Pen Nib"],"potions_floor_usage":[7,11,14,28,30,30,31],"damage_taken":[{"damage":5,"enemies":"Jaw Worm","floor":1,"turns":7},{"damage":6,"enemies":"2 Louse","floor":2,"turns":3},{"damage":0,"enemies":"Cultist","floor":3,"turns":4},{"damage":13,"enemies":"Blue Slaver","floor":4,"turns":4},{"damage":31,"enemies":"Gremlin Nob","floor":7,"turns":5},{"damage":0,"enemies":"Large Slime","floor":10,"turns":5},{"damage":35,"enemies":"Lagavulin","floor":11,"turns":8},{"damage":0,"enemies":"3 Louse","floor":14,"turns":3},{"damage":11,"enemies":"The Guardian","floor":16,"turns":12},{"damage":0,"enemies":"Shell Parasite","floor":18,"turns":6},{"damage":21,"enemies":"Spheric Guardian","floor":19,"turns":5},{"damage":13,"enemies":"Snecko","floor":21,"turns":5},{"damage":25,"enemies":"Gremlin Leader","floor":25,"turns":7},{"damage":4,"enemies":"Sentry and Sphere","floor":27,"turns":4},{"damage":17,"enemies":"Cultist and Chosen","floor":28,"turns":6},{"damage":8,"enemies":"Slavers","floor":30,"turns":4},{"damage":7,"enemies":"Centurion and Healer","floor":31,"turns":5},{"damage":55,"enemies":"Collector","floor":33,"turns":6}],"seed_played":"-7534116900384386102","potions_obtained":[{"floor":1,"key":"PowerPotion"},{"floor":2,"key":"Weak Potion"},{"floor":11,"key":"Regen Potion"},{"floor":14,"key":"Regen Potion"},{"floor":21,"key":"Regen Potion"},{"floor":28,"key":"AttackPotion"},{"floor":30,"key":"AttackPotion"}],"is_trial":false,"path_per_floor":["M","M","M","M","?","R","E","R","T","M","E","R","$","M","R","B",null,"M","M","?","M","?","R","?","E","T","M","M","R","E","M","R"],"character_chosen":"THE_SILENT","items_purchased":["Leg Sweep","Cloak And Dagger","Flying Knee","Dagger Spray"],"campfire_rested":6,"item_purchase_floors":[13,13,13,13],"current_hp_per_floor":[65,59,59,46,46,46,15,38,38,38,3,26,26,38,61,50,70,70,49,49,36,36,59,43,18,18,14,12,35,39,32,55,0],"gold":397,"neow_bonus":"RANDOM_COMMON_RELIC","is_prod":false,"is_daily":false,"chose_seed":false,"campfire_upgraded":1,"win_rate":0,"timestamp":1532840869,"path_taken":["M","M","M","M","?","R","E","R","T","M","E","R","$","M","R","BOSS","M","M","?","M","?","R","?","E","T","M","M","R","E","M","R","BOSS"],"build_version":"2018-07-26","purchased_purges":0,"victory":false,"max_hp_per_floor":[77,77,77,77,77,77,77,77,77,77,77,77,77,77,77,77,77,77,77,77,77,77,77,77,77,77,77,77,77,77,77,77,77],"card_choices":[{"not_picked":["Flechettes","Acrobatics"],"picked":"Sucker Punch","floor":1},{"not_picked":["PiercingWail","Quick Slash"],"picked":"Infinite Blades","floor":2},{"not_picked":["Catalyst","Poisoned Stab"],"picked":"Predator","floor":3},{"not_picked":["Expertise","Quick Slash"],"picked":"Deflect","floor":4},{"not_picked":["Well Laid Plans","Backflip"],"picked":"Noxious Fumes","floor":7},{"not_picked":["Acrobatics","Bane"],"picked":"Slice","floor":10},{"not_picked":["Doppelganger","Poisoned Stab"],"picked":"Burst","floor":11},{"not_picked":["Acrobatics","Quick Slash"],"picked":"PiercingWail","floor":14},{"not_picked":["Unload","Wraith Form v2"],"picked":"After Image","floor":16},{"not_picked":["Backflip","Dagger Throw"],"picked":"Eviscerate","floor":18},{"not_picked":["Prepared+1","Backstab"],"picked":"Poisoned Stab","floor":19},{"not_picked":["Tactician","Dagger Throw"],"picked":"Bouncing Flask","floor":21},{"not_picked":["Deflect","Prepared"],"picked":"Underhanded Strike","floor":25},{"not_picked":["Deadly Poison","Venomology","Cloak And Dagger"],"picked":"Underhanded Strike+1","floor":27},{"not_picked":["Expertise","Flying Knee","Backflip"],"picked":"Poisoned Stab+1","floor":28},{"not_picked":["Backflip","Crippling Poison","PiercingWail+1"],"picked":"Choke","floor":30},{"not_picked":["Deflect+1","Flechettes","Poisoned Stab"],"picked":"Dagger Spray","floor":31}],"player_experience":668183,"relics_obtained":[{"floor":7,"key":"Vajra"},{"floor":9,"key":"Bronze Scales"},{"floor":11,"key":"Gremlin Horn"},{"floor":24,"key":"Nilry\u0027s Codex"},{"floor":25,"key":"Matryoshka"},{"floor":26,"key":"Question Card"},{"floor":26,"key":"Ancient Tea Set"},{"floor":30,"key":"Pen Nib"}],"event_choices":[{"event_name":"Golden Idol","player_choice":"Take Wound","floor":5,"damage_taken":0},{"event_name":"WeMeetAgain","player_choice":"Potion","floor":20,"damage_taken":0},{"event_name":"Back to Basics","player_choice":"Simplicity","floor":22,"damage_taken":0},{"event_name":"Cursed Tome","player_choice":"Obtained Book","floor":24,"damage_taken":0}],"is_beta":true,"boss_relics":[{"not_picked":["White Beast Statue","Runic Dome"],"picked":"Snecko Eye"}],"items_purged_floors":[],"is_endless":false,"potions_floor_spawned":[1,2,3,11,14,21,28,30],"killed_by":"Collector","ascension_level":11}