{"path_per_floor":["M","M","M","?","$","R","E","R","T","M","E","$","?","M","R","B",null,"M","$","?","M","?","R","E"],"character_chosen":"IRONCLAD","items_purchased":["Apotheosis","Shrug It Off","Twin Strike","Offering"],"gold_per_floor":[118,128,141,316,54,54,86,86,86,99,134,12,12,25,25,126,156,174,21,21,39,39,39,66],"floor_reached":25,"campfire_rested":1,"playtime":2234,"current_hp_per_floor":[76,76,80,80,80,80,78,78,78,76,29,29,29,31,57,30,92,66,66,66,65,65,65,13],"items_purged":["Doubt"],"gold":66,"score":229,"play_id":"063c725a-0840-4b5a-960e-3c70d8e6cb5a","is_prod":false,"is_daily":false,"is_ascension_mode":false,"campfire_upgraded":3,"path_taken":["M","M","M","?","$","R","E","R","T","M","E","?","?","M","R","BOSS","M","$","?","M","?","R","E","M"],"build_version":"2018-02-22-PROD2","purchased_purges":2,"victory":false,"master_deck":["Strike_R","Strike_R","Strike_R","Strike_R","Defend_R","Defend_R+1","Defend_R","Defend_R","Bash","Clothesline","Shrug It Off","Flex+1","Apotheosis+1","Shrug It Off","Bloodletting","Flex","Double Tap","Twin Strike","Limit Break+1","Heavy Blade","Headbutt","Offering","Perfected Strike","Bash"],"max_hp_per_floor":[80,80,80,80,80,80,87,87,87,87,87,87,87,87,87,87,92,92,92,92,92,92,92,92],"relics":["Burning Blood","Strawberry","Peace Pipe","Bird Faced Urn","Tiny House","Bottled Lightning"],"card_choices":[{"not_picked":["Entrench","True Grit"],"picked":"Clothesline"},{"not_picked":["Cleave","Fire Breathing"],"picked":"Shrug It Off"},{"not_picked":["Spot Weakness","Warcry"],"picked":"Flex"},{"not_picked":["Reckless Charge","Armaments"],"picked":"Bloodletting"},{"not_picked":["Armaments","Warcry"],"picked":"Flex"},{"not_picked":["Perfected Strike","Sentinel"],"picked":"Double Tap"},{"not_picked":["Demon Form","Impervious"],"picked":"Limit Break"},{"not_picked":["Headbutt","Flex"],"picked":"Heavy Blade"},{"not_picked":["Havoc","True Grit"],"picked":"Headbutt"}],"player_experience":229554,"potions_floor_usage":[7,11,16,24,25],"damage_taken":[{"damage":10,"enemies":"Jaw Worm","floor":1,"turns":4},{"damage":6,"enemies":"Cultist","floor":2,"turns":4},{"damage":0,"enemies":"2 Louse","floor":3,"turns":3},{"damage":15,"enemies":"Lagavulin","floor":7,"turns":8},{"damage":8,"enemies":"Lots of Slimes","floor":10,"turns":7},{"damage":59,"enemies":"Gremlin Nob","floor":11,"turns":6},{"damage":4,"enemies":"2 Fungi Beasts","floor":14,"turns":4},{"damage":33,"enemies":"The Guardian","floor":16,"turns":11},{"damage":32,"enemies":"2 Thieves","floor":18,"turns":4},{"damage":7,"enemies":"Chosen","floor":21,"turns":3},{"damage":58,"enemies":"Gremlin Leader","floor":24,"turns":6},{"damage":17,"enemies":"Sentry and Sphere","floor":25,"turns":3}],"event_choices":[{"event_name":"Liars Game","player_choice":"agreed","floor":4,"damage_taken":0},{"event_name":"Purifier","player_choice":"One Purge","floor":13,"damage_taken":0},{"event_name":"Back to Basics","player_choice":"Elegance","floor":20,"damage_taken":0},{"event_name":"Match and Keep!","player_choice":"2 cards matched","floor":22,"damage_taken":0}],"boss_relics":[{"not_picked":["Runic Pyramid","Snecko Eye"],"picked":"Tiny House"}],"potions_floor_spawned":[1,3,14,21],"seed_played":"2097230950170366567","killed_by":"Sentry and Sphere","ascension_level":0,"is_trial":false}