{"path_per_floor":["M","M","M","M","M","R","M","R","T","?","M","M","?","M","R","B",null,"M","?","M","M","M","R","?","R","T","R","E","M","R","M","R","B",null,"M","?","M","?","$","R","E","M","T"],"character_chosen":"IRONCLAD","items_purchased":["Headbutt"],"gold_per_floor":[119,139,159,169,180,180,197,197,224,224,235,251,311,328,328,425,425,425,425,365,365,365,365,365,365,365,365,365,365,365,365,365,365,365,365,365,365,365,266,266,266,266,266],"floor_reached":44,"campfire_rested":1,"playtime":3800,"current_hp_per_floor":[88,88,88,77,77,77,76,76,83,83,84,73,63,62,90,53,95,95,95,89,95,91,91,91,91,91,91,85,94,94,95,95,9,95,95,91,74,74,74,74,52,14,14],"items_purged":["Injury"],"gold":266,"score":457,"play_id":"99c91381-a727-4588-bc1f-8e83ae3d5870","is_prod":false,"is_daily":false,"is_ascension_mode":false,"campfire_upgraded":8,"path_taken":["M","M","M","M","M","R","M","R","T","?","M","?","?","M","R","BOSS","M","?","M","M","M","R","?","R","T","R","E","M","R","M","R","BOSS","M","?","M","?","$","R","E","M","T","M"],"build_version":"2018-02-15-PROD1","purchased_purges":1,"victory":false,"master_deck":["Strike_R","Strike_R","Strike_R","Strike_R","Defend_R","Defend_R","Defend_R","Defend_R","Bash","Cleave+1","Armaments+1","Searing Blow","Anger+1","Headbutt","Spot Weakness+1","Iron Wave","Infernal Blade","Flex+1","Offering+1","Reaper+1","Shockwave+1","Headbutt","Seeing Red+1","Heavy Blade+1","Reaper+1","Dual Wield","Reaper","Headbutt+1","Heavy Blade+1","Dropkick+1","Headbutt","Heavy Blade+1","Burning Pact+1"],"max_hp_per_floor":[88,88,88,88,88,88,88,88,95,95,95,95,95,95,95,95,95,95,95,95,95,95,95,95,95,95,95,95,95,95,95,95,95,95,95,95,95,95,95,95,95,95,95],"relics":["Burning Blood","Strawberry","Ancient Tea Set","Ectoplasm","Bag of Preparation","Happy Flower","Question Card","Peace Pipe","Toolbox","Pen Nib"],"card_choices":[{"not_picked":["Clash","Rampage"],"picked":"Cleave"},{"not_picked":["Infernal Blade","Shrug It Off"],"picked":"Armaments"},{"not_picked":["Flame Barrier","Reckless Charge"],"picked":"Searing Blow"},{"not_picked":["Infernal Blade","Clothesline"],"picked":"Anger"},{"not_picked":["Sever Soul","Iron Wave"],"picked":"Headbutt"},{"not_picked":["Sword Boomerang","Dropkick"],"picked":"Spot Weakness"},{"not_picked":["Hemokinesis","Sword Boomerang"],"picked":"Iron Wave"},{"not_picked":["Battle Trance","Perfected Strike"],"picked":"Infernal Blade"},{"not_picked":["Shockwave","Shrug It Off"],"picked":"Flex"},{"not_picked":["Thunderclap","Armaments"],"picked":"Offering"},{"not_picked":["Dark Embrace","Brutality"],"picked":"Reaper"},{"not_picked":["Shrug It Off","Bloodletting"],"picked":"Shockwave"},{"not_picked":["Reckless Charge","Perfected Strike"],"picked":"Headbutt"},{"not_picked":["Shockwave","Perfected Strike"],"picked":"Seeing Red"},{"not_picked":["Cleave","Armaments"],"picked":"Heavy Blade"},{"not_picked":["Dropkick","Shrug It Off"],"picked":"Reaper"},{"not_picked":["Pommel Strike","Anger"],"picked":"Dual Wield"},{"not_picked":["Fiend Fire","Juggernaut"],"picked":"Reaper"},{"not_picked":["Feel No Pain","Shrug It Off","Perfected Strike"],"picked":"Headbutt"},{"not_picked":["Rage","Hemokinesis","Cleave"],"picked":"Heavy Blade"},{"not_picked":["Pommel Strike","Shrug It Off","Perfected Strike"],"picked":"Dropkick"},{"not_picked":["Offering","Power Through","Fiend Fire"],"picked":"Heavy Blade"},{"not_picked":["Seeing Red","Dual Wield","Fire Breathing"],"picked":"Burning Pact"}],"player_experience":32328,"potions_floor_usage":[4,12,13,16,21,28,33,42,42,44],"damage_taken":[{"damage":1,"enemies":"Cultist","floor":1,"turns":4},{"damage":5,"enemies":"Jaw Worm","floor":2,"turns":4},{"damage":0,"enemies":"2 Louse","floor":3,"turns":3},{"damage":26,"enemies":"Gremlin Gang","floor":4,"turns":5},{"damage":6,"enemies":"3 Louse","floor":5,"turns":4},{"damage":7,"enemies":"2 Fungi Beasts","floor":7,"turns":3},{"damage":5,"enemies":"Gremlin Gang","floor":11,"turns":3},{"damage":17,"enemies":"Exordium Thugs","floor":12,"turns":5},{"damage":16,"enemies":"3 Sentries","floor":13,"turns":4},{"damage":7,"enemies":"3 Louse","floor":14,"turns":2},{"damage":43,"enemies":"The Guardian","floor":16,"turns":6},{"damage":5,"enemies":"Spheric Guardian","floor":18,"turns":3},{"damage":25,"enemies":"2 Thieves","floor":20,"turns":3},{"damage":4,"enemies":"Cultist and Chosen","floor":21,"turns":4},{"damage":14,"enemies":"Centurion and Healer","floor":22,"turns":6},{"damage":21,"enemies":"Slavers","floor":28,"turns":5},{"damage":16,"enemies":"Snecko","floor":29,"turns":4},{"damage":4,"enemies":"Chosen and Byrds","floor":31,"turns":3},{"damage":92,"enemies":"Collector","floor":33,"turns":9},{"damage":17,"enemies":"Orb Walker","floor":35,"turns":3},{"damage":29,"enemies":"Mysterious Sphere","floor":36,"turns":4},{"damage":23,"enemies":"3 Darklings","floor":37,"turns":4},{"damage":47,"enemies":"Nemesis","floor":41,"turns":5},{"damage":58,"enemies":"Sphere and 2 Shapes","floor":42,"turns":5},{"damage":47,"enemies":"Maw","floor":44,"turns":5}],"event_choices":[{"event_name":"Living Wall","player_choice":"Grow","floor":10,"damage_taken":0},{"event_name":"Dead Adventurer","player_choice":"Searched \u00273\u0027 times","floor":13,"damage_taken":0},{"event_name":"Accursed Blacksmith","player_choice":"Forge","floor":19,"damage_taken":0},{"event_name":"Bonfire Elementals","player_choice":"BASIC","floor":24,"damage_taken":0},{"event_name":"Mysterious Sphere","player_choice":"Fight","floor":36,"damage_taken":0},{"event_name":"Tomb of Lord Red Mask","player_choice":"Ignored","floor":38,"damage_taken":0}],"boss_relics":[{"not_picked":["Snecko Eye","Lizard Tail"],"picked":"Ectoplasm"},{"not_picked":["Cursed Key","Runic Dome"],"picked":"Question Card"}],"potions_floor_spawned":[2,3,4,11,16,18,20,29,35,41],"seed_played":"-5058830342394418282","killed_by":"Maw","ascension_level":0,"is_trial":false}