{"gold_per_floor":[111,129,149,149,149,149,180,163,188,215,215,232,248,12,12,116,116,133,144,144,45,55,55,74,74,99,99,18,18,18],"floor_reached":30,"playtime":1346,"items_purged":[],"score":370,"play_id":"24a7a1b7-3570-4358-bda4-10299063d3bd","local_time":"20190112165516","is_ascension_mode":true,"campfire_choices":[{"data":"Neutralize","floor":6,"key":"SMITH"},{"floor":11,"key":"REST"},{"floor":15,"key":"REST"},{"data":"After Image","floor":23,"key":"SMITH"},{"data":"Bite","floor":27,"key":"SMITH"}],"neow_cost":"NONE","seed_source_timestamp":251838626061275,"circlet_count":0,"master_deck":["Defend_G","Defend_G+1","Defend_G+1","Defend_G","Defend_G","Survivor","Neutralize+1","PiercingWail","Quick Slash","Choke","Distraction","Blur","Quick Slash","Deadly Poison","Backstab","Dash","Caltrops","Dodge and Roll","After Image+1","Acrobatics+1","Cloak And Dagger+1","Dagger Spray","Dodge and Roll","Skewer","Bite+1","Bite","Bite","Bite","Bite","Well Laid Plans"],"relics":["Ring of the Snake","War Paint","PreservedInsect","Anchor","Nunchaku","Snecko Eye","Thread and Needle","Omamori"],"potions_floor_usage":[7,10,16,22,24,24],"damage_taken":[{"damage":0,"enemies":"Cultist","floor":1,"turns":5},{"damage":3,"enemies":"Jaw Worm","floor":2,"turns":4},{"damage":0,"enemies":"2 Louse","floor":3,"turns":2},{"damage":29,"enemies":"3 Sentries","floor":7,"turns":13},{"damage":4,"enemies":"Exordium Thugs","floor":8,"turns":4},{"damage":0,"enemies":"Lagavulin","floor":10,"turns":2},{"damage":4,"enemies":"3 Louse","floor":12,"turns":5},{"damage":0,"enemies":"2 Fungi Beasts","floor":13,"turns":4},{"damage":18,"enemies":"Hexaghost","floor":16,"turns":12},{"damage":3,"enemies":"3 Byrds","floor":18,"turns":4},{"damage":0,"enemies":"Chosen","floor":19,"turns":5},{"damage":0,"enemies":"Centurion and Healer","floor":22,"turns":9},{"damage":12,"enemies":"Shelled Parasite and Fungi","floor":24,"turns":7},{"damage":72,"enemies":"Slavers","floor":30,"turns":4}],"seed_played":"5890546330519382480","potions_obtained":[{"floor":0,"key":"Weak Potion"},{"floor":0,"key":"FearPotion"},{"floor":0,"key":"Swift Potion"},{"floor":10,"key":"SteroidPotion"},{"floor":12,"key":"Weak Potion"},{"floor":16,"key":"Weak Potion"},{"floor":22,"key":"SkillPotion"},{"floor":24,"key":"Weak Potion"}],"is_trial":false,"path_per_floor":["M","M","M","?","?","R","E","M","T","E","R","M","M","$","R","B",null,"M","M","?","$","M","R","M","?","T","R","$","?","E"],"character_chosen":"THE_SILENT","items_purchased":["Backstab","Dash","Caltrops","Dodge and Roll","GhostInAJar","Dagger Spray","Well Laid Plans"],"campfire_rested":2,"item_purchase_floors":[14,14,14,14,21,21,28],"current_hp_per_floor":[63,60,60,65,53,53,24,20,20,20,42,38,38,38,60,42,67,64,64,64,64,64,64,52,52,52,52,52,62,0],"gold":18,"neow_bonus":"THREE_SMALL_POTIONS","is_prod":false,"is_daily":false,"chose_seed":false,"campfire_upgraded":3,"win_rate":0,"timestamp":1547330116,"path_taken":["M","M","M","?","?","R","E","M","T","E","R","M","M","$","R","BOSS","M","M","?","?","M","R","M","?","T","R","$","?","E"],"build_version":"2019-01-10","purchased_purges":0,"victory":false,"max_hp_per_floor":[70,70,70,75,75,75,75,75,75,75,75,75,75,75,75,75,75,75,75,75,75,75,75,75,52,52,52,52,62,62],"card_choices":[{"not_picked":["Flying Knee","Dodge and Roll"],"picked":"Unload","floor":1},{"not_picked":["Outmaneuver","Blade Dance"],"picked":"PiercingWail","floor":2},{"not_picked":["Night Terror","Blade Dance"],"picked":"Quick Slash","floor":3},{"not_picked":["Dodge and Roll","Prepared"],"picked":"Choke","floor":7},{"not_picked":["Outmaneuver","Reflex"],"picked":"Distraction","floor":8},{"not_picked":["Setup","Bane"],"picked":"Blur","floor":10},{"not_picked":["Setup","Heel Hook"],"picked":"Quick Slash","floor":12},{"not_picked":["Tactician","Flying Knee"],"picked":"Deadly Poison","floor":13},{"not_picked":["Malaise","Adrenaline"],"picked":"After Image","floor":16},{"not_picked":["Prepared","Riddle With Holes"],"picked":"Acrobatics+1","floor":18},{"not_picked":["Caltrops","Finisher"],"picked":"Cloak And Dagger+1","floor":19},{"not_picked":["Quick Slash","Bane"],"picked":"Dodge and Roll","floor":22},{"not_picked":["Dagger Throw","Dodge and Roll"],"picked":"Skewer","floor":24}],"player_experience":1250039,"relics_obtained":[{"floor":7,"key":"PreservedInsect"},{"floor":9,"key":"Anchor"},{"floor":10,"key":"Nunchaku"},{"floor":20,"key":"Thread and Needle"},{"floor":26,"key":"Omamori"}],"event_choices":[{"damage_healed":0,"gold_gain":0,"player_choice":"Donut","damage_taken":0,"max_hp_gain":5,"max_hp_loss":0,"event_name":"Big Fish","floor":4,"gold_loss":0},{"damage_healed":0,"gold_gain":0,"player_choice":"Success","damage_taken":12,"relics_obtained":["War Paint"],"max_hp_gain":0,"max_hp_loss":0,"event_name":"Scrap Ooze","floor":5,"gold_loss":0},{"damage_healed":0,"gold_gain":0,"player_choice":"Relic","damage_taken":0,"max_hp_gain":0,"max_hp_loss":0,"event_name":"Wheel of Change","floor":20,"gold_loss":0},{"damage_healed":0,"gold_gain":0,"player_choice":"Became a vampire","damage_taken":0,"max_hp_gain":0,"max_hp_loss":23,"event_name":"Vampires","floor":25,"gold_loss":0,"cards_obtained":["Bite","Bite","Bite","Bite","Bite"]},{"cards_removed":["Unload"],"damage_healed":0,"gold_gain":0,"player_choice":"Offered Rare","damage_taken":0,"max_hp_gain":10,"max_hp_loss":0,"event_name":"Bonfire Elementals","floor":29,"gold_loss":0}],"is_beta":true,"boss_relics":[{"not_picked":["Runic Pyramid","Cursed Key"],"picked":"Snecko Eye"}],"items_purged_floors":[],"is_endless":false,"potions_floor_spawned":[2,10,12,16,22,24],"killed_by":"Slavers","ascension_level":6}