{"gold_per_floor":[17,17,17,30,54,54,93,117,144,144,144,167,191,204,204,333,333,347,347,367,367],"floor_reached":21,"playtime":722,"items_purged":[],"score":220,"play_id":"5107f579-fa5c-44e2-9341-12ad4126d6f4","local_time":"20190105210019","is_ascension_mode":true,"campfire_choices":[{"data":"Dagger Spray","floor":6,"key":"SMITH"},{"data":"Neutralize","floor":10,"key":"SMITH"},{"data":"Glass Knife","floor":15,"key":"SMITH"}],"neow_cost":"NO_GOLD","seed_source_timestamp":435267545858460,"circlet_count":0,"master_deck":["Defend_G","Defend_G","Defend_G","Defend_G","Defend_G","Strike_G","Strike_G","Strike_G","Strike_G","Survivor","Neutralize+1","Die Die Die","Deadly Poison","Caltrops","Dagger Spray+1","Acrobatics","Riddle With Holes","Ghostly Armor","Backflip","Cloak And Dagger","Glass Knife+1","Night Terror","Slice","Dagger Spray+1"],"relics":["Ring of the Snake","Golden Idol","Smiling Mask","Anchor","Black Star"],"potions_floor_usage":[16,20,21,21],"damage_taken":[{"damage":0,"enemies":"2 Louse","floor":1,"turns":1},{"damage":0,"enemies":"Small Slimes","floor":4,"turns":3},{"damage":0,"enemies":"Cultist","floor":5,"turns":3},{"damage":22,"enemies":"3 Sentries","floor":7,"turns":4},{"damage":4,"enemies":"Looter","floor":8,"turns":4},{"damage":0,"enemies":"Lots of Slimes","floor":12,"turns":2},{"damage":0,"enemies":"3 Louse","floor":13,"turns":2},{"damage":0,"enemies":"Large Slime","floor":14,"turns":4},{"damage":23,"enemies":"Slime Boss","floor":16,"turns":9},{"damage":11,"enemies":"Shell Parasite","floor":18,"turns":7},{"damage":25,"enemies":"Spheric Guardian","floor":20,"turns":5},{"damage":10,"enemies":"Colosseum Slavers","floor":21,"turns":4},{"damage":28,"enemies":"Colosseum Nobs","floor":21,"turns":2}],"seed_played":"3208794300038089683","potions_obtained":[{"floor":5,"key":"Dexterity Potion"},{"floor":7,"key":"SneckoOil"},{"floor":12,"key":"Dexterity Potion"},{"floor":13,"key":"LiquidBronze"},{"floor":14,"key":"Strength Potion"},{"floor":16,"key":"PowerPotion"},{"floor":20,"key":"Swift Potion"}],"is_trial":false,"path_per_floor":["M","?","?","M","M","R","E","M","T","R","?","M","M","M","R","B",null,"M","?","M","?"],"character_chosen":"THE_SILENT","items_purchased":[],"campfire_rested":0,"item_purchase_floors":[],"current_hp_per_floor":[70,65,70,70,70,70,48,44,44,44,44,44,44,44,44,21,70,59,59,34,0],"gold":367,"neow_bonus":"THREE_RARE_CARDS","is_prod":false,"is_daily":false,"chose_seed":false,"campfire_upgraded":3,"win_rate":0,"timestamp":1546740019,"path_taken":["M","?","?","M","M","R","E","M","T","R","?","M","?","M","R","BOSS","M","?","?","?"],"build_version":"2019-01-03v4","purchased_purges":0,"victory":false,"max_hp_per_floor":[70,65,70,70,70,70,70,70,70,70,70,70,70,70,70,70,70,70,70,70,70],"card_choices":[{"not_picked":["After Image","Glass Knife"],"picked":"Die Die Die","floor":0},{"not_picked":["Outmaneuver","Cloak And Dagger"],"picked":"Deadly Poison","floor":1},{"not_picked":["Deadly Poison","Quick Slash"],"picked":"Caltrops","floor":4},{"not_picked":["Prepared","Blade Dance"],"picked":"Dagger Spray","floor":5},{"not_picked":["Grand Finale","Distraction"],"picked":"Acrobatics","floor":7},{"not_picked":["Deflect","Acrobatics"],"picked":"Riddle With Holes","floor":8},{"not_picked":["Outmaneuver","Prepared"],"picked":"Backflip","floor":12},{"not_picked":["Backstab","Infinite Blades"],"picked":"Cloak And Dagger","floor":13},{"not_picked":["Cloak And Dagger","Underhanded Strike"],"picked":"Glass Knife","floor":14},{"not_picked":["Unload","Doppelganger"],"picked":"Night Terror","floor":16},{"not_picked":["Tactician","Outmaneuver"],"picked":"Slice","floor":18},{"not_picked":["Reflex","Accuracy","Outmaneuver"],"picked":"SKIP","floor":20}],"player_experience":1187668,"relics_obtained":[{"floor":7,"key":"Smiling Mask"},{"floor":9,"key":"Anchor"}],"event_choices":[{"damage_healed":0,"gold_gain":0,"player_choice":"Lose Max HP","damage_taken":0,"relics_obtained":["Golden Idol"],"max_hp_gain":0,"max_hp_loss":5,"event_name":"Golden Idol","floor":2,"gold_loss":0},{"damage_healed":0,"gold_gain":0,"player_choice":"Donut","damage_taken":0,"max_hp_gain":5,"max_hp_loss":0,"event_name":"Big Fish","floor":3,"gold_loss":0},{"cards_removed":["Strike_G"],"damage_healed":0,"gold_gain":0,"player_choice":"Took Card","damage_taken":0,"max_hp_gain":0,"max_hp_loss":0,"event_name":"NoteForYourself","floor":11,"gold_loss":0,"cards_obtained":["Ghostly Armor"]},{"damage_healed":0,"gold_gain":0,"player_choice":"Copied","damage_taken":0,"max_hp_gain":0,"max_hp_loss":0,"event_name":"Duplicator","floor":19,"gold_loss":0,"cards_obtained":["Dagger Spray"]},{"damage_healed":0,"gold_gain":0,"player_choice":"Fight","damage_taken":0,"max_hp_gain":0,"max_hp_loss":0,"event_name":"Colosseum","floor":21,"gold_loss":0},{"damage_healed":0,"gold_gain":0,"player_choice":"Fought Nobs","damage_taken":0,"max_hp_gain":0,"max_hp_loss":0,"event_name":"Colosseum","floor":21,"gold_loss":0}],"is_beta":true,"boss_relics":[{"not_picked":["White Beast Statue","WristBlade"],"picked":"Black Star"}],"items_purged_floors":[],"is_endless":false,"potions_floor_spawned":[5,7,12,13,14,16,20,21],"killed_by":"Colosseum Nobs","ascension_level":4}