{"path_per_floor":["M","M","M","?","M","R","E","R","T","E","M","$","?","$","R"],"character_chosen":"IRONCLAD","items_purchased":["Bandage Up","Lantern"],"gold_per_floor":[118,135,147,147,167,167,205,205,205,243,257,25,25,25,25,25],"floor_reached":16,"campfire_rested":3,"playtime":418,"current_hp_per_floor":[74,65,58,58,6,30,40,64,64,19,1,1,1,1,25,0],"items_purged":[],"gold":25,"score":138,"play_id":"b615b744-9522-4ab3-b0b7-cf94bdd3fd5d","local_time":"20180414185854","is_prod":false,"is_daily":false,"chose_seed":false,"is_ascension_mode":true,"campfire_upgraded":0,"timestamp":1523746734,"path_taken":["M","?","?","?","?","R","E","R","T","E","M","?","?","$","R","BOSS"],"build_version":"2018-04-13","seed_source_timestamp":210142286678142,"purchased_purges":0,"victory":false,"master_deck":["Strike_R","Strike_R","Strike_R","Strike_R","Strike_R","Defend_R","Defend_R","Defend_R","Defend_R","Bash","Clash","Uppercut","Corruption","Injury","Iron Wave","Metallicize","Thunderclap","Armaments","Bandage Up"],"max_hp_per_floor":[80,80,80,80,80,80,80,80,80,80,80,80,80,80,80,80],"relics":["Lizard Tail","Golden Idol","Shovel","Shuriken","Kunai","Lantern"],"card_choices":[{"not_picked":["Body Slam","Dropkick"],"picked":"Clash","floor":1},{"not_picked":["Warcry","Cleave"],"picked":"Uppercut","floor":2},{"not_picked":["Wild Strike","Dropkick"],"picked":"Corruption","floor":3},{"not_picked":["Hemokinesis","Flame Barrier"],"picked":"Iron Wave","floor":5},{"not_picked":["Reckless Charge","Iron Wave"],"picked":"Metallicize","floor":7},{"not_picked":["Clash","Flex"],"picked":"Thunderclap","floor":10},{"not_picked":["Body Slam","Sword Boomerang"],"picked":"Armaments","floor":11}],"player_experience":187105,"potions_floor_usage":[10,16],"damage_taken":[{"damage":6,"enemies":"Cultist","floor":1,"turns":4},{"damage":9,"enemies":"Jaw Worm","floor":2,"turns":3},{"damage":7,"enemies":"Small Slimes","floor":3,"turns":3},{"damage":52,"enemies":"Gremlin Gang","floor":5,"turns":5},{"damage":31,"enemies":"Gremlin Nob","floor":7,"turns":5},{"damage":45,"enemies":"Lagavulin","floor":10,"turns":7},{"damage":18,"enemies":"Exordium Thugs","floor":11,"turns":4},{"damage":45,"enemies":"Hexaghost","floor":16,"turns":10}],"event_choices":[{"event_name":"Golden Idol","player_choice":"Take Wound","floor":4,"damage_taken":0},{"event_name":"Scrap Ooze","player_choice":"unsuccessful","floor":13,"damage_taken":0}],"boss_relics":[],"potions_floor_spawned":[5,11],"seed_played":"864541217485788676","killed_by":"Hexaghost","ascension_level":5,"is_trial":false}