{"path_per_floor":["M","M","?","M","?","M","?","R","T","R","M","M","M","M","R","B",null,"M","M","?","$","M","R","M","R","T","M","?","M","?","$","R","B",null,"M","?","$","?","?","R","M","M","T","M","M","M","R","M","R"],"character_chosen":"DEFECT","items_purchased":["DataDisk","Defragment","Cold Snap","Orichalcum","Loop"],"gold_per_floor":[112,125,125,139,139,153,215,215,215,215,225,244,263,283,283,383,383,400,410,410,180,197,197,210,210,210,227,227,246,161,138,138,237,237,256,256,24,24,24,24,43,59,59,69,83,95,95,109,109,109],"floor_reached":50,"campfire_rested":5,"playtime":1793,"item_purchase_floors":[21,21,31,37,37],"current_hp_per_floor":[69,68,61,61,61,52,40,62,62,62,62,62,57,51,51,36,75,60,60,60,60,53,53,53,53,53,48,48,48,48,48,70,19,75,58,58,58,58,58,75,62,59,59,41,45,51,73,57,75,0],"items_purged":[],"gold":109,"score":467,"play_id":"72066da3-de0c-489a-91ea-cabd19eecc56","local_time":"20180624173011","is_prod":false,"is_daily":false,"chose_seed":false,"is_ascension_mode":false,"campfire_upgraded":4,"win_rate":0,"timestamp":1529875811,"campfire_choices":[{"floor":8,"key":"REST"},{"data":"Dualcast","floor":10,"key":"SMITH"},{"data":"Multi-Cast","floor":15,"key":"SMITH"},{"data":"Defragment","floor":23,"key":"SMITH"},{"data":"Electrodynamics","floor":25,"key":"SMITH"},{"floor":32,"key":"REST"},{"floor":40,"key":"REST"},{"floor":47,"key":"REST"},{"floor":49,"key":"REST"}],"path_taken":["M","M","?","M","?","M","?","R","T","R","M","?","M","M","R","BOSS","M","M","?","$","M","R","M","R","T","M","?","?","?","$","R","BOSS","M","?","$","?","?","R","M","M","T","M","M","M","R","?","R","BOSS"],"build_version":"2018-06-21","seed_source_timestamp":850455463620536,"purchased_purges":0,"circlet_count":0,"victory":false,"master_deck":["Strike_B","Strike_B","Defend_B","Defend_B","Defend_B","Defend_B","Zap","Dualcast+1","Multi-Cast+1","Rebound","Cold Snap","Doom and Gloom","Undo","Turbo","Lockon","Fusion","Leap","Compile Driver","Redo+1","Defragment+1","Darkness","Defragment","Electrodynamics+1","Leap","White Noise+1","Blizzard+1","Cold Snap","Buffer","Aggregate","Blizzard","Loop","Self Repair","Gash+1","Conserve Battery+1","Cold Snap+1","Blizzard+1","Melter"],"max_hp_per_floor":[75,75,75,75,75,75,75,75,75,75,75,75,75,75,75,75,75,75,75,75,75,75,75,75,75,75,75,75,75,75,75,75,75,75,75,75,75,75,75,75,75,75,75,75,75,75,75,75,75,75],"relics":["Cracked Core","Symbiotic Virus","Mercury Hourglass","Nuclear Battery","DataDisk","Meat on the Bone","Centennial Puzzle","Sozu","Orichalcum","Toxic Egg 2"],"card_choices":[{"not_picked":["Heatsinks","Barrage"],"picked":"Rebound","floor":1},{"not_picked":["Skim","Stack"],"picked":"Cold Snap","floor":2},{"not_picked":["Aggregate","Leap"],"picked":"Doom and Gloom","floor":4},{"not_picked":["Core Surge","Recycle"],"picked":"Undo","floor":6},{"not_picked":["Reinforced Body","Hello World"],"picked":"Turbo","floor":7},{"not_picked":["Tempest","Compile Driver"],"picked":"Lockon","floor":11},{"not_picked":["Hello World","Go for the Eyes"],"picked":"Fusion","floor":12},{"not_picked":["Auto Shields","Doom and Gloom"],"picked":"Leap","floor":13},{"not_picked":["Beam Cell","Barrage"],"picked":"Compile Driver","floor":14},{"not_picked":["Core Surge","Biased Cognition"],"picked":"Thunder Strike","floor":16},{"not_picked":["Defragment","Conserve Battery"],"picked":"Redo+1","floor":18},{"not_picked":["Cold Snap","Gash"],"picked":"Defragment","floor":19},{"not_picked":["Genetic Algorithm","Steam Power"],"picked":"Electrodynamics","floor":22},{"not_picked":["Sweeping Beam","Compile Driver"],"picked":"Leap","floor":24},{"not_picked":["Melter+1","Barrage"],"picked":"White Noise+1","floor":27},{"not_picked":["Force Field","Aggregate"],"picked":"Blizzard+1","floor":29},{"not_picked":["Biased Cognition","Meteor Strike"],"picked":"Buffer","floor":33},{"not_picked":["Conserve Battery","Recycle"],"picked":"Aggregate","floor":35},{"not_picked":["Cold Snap","Redo"],"picked":"Self Repair","floor":41},{"not_picked":["Conserve Battery","Stack"],"picked":"Gash+1","floor":42},{"not_picked":["Go for the Eyes+1","Stack+1"],"picked":"Conserve Battery+1","floor":44},{"not_picked":["Genetic Algorithm+1","Stack+1"],"picked":"Cold Snap+1","floor":45},{"not_picked":["Gash+1","Genetic Algorithm+1"],"picked":"Blizzard+1","floor":46},{"not_picked":["Coolheaded+1","Sunder"],"picked":"Melter","floor":48}],"player_experience":462937,"potions_floor_usage":[16,16,22,29,33,50],"damage_taken":[{"damage":6,"enemies":"Jaw Worm","floor":1,"turns":4},{"damage":1,"enemies":"Cultist","floor":2,"turns":3},{"damage":0,"enemies":"Small Slimes","floor":4,"turns":3},{"damage":9,"enemies":"2 Fungi Beasts","floor":6,"turns":3},{"damage":12,"enemies":"Gremlin Nob","floor":7,"turns":3},{"damage":0,"enemies":"Large Slime","floor":11,"turns":2},{"damage":0,"enemies":"Exordium Thugs","floor":12,"turns":2},{"damage":5,"enemies":"Looter","floor":13,"turns":2},{"damage":6,"enemies":"Lots of Slimes","floor":14,"turns":2},{"damage":15,"enemies":"Slime Boss","floor":16,"turns":7},{"damage":15,"enemies":"2 Thieves","floor":18,"turns":4},{"damage":0,"enemies":"Spheric Guardian","floor":19,"turns":3},{"damage":7,"enemies":"Snake Plant","floor":22,"turns":3},{"damage":0,"enemies":"Sentry and Sphere","floor":24,"turns":2},{"damage":17,"enemies":"Centurion and Healer","floor":27,"turns":4},{"damage":12,"enemies":"Snake Plant","floor":29,"turns":3},{"damage":63,"enemies":"Automaton","floor":33,"turns":10},{"damage":17,"enemies":"3 Shapes","floor":35,"turns":3},{"damage":13,"enemies":"Orb Walker","floor":41,"turns":3},{"damage":10,"enemies":"Transient","floor":42,"turns":5},{"damage":18,"enemies":"Spire Growth","floor":44,"turns":4},{"damage":8,"enemies":"4 Shapes","floor":45,"turns":3},{"damage":1,"enemies":"Transient","floor":46,"turns":5},{"damage":16,"enemies":"3 Darklings","floor":48,"turns":2},{"damage":81,"enemies":"Time Eater","floor":50,"turns":7}],"relics_obtained":[{"floor":7,"key":"Symbiotic Virus"},{"floor":9,"key":"Mercury Hourglass"},{"floor":26,"key":"Meat on the Bone"},{"floor":43,"key":"Toxic Egg 2"}],"event_choices":[{"event_name":"Golden Wing","player_choice":"Card Removal","floor":3,"damage_taken":0},{"event_name":"Liars Game","player_choice":"disagreed","floor":5,"damage_taken":0},{"event_name":"Dead Adventurer","player_choice":"Searched \u00271\u0027 times","floor":7,"damage_taken":0},{"event_name":"The Library","player_choice":"Read","floor":20,"damage_taken":0},{"event_name":"N\u0027loth","player_choice":"Ignored","floor":28,"damage_taken":0},{"event_name":"Addict","player_choice":"Obtained Relic","floor":30,"damage_taken":0},{"event_name":"Transmorgrifier","player_choice":"Transform","floor":36,"damage_taken":0},{"event_name":"The Lab","player_choice":"Got Potions","floor":38,"damage_taken":0},{"event_name":"Falling","player_choice":"Removed Attack","floor":39,"damage_taken":0}],"boss_relics":[{"not_picked":["Calling Bell","Fusion Hammer"],"picked":"Nuclear Battery"},{"not_picked":["Empty Cage","Philosopher\u0027s Stone"],"picked":"Sozu"}],"items_purged_floors":[],"is_endless":false,"potions_floor_spawned":[1,7,11,12,14,16,19,22,29,35,44,48],"seed_played":"3539136830919223119","killed_by":"Time Eater","ascension_level":0,"potions_obtained":[{"floor":1,"key":"Ancient Potion"},{"floor":7,"key":"Ancient Potion"},{"floor":11,"key":"Strength Potion"},{"floor":12,"key":"FocusPotion"},{"floor":14,"key":"Energy Potion"},{"floor":16,"key":"SkillPotion"},{"floor":19,"key":"Weak Potion"},{"floor":22,"key":"Dexterity Potion"},{"floor":29,"key":"SteroidPotion"}],"is_trial":false}