{"path_per_floor":["M","M","?","?","$","R","M","M","T","R","M","E","R","M","R","B",null,"M","M","M","$","?","R","?","?","T","R","?","M","M","M","R","B",null,"M","?","$","M","M","R","?","?","T","?","R","M","R","M","R"],"character_chosen":"DEFECT","items_purchased":["Buffer","Coolheaded","Beam Cell","Glacier","Cables","Panache","Bandage Up"],"gold_per_floor":[119,131,131,306,75,75,86,99,99,99,118,144,144,159,159,257,257,273,285,300,24,24,24,24,24,50,50,150,165,177,191,191,292,322,338,338,51,68,81,81,81,81,108,108,108,118,118,131,161,161],"floor_reached":50,"campfire_rested":5,"playtime":2362,"current_hp_per_floor":[75,75,60,60,60,60,60,52,52,52,46,46,46,46,68,63,75,75,50,44,44,44,66,71,71,71,71,71,45,32,8,30,6,80,52,42,42,31,11,35,35,70,70,70,70,24,60,52,52,0],"items_purged":["Doubt"],"gold":161,"score":519,"play_id":"0bc29b59-fd99-4d6f-b634-7460c435053d","local_time":"20180505185425","is_prod":false,"is_daily":false,"chose_seed":false,"is_ascension_mode":false,"campfire_upgraded":2,"timestamp":1525560865,"path_taken":["M","M","?","?","$","R","M","M","T","R","M","E","R","?","R","BOSS","M","M","?","$","?","R","?","?","T","R","?","?","M","M","R","BOSS","M","?","$","?","M","R","?","?","T","?","R","?","R","M","R","BOSS"],"build_version":"2018-05-03","seed_source_timestamp":2022545616345318,"purchased_purges":1,"victory":false,"master_deck":["Zap","Dualcast","Cold Snap+1","Double Energy","Buffer+1","Coolheaded","Beam Cell","Streamline+1","Seek","White Noise","Genetic Algorithm","Rebound+1","Echo Form","Barrage","Gash","Impulse","Barrage","Coolheaded","Beam Cell","Cold Snap","Streamline","Darkness","Skim+1","Glacier","Rebound","Prime","Static Discharge","Redo","Defragment","FTL","Madness","Madness","Panache","Bandage Up","Sweeping Beam","Stack+1","Buffer","Scrape+1","Beam Cell+1"],"max_hp_per_floor":[75,75,75,75,75,75,75,75,75,75,75,75,75,75,75,75,75,75,75,75,75,75,75,75,75,75,75,75,75,75,75,75,75,80,80,80,80,80,80,80,80,70,70,70,70,70,70,70,70,70],"relics":["Cracked Core","NeowsBlessing","Gambling Chip","Shovel","Toolbox","Pandora\u0027s Box","Cables","Happy Flower","Sundial","Tiny House","Dream Catcher","Regal Pillow","Tiny Chest"],"card_choices":[{"not_picked":["Barrage","Rebound"],"picked":"Cold Snap","floor":1},{"not_picked":["Stack","Coolheaded"],"picked":"Double Energy","floor":2},{"not_picked":["Double Energy","Sweeping Beam"],"picked":"Streamline","floor":7},{"not_picked":["Beam Cell","Capacitor"],"picked":"Seek","floor":8},{"not_picked":["Capacitor","Steam Power"],"picked":"White Noise","floor":11},{"not_picked":["Double Energy","Auto Shields"],"picked":"Genetic Algorithm","floor":12},{"not_picked":["Barrage","Auto Shields"],"picked":"Rebound","floor":14},{"not_picked":["Reboot","Amplify"],"picked":"Echo Form","floor":16},{"not_picked":["Storm","Stack"],"picked":"Streamline","floor":18},{"not_picked":["Hologram","Beam Cell"],"picked":"Darkness","floor":19},{"not_picked":["Hologram","Hello World"],"picked":"Skim","floor":20},{"not_picked":["Chill","Barrage"],"picked":"Rebound","floor":29},{"not_picked":["Beam Cell","Barrage"],"picked":"Prime","floor":30},{"not_picked":["Turbo","Impulse"],"picked":"Static Discharge","floor":31},{"not_picked":["Rainbow","Seek"],"picked":"Redo","floor":33},{"not_picked":["Beam Cell","White Noise"],"picked":"Defragment","floor":34},{"not_picked":["Ball Lightning","Go for the Eyes"],"picked":"FTL","floor":35},{"not_picked":["Skim","Barrage"],"picked":"Sweeping Beam","floor":38},{"not_picked":["Recycle","Storm"],"picked":"Stack","floor":39},{"not_picked":["Auto Shields","Hologram"],"picked":"Buffer","floor":46},{"not_picked":["Impulse","Blizzard"],"picked":"Scrape","floor":47},{"not_picked":["Sweeping Beam","Cold Snap"],"picked":"Beam Cell","floor":48}],"player_experience":339551,"potions_floor_usage":[14,16,20,31,33,38,39,50],"damage_taken":[{"damage":0,"enemies":"2 Louse","floor":1,"turns":1},{"damage":0,"enemies":"Small Slimes","floor":2,"turns":1},{"damage":0,"enemies":"Jaw Worm","floor":7,"turns":1},{"damage":8,"enemies":"Gremlin Gang","floor":8,"turns":5},{"damage":6,"enemies":"Exordium Wildlife","floor":11,"turns":4},{"damage":0,"enemies":"Lagavulin","floor":12,"turns":6},{"damage":0,"enemies":"3 Louse","floor":14,"turns":3},{"damage":5,"enemies":"The Guardian","floor":16,"turns":10},{"damage":0,"enemies":"Chosen","floor":18,"turns":5},{"damage":25,"enemies":"Shell Parasite","floor":19,"turns":4},{"damage":21,"enemies":"Chosen and Byrds","floor":20,"turns":6},{"damage":26,"enemies":"Snake Plant","floor":29,"turns":5},{"damage":13,"enemies":"Snecko","floor":30,"turns":3},{"damage":24,"enemies":"3 Cultists","floor":31,"turns":4},{"damage":39,"enemies":"Champ","floor":33,"turns":10},{"damage":28,"enemies":"3 Darklings","floor":35,"turns":7},{"damage":15,"enemies":"Orb Walker","floor":38,"turns":3},{"damage":20,"enemies":"4 Shapes","floor":39,"turns":4},{"damage":50,"enemies":"3 Darklings","floor":46,"turns":6},{"damage":12,"enemies":"Maw","floor":48,"turns":7},{"damage":66,"enemies":"Time Eater","floor":50,"turns":14}],"event_choices":[{"event_name":"Shining Light","player_choice":"Entered Light","floor":3,"damage_taken":0},{"event_name":"Liars Game","player_choice":"agreed","floor":4,"damage_taken":0},{"event_name":"Beggar","player_choice":"Ignored","floor":22,"damage_taken":0},{"event_name":"Bonfire Elementals","player_choice":"COMMON","floor":24,"damage_taken":0},{"event_name":"Addict","player_choice":"Ignored","floor":25,"damage_taken":0},{"event_name":"Golden Shrine","player_choice":"Pray","floor":28,"damage_taken":0},{"event_name":"Winding Halls","player_choice":"Embrace Madness","floor":36,"damage_taken":0},{"event_name":"SecretPortal","player_choice":"Rejected Portal.","floor":41,"damage_taken":0},{"event_name":"The Moai Head","player_choice":"Heal","floor":42,"damage_taken":0},{"event_name":"Mysterious Sphere","player_choice":"Ignore","floor":44,"damage_taken":0}],"boss_relics":[{"not_picked":["Runic Pyramid","Snecko Eye"],"picked":"Pandora\u0027s Box"},{"not_picked":["Philosopher\u0027s Stone","Inserter"],"picked":"Tiny House"}],"potions_floor_spawned":[8,11,16,20,29,38,39],"seed_played":"-6559592732615405348","killed_by":"Time Eater","ascension_level":0,"is_trial":false}