{"gold_per_floor":[117,192,202,45,45,45,380,380,403,403,79,96,152,167,167,262,262,273,273,287,11,11],"floor_reached":22,"playtime":2801,"items_purged":[],"score":321,"play_id":"82fbb445-43da-4342-80db-8bcb5f05a386","local_time":"20181227194706","is_ascension_mode":true,"campfire_choices":[{"data":"Sunder","floor":6,"key":"SMITH"},{"data":"Capacitor","floor":8,"key":"SMITH"},{"data":"Zap","floor":10,"key":"SMITH"},{"floor":15,"key":"REST"}],"neow_cost":"NONE","seed_source_timestamp":1063038417869102,"circlet_count":0,"master_deck":["AscendersBane","Strike_B","Strike_B","Strike_B","Strike_B","Defend_B","Defend_B","Defend_B","Defend_B","Zap+1","Dualcast","Tempest","BootSequence","Sunder+1","Conserve Battery","Capacitor+1","Barrage","Conserve Battery","Beam Cell","Barrage","Ball Lightning","Seek","Conserve Battery","Coolheaded","Blind"],"relics":["Cracked Core","NeowsBlessing","Anchor","Pen Nib","Meat on the Bone","Sozu","Nloth\u0027s Gift","Chemical X"],"potions_floor_usage":[16,18],"damage_taken":[{"damage":0,"enemies":"2 Louse","floor":1,"turns":1},{"damage":0,"enemies":"Jaw Worm","floor":3,"turns":1},{"damage":0,"enemies":"Gremlin Nob","floor":7,"turns":1},{"damage":0,"enemies":"Cultist","floor":12,"turns":3},{"damage":0,"enemies":"Exordium Wildlife","floor":14,"turns":3},{"damage":38,"enemies":"Hexaghost","floor":16,"turns":9},{"damage":19,"enemies":"3 Byrds","floor":18,"turns":3},{"damage":0,"enemies":"Spheric Guardian","floor":20,"turns":3},{"damage":62,"enemies":"Masked Bandits","floor":22,"turns":3}],"seed_played":"-5891977288207149882","potions_obtained":[{"floor":3,"key":"Explosive Potion"},{"floor":7,"key":"Weak Potion"},{"floor":16,"key":"Weak Potion"}],"is_trial":false,"path_per_floor":["M","?","M","$","?","R","E","R","T","R","$","M","?","M","R","B",null,"M","?","M","$","?"],"character_chosen":"DEFECT","items_purchased":["Sunder","Conserve Battery","Capacitor","Meat on the Bone","Conserve Battery","Beam Cell","Chemical X","Blind"],"campfire_rested":1,"item_purchase_floors":[4,4,4,11,11,11,21,21],"current_hp_per_floor":[68,57,57,57,45,45,45,45,45,45,45,45,45,45,67,41,67,48,48,48,48,0],"gold":11,"neow_bonus":"THREE_ENEMY_KILL","is_prod":false,"is_daily":false,"chose_seed":false,"campfire_upgraded":3,"win_rate":0,"timestamp":1545958026,"path_taken":["M","?","M","$","?","R","E","R","T","R","$","?","?","M","R","BOSS","M","?","?","$","?"],"build_version":"2018-12-25","purchased_purges":0,"victory":false,"max_hp_per_floor":[75,75,75,75,75,75,75,75,75,75,75,75,75,75,75,75,75,75,75,75,75,75],"card_choices":[{"not_picked":["Leap","Compile Driver"],"picked":"Tempest","floor":1},{"not_picked":["Coolheaded","Streamline"],"picked":"BootSequence","floor":3},{"not_picked":["Beam Cell","Rebound"],"picked":"Barrage","floor":7},{"not_picked":["Beam Cell","Redo"],"picked":"Barrage","floor":12},{"not_picked":["Tempest","Steam"],"picked":"Ball Lightning","floor":14},{"not_picked":["Fission","All For One"],"picked":"Seek","floor":16},{"not_picked":["White Noise","Beam Cell"],"picked":"Conserve Battery","floor":18},{"not_picked":["Rebound","Cold Snap"],"picked":"Coolheaded","floor":20}],"player_experience":1030568,"relics_obtained":[{"floor":7,"key":"Old Coin"},{"floor":9,"key":"Pen Nib"}],"event_choices":[{"damage_healed":0,"gold_gain":75,"player_choice":"Gather Gold","damage_taken":11,"max_hp_gain":0,"max_hp_loss":0,"event_name":"World of Goop","floor":2,"gold_loss":0},{"damage_healed":0,"gold_gain":0,"player_choice":"Success","damage_taken":12,"relics_obtained":["Anchor"],"max_hp_gain":0,"max_hp_loss":0,"event_name":"Scrap Ooze","floor":5,"gold_loss":0},{"damage_healed":0,"gold_gain":56,"player_choice":"Gained Gold","damage_taken":0,"max_hp_gain":0,"max_hp_loss":0,"event_name":"Golden Wing","floor":13,"gold_loss":0},{"damage_healed":0,"gold_gain":0,"player_choice":"Traded Relic","damage_taken":0,"relics_obtained":["Nloth\u0027s Gift"],"max_hp_gain":0,"max_hp_loss":0,"event_name":"N\u0027loth","floor":19,"relics_lost":["Old Coin"],"gold_loss":0},{"damage_healed":0,"gold_gain":0,"player_choice":"Fought Bandits","damage_taken":0,"max_hp_gain":0,"max_hp_loss":0,"event_name":"Masked Bandits","floor":22,"gold_loss":0}],"is_beta":true,"boss_relics":[{"not_picked":["Nuclear Battery","White Beast Statue"],"picked":"Sozu"}],"items_purged_floors":[],"is_endless":false,"potions_floor_spawned":[3,7,16,18],"killed_by":"Masked Bandits","ascension_level":11}