{"path_per_floor":["M","?","?","M","$","E","M","E","T","M","$","E","M","E","R","B",null,"M","?","$","M","?","R","E","M","T","E","R","E","$","?","R","B",null,"M","$","M","?","$","E","M","M","T","$","E","M","R","T","R","B"],"character_chosen":"IRONCLAD","items_purchased":["Feel No Pain","Battle Trance","Sever Soul","Bag of Marbles","Shrug It Off","True Grit"],"gold_per_floor":[10,10,10,20,20,45,60,86,86,105,35,60,71,104,104,200,200,210,125,46,66,66,66,98,113,167,198,198,230,151,151,151,252,252,264,113,132,0,0,30,44,54,80,2,31,43,43,43,43,43],"floor_reached":51,"campfire_rested":3,"playtime":2481,"current_hp_per_floor":[80,64,61,65,65,60,55,48,48,63,63,66,71,33,57,50,80,67,67,67,79,79,79,80,78,78,80,80,46,46,46,72,72,87,87,87,87,87,87,58,54,59,59,59,44,51,77,77,77,87],"items_purged":[],"gold":43,"score":931,"play_id":"9c5ae7b1-e245-4655-9c69-94d5df5a82bc","local_time":"20180421021022","is_prod":false,"is_daily":false,"chose_seed":false,"is_ascension_mode":true,"campfire_upgraded":3,"timestamp":1524291022,"path_taken":["M","?","?","M","$","E","M","E","T","M","$","E","M","E","R","BOSS","M","?","$","M","?","R","E","M","T","E","R","E","$","?","R","BOSS","M","$","?","?","$","E","M","?","T","?","E","M","R","?","R","BOSS"],"build_version":"2018-04-19","seed_source_timestamp":752402160923754,"purchased_purges":0,"victory":true,"master_deck":["Strike_R","Strike_R+1","Strike_R","Strike_R","Strike_R+1","Defend_R","Defend_R","Defend_R","Defend_R","Bash","Immolate","Wild Strike","Armaments","Power Through","Shrug It Off","Reaper","Cleave","Feel No Pain+1","Armaments","Barricade+1","Iron Wave","Reaper","Power Through+1","Battle Trance","True Grit+1","Burning Pact+1","Wild Strike","Battle Trance+1","Seeing Red+1","Sever Soul","Offering+1","Body Slam+1","Shrug It Off+1","Metallicize","Flame Barrier+1","Bloodletting+1","Spot Weakness+1","Shrug It Off+1","Metallicize+1","Seeing Red+1","Offering+1","Shrug It Off+1","True Grit+1","Body Slam+1","Iron Wave+1","Body Slam"],"max_hp_per_floor":[80,80,80,80,80,80,80,80,80,80,80,80,80,80,80,80,80,80,80,80,80,80,80,80,80,80,80,80,87,87,87,87,87,87,87,87,87,87,87,87,87,87,87,87,87,87,87,87,87,87],"relics":["Burning Blood","Question Card","Gremlin Horn","Mummified Hand","Ornamental Fan","Bronze Scales","Toolbox","Mark of Pain","Magic Flower","Toxic Egg 2","Orichalcum","Kunai","Strawberry","Omamori","Orrery","Bag of Marbles","Red Mask","Shuriken","Juzu Bracelet","Dream Catcher","Matryoshka"],"card_choices":[{"not_picked":["Impervious","Brutality"],"picked":"Immolate","floor":0},{"not_picked":["Intimidate","Reckless Charge"],"picked":"Wild Strike","floor":1},{"not_picked":["Iron Wave","Clothesline","Inflame"],"picked":"Armaments","floor":4},{"not_picked":["Armaments","Clothesline","Sword Boomerang"],"picked":"Power Through","floor":6},{"not_picked":["Heavy Blade","Clothesline","Wild Strike"],"picked":"Shrug It Off","floor":7},{"not_picked":["Shrug It Off","Seeing Red","Heavy Blade"],"picked":"Reaper","floor":8},{"not_picked":["Heavy Blade","Burning Pact","Armaments"],"picked":"Cleave","floor":10},{"not_picked":["Dual Wield","Perfected Strike","Pommel Strike"],"picked":"Armaments","floor":12},{"not_picked":["Headbutt","Clothesline","Ghostly Armor"],"picked":"Barricade","floor":13},{"not_picked":["Armaments","Heavy Blade","Flex"],"picked":"Iron Wave","floor":14},{"not_picked":["Immolate","Juggernaut","Barricade"],"picked":"Reaper","floor":16},{"not_picked":["Flex","Heavy Blade","Pommel Strike"],"picked":"Power Through","floor":18},{"not_picked":["Iron Wave","Cleave","Combust"],"picked":"True Grit","floor":21},{"not_picked":["Clothesline","Clash","Sword Boomerang"],"picked":"Burning Pact","floor":24},{"not_picked":["Rage","Twin Strike","Cleave"],"picked":"Wild Strike","floor":25},{"not_picked":["Pommel Strike","Fiend Fire","Warcry"],"picked":"Battle Trance","floor":27},{"not_picked":["Twin Strike","Shockwave","Heavy Blade"],"picked":"Seeing Red","floor":29},{"not_picked":["Exhume","Immolate","Limit Break"],"picked":"Offering","floor":33},{"not_picked":["Warcry","Infernal Blade","True Grit"],"picked":"Body Slam","floor":34},{"not_picked":["Seeing Red","Iron Wave","Inflame"],"picked":"Shrug It Off","floor":34},{"not_picked":["Corruption","Thunderclap","Warcry"],"picked":"Metallicize","floor":34},{"not_picked":["Pommel Strike","Berserk","Hemokinesis"],"picked":"Flame Barrier","floor":34},{"not_picked":["Flex","Pommel Strike","Armaments"],"picked":"Bloodletting","floor":34},{"not_picked":["Pommel Strike","Sever Soul","Sword Boomerang"],"picked":"Spot Weakness","floor":35},{"not_picked":["Battle Trance","Thunderclap","Clothesline"],"picked":"Shrug It Off","floor":37},{"not_picked":["Carnage","Searing Blow","Havoc"],"picked":"Metallicize","floor":40},{"not_picked":["Hemokinesis","Sword Boomerang","Clash"],"picked":"Seeing Red","floor":41},{"not_picked":["Sword Boomerang","Clothesline","Thunderclap"],"picked":"Offering","floor":42},{"not_picked":["Combust","Blood for Blood","True Grit"],"picked":"Body Slam","floor":45},{"not_picked":["Cleave","Burning Pact","Shockwave"],"picked":"Iron Wave","floor":46},{"not_picked":["Havoc","Dropkick","Anger"],"picked":"Body Slam","floor":47}],"player_experience":262959,"potions_floor_usage":[16,18,21,27,40,40,46,50],"damage_taken":[{"damage":0,"enemies":"Small Slimes","floor":1,"turns":3},{"damage":2,"enemies":"2 Louse","floor":4,"turns":2},{"damage":11,"enemies":"3 Sentries","floor":6,"turns":7},{"damage":11,"enemies":"Jaw Worm","floor":7,"turns":3},{"damage":13,"enemies":"Gremlin Nob","floor":8,"turns":4},{"damage":3,"enemies":"3 Louse","floor":10,"turns":2},{"damage":3,"enemies":"3 Sentries","floor":12,"turns":5},{"damage":5,"enemies":"Large Slime","floor":13,"turns":4},{"damage":45,"enemies":"Lagavulin","floor":14,"turns":9},{"damage":16,"enemies":"Slime Boss","floor":16,"turns":17},{"damage":19,"enemies":"Spheric Guardian","floor":18,"turns":5},{"damage":12,"enemies":"2 Thieves","floor":21,"turns":4},{"damage":22,"enemies":"Slavers","floor":24,"turns":7},{"damage":19,"enemies":"Slaver and Parasite","floor":25,"turns":6},{"damage":0,"enemies":"Gremlin Leader","floor":27,"turns":7},{"damage":50,"enemies":"Book of Stabbing","floor":29,"turns":7},{"damage":17,"enemies":"Automaton","floor":33,"turns":20},{"damage":4,"enemies":"3 Shapes","floor":35,"turns":1},{"damage":7,"enemies":"3 Darklings","floor":37,"turns":4},{"damage":38,"enemies":"2 Orb Walkers","floor":40,"turns":5},{"damage":19,"enemies":"Maw","floor":41,"turns":11},{"damage":4,"enemies":"Sphere and 2 Shapes","floor":42,"turns":3},{"damage":26,"enemies":"Nemesis","floor":45,"turns":11},{"damage":49,"enemies":"Flame Bruiser 2 Orb","floor":46,"turns":3},{"damage":15,"enemies":"Donu and Deca","floor":50,"turns":7}],"event_choices":[{"event_name":"Shining Light","player_choice":"Entered Light","floor":2,"damage_taken":0},{"event_name":"Scrap Ooze","player_choice":"success","floor":3,"damage_taken":3},{"event_name":"Addict","player_choice":"Obtained Relic","floor":19,"damage_taken":0},{"event_name":"Beggar","player_choice":"Ignored","floor":22,"damage_taken":0},{"event_name":"The Mausoleum","player_choice":"Yes","floor":31,"damage_taken":0},{"event_name":"Tomb of Lord Red Mask","player_choice":"Paid","floor":38,"damage_taken":0}],"boss_relics":[{"not_picked":["Snecko Eye","Runic Pyramid"],"picked":"Mark of Pain"},{"not_picked":["Black Star","White Beast Statue"],"picked":"Orrery"}],"potions_floor_spawned":[1,8,12,13,16,18,25,33,37,45],"seed_played":"7078373113251782918","ascension_level":1,"is_trial":false}