{"path_per_floor":["M","M","$","?","$","R","E","R","T","E","M","?","$","M","R","B",null,"M","?","$","M","M","R","M","R","T","$","M","R","E","M","R","B",null],"character_chosen":"THE_SILENT","items_purchased":["Dagger Spray","Malaise","Slice","Riddle With Holes","Infinite Blades","Finisher","Dodge and Roll","Escape Plan"],"gold_per_floor":[116,132,7,82,59,59,87,87,114,146,164,164,84,104,104,201,201,214,214,33,47,64,64,74,74,127,48,63,63,89,104,104,203,203,203],"floor_reached":35,"campfire_rested":3,"playtime":1382,"current_hp_per_floor":[67,60,60,49,49,70,53,53,53,42,41,41,41,27,48,35,70,67,49,49,49,49,49,37,37,37,37,30,44,38,38,38,19,49,0],"items_purged":[],"gold":203,"score":436,"play_id":"6a30dac7-c9bb-4860-9878-ff689e9b9e05","local_time":"20180331171646","is_prod":false,"is_daily":false,"is_ascension_mode":false,"campfire_upgraded":4,"timestamp":1522531006,"path_taken":["M","M","$","?","$","R","E","R","T","E","M","?","?","M","R","BOSS","M","?","?","M","M","R","?","R","T","$","M","R","E","M","R","BOSS","M"],"build_version":"2018-03-29","purchased_purges":0,"victory":false,"master_deck":["Defend_G","Defend_G","Defend_G","Defend_G","Defend_G","Survivor","Neutralize","Envenom+1","Sucker Punch","Dagger Spray","Malaise","Slice","Backflip","Bane","Cloak And Dagger+1","Riddle With Holes","Escape Plan","Adrenaline+1","Dagger Spray+1","Bite","Bite","Bite","Bite","Bite","Infinite Blades","Finisher+1","Dodge and Roll","Backflip+1","Infinite Blades","Terror","Escape Plan","Adrenaline","Dash","Catalyst+1","Storm of Steel"],"max_hp_per_floor":[70,70,70,70,70,70,70,70,70,70,70,70,70,70,70,70,70,70,49,49,49,49,49,49,49,49,49,49,49,49,49,49,49,49,49],"relics":["Lizard Tail","Bird Faced Urn","Bronze Scales","Bottled Tornado","Sozu","Art of War","Pen Nib","Eternal Feather"],"card_choices":[{"not_picked":["Bane","Deadly Poison"],"picked":"Envenom","floor":1},{"not_picked":["Endless Agony","Prepared"],"picked":"Sucker Punch","floor":2},{"not_picked":["Deflect","Acrobatics"],"picked":"Backflip","floor":7},{"not_picked":["Reflex","Underhanded Strike"],"picked":"Bane","floor":10},{"not_picked":["Flying Knee","Quick Slash"],"picked":"Cloak And Dagger","floor":11},{"not_picked":["Terror","Poisoned Stab"],"picked":"Escape Plan","floor":14},{"not_picked":["Bullet Time","Doppelganger"],"picked":"Adrenaline","floor":16},{"not_picked":["PiercingWail","Noxious Fumes"],"picked":"Dagger Spray","floor":18},{"not_picked":["Predator","Dagger Throw"],"picked":"Backflip","floor":21},{"not_picked":["All Out Attack","Underhanded Strike"],"picked":"Infinite Blades","floor":22},{"not_picked":["Riddle With Holes","Sucker Punch"],"picked":"Terror","floor":24},{"not_picked":["Terror","Endless Agony"],"picked":"Adrenaline","floor":28},{"not_picked":["Noxious Fumes","Phantasmal Killer"],"picked":"Dash","floor":30},{"not_picked":["Prepared","Flying Knee"],"picked":"Catalyst","floor":31},{"not_picked":["Night Terror","Phantasmal Killer"],"picked":"Storm of Steel","floor":33}],"player_experience":38638,"potions_floor_usage":[7,14],"damage_taken":[{"damage":3,"enemies":"2 Louse","floor":1,"turns":4},{"damage":7,"enemies":"Small Slimes","floor":2,"turns":6},{"damage":17,"enemies":"3 Sentries","floor":7,"turns":7},{"damage":13,"enemies":"Gremlin Nob","floor":10,"turns":5},{"damage":3,"enemies":"Jaw Worm","floor":11,"turns":3},{"damage":16,"enemies":"Exordium Thugs","floor":14,"turns":3},{"damage":51,"enemies":"Slime Boss","floor":16,"turns":10},{"damage":3,"enemies":"Shell Parasite","floor":18,"turns":4},{"damage":0,"enemies":"Chosen","floor":21,"turns":4},{"damage":2,"enemies":"Snake Plant","floor":22,"turns":3},{"damage":20,"enemies":"3 Cultists","floor":24,"turns":4},{"damage":19,"enemies":"Sentry and Sphere","floor":28,"turns":6},{"damage":15,"enemies":"Book of Stabbing","floor":30,"turns":4},{"damage":12,"enemies":"Snecko","floor":31,"turns":5},{"damage":39,"enemies":"Automaton","floor":33,"turns":7},{"damage":57,"enemies":"3 Shapes","floor":35,"turns":8}],"event_choices":[{"event_name":"World of Goop","player_choice":"Gather Gold","floor":4,"damage_taken":0},{"event_name":"Living Wall","player_choice":"Grow","floor":12,"damage_taken":0},{"event_name":"Vampires","player_choice":"Became a vampire","floor":19,"damage_taken":0}],"boss_relics":[{"not_picked":["Runic Dome","Cursed Key"],"picked":"Sozu"},{"not_picked":["Tiny House","Pandora\u0027s Box"],"picked":"Eternal Feather"}],"potions_floor_spawned":[1,10,21,22,31,33],"seed_played":"6580095270383407991","killed_by":"3 Shapes","ascension_level":0,"is_trial":false}