{"gold_per_floor":[110,56,106,34,51,66,96,96,96,114,142,142,142,156,156,233,233,247,162,162,6,0,0,0,0,0,0,18,18,35,35],"floor_reached":31,"playtime":1368,"items_purged":[],"score":404,"play_id":"3fca273d-053c-4fe9-9816-4ded77b4d0e0","local_time":"20190103213943","is_ascension_mode":true,"campfire_choices":[{"data":"Flame Barrier","floor":8,"key":"SMITH"},{"data":"True Grit","floor":13,"key":"SMITH"},{"floor":15,"key":"REST"},{"floor":24,"key":"REST"},{"data":"Demon Form","floor":27,"key":"SMITH"}],"neow_cost":"NONE","seed_source_timestamp":264138775099133,"circlet_count":0,"master_deck":["AscendersBane","Strike_R+1","Strike_R","Strike_R","Strike_R","Strike_R","Defend_R+1","Defend_R","Defend_R","Defend_R+1","Bash","Flame Barrier+1","Shrug It Off","Shrug It Off","Clothesline+1","True Grit+1","Uppercut","Corruption","Dark Embrace","Shrug It Off","Demon Form+1","Cleave","Pummel"],"relics":["Burning Blood","War Paint","Centennial Puzzle","Whetstone","Sozu","Sundial","Anchor"],"potions_floor_usage":[1,11,14,16,18,20],"damage_taken":[{"damage":9,"enemies":"2 Louse","floor":1,"turns":3},{"damage":2,"enemies":"Cultist","floor":5,"turns":5},{"damage":12,"enemies":"Small Slimes","floor":6,"turns":4},{"damage":2,"enemies":"2 Fungi Beasts","floor":10,"turns":6},{"damage":25,"enemies":"Lagavulin","floor":11,"turns":7},{"damage":9,"enemies":"Lots of Slimes","floor":14,"turns":6},{"damage":27,"enemies":"The Guardian","floor":16,"turns":17},{"damage":7,"enemies":"Shell Parasite","floor":18,"turns":8},{"damage":32,"enemies":"Colosseum Slavers","floor":20,"turns":8},{"damage":14,"enemies":"2 Thieves","floor":22,"turns":5},{"damage":35,"enemies":"3 Cultists","floor":28,"turns":7},{"damage":18,"enemies":"Sentry and Sphere","floor":30,"turns":8},{"damage":23,"enemies":"Book of Stabbing","floor":31,"turns":4}],"seed_played":"-7793549545382742822","potions_obtained":[{"floor":1,"key":"Fruit Juice"},{"floor":6,"key":"Strength Potion"},{"floor":11,"key":"GamblersBrew"},{"floor":14,"key":"LiquidBronze"},{"floor":16,"key":"EntropicBrew"}],"is_trial":false,"path_per_floor":["M","$","?","$","M","M","?","R","T","M","E","?","R","M","R","B",null,"M","?","?","$","M","?","R","?","T","R","M","$","M","E"],"character_chosen":"IRONCLAD","items_purchased":["Shrug It Off","Shrug It Off","AttackPotion","Demon Form"],"campfire_rested":2,"item_purchase_floors":[2,4,4,21],"current_hp_per_floor":[70,70,70,70,74,68,68,68,68,72,53,53,53,50,74,53,73,72,72,46,46,38,38,62,62,62,62,33,33,21,0],"gold":35,"neow_bonus":"RANDOM_COMMON_RELIC","is_prod":false,"is_daily":false,"chose_seed":false,"campfire_upgraded":3,"win_rate":0,"timestamp":1546569583,"path_taken":["M","$","?","$","?","M","?","R","T","M","E","?","R","?","R","BOSS","M","?","?","$","M","?","R","?","T","R","M","$","M","E"],"build_version":"2019-01-02","purchased_purges":0,"victory":false,"max_hp_per_floor":[80,80,80,80,80,80,80,80,80,80,80,80,80,80,80,80,80,80,80,80,80,80,80,80,80,80,80,80,80,80,80],"card_choices":[{"not_picked":["Feel No Pain","Warcry"],"picked":"Flame Barrier","floor":1},{"not_picked":["Havoc","Seeing Red"],"picked":"Clothesline","floor":5},{"not_picked":["Infernal Blade","Wild Strike"],"picked":"True Grit","floor":6},{"not_picked":["Sword Boomerang","Cleave"],"picked":"Uppercut","floor":10},{"not_picked":["Warcry","Wild Strike"],"picked":"Corruption","floor":11},{"not_picked":["Fiend Fire","Bludgeon"],"picked":"Dark Embrace","floor":16},{"not_picked":["Sever Soul","Clash"],"picked":"Shrug It Off","floor":18},{"not_picked":["Thunderclap","Fire Breathing"],"picked":"Cleave","floor":22},{"not_picked":["Warcry","Sever Soul+1","Anger"],"picked":"SKIP","floor":28},{"not_picked":["Carnage","Sever Soul"],"picked":"Pummel","floor":30}],"player_experience":1152367,"relics_obtained":[{"floor":9,"key":"Centennial Puzzle"},{"floor":11,"key":"Whetstone"},{"floor":26,"key":"Anchor"}],"event_choices":[{"damage_healed":0,"gold_gain":50,"player_choice":"Pray","damage_taken":0,"max_hp_gain":0,"max_hp_loss":0,"event_name":"Golden Shrine","floor":3,"gold_loss":0},{"damage_healed":0,"gold_gain":30,"player_choice":"Searched \u00272\u0027 times","damage_taken":0,"max_hp_gain":0,"max_hp_loss":0,"event_name":"Dead Adventurer","floor":7,"gold_loss":0},{"damage_healed":0,"gold_gain":0,"player_choice":"Got Potions","damage_taken":0,"max_hp_gain":0,"max_hp_loss":0,"event_name":"Lab","floor":12,"gold_loss":0},{"damage_healed":0,"gold_gain":0,"player_choice":"Obtained Relic","damage_taken":0,"relics_obtained":["Sundial"],"max_hp_gain":0,"max_hp_loss":0,"event_name":"Addict","floor":19,"gold_loss":85},{"damage_healed":0,"gold_gain":0,"player_choice":"Fight","damage_taken":0,"max_hp_gain":0,"max_hp_loss":0,"event_name":"Colosseum","floor":20,"gold_loss":0},{"damage_healed":0,"gold_gain":0,"player_choice":"Fled From Nobs","damage_taken":0,"max_hp_gain":0,"max_hp_loss":0,"event_name":"Colosseum","floor":20,"gold_loss":0},{"damage_healed":0,"gold_gain":0,"player_choice":"Ignored","damage_taken":0,"max_hp_gain":0,"max_hp_loss":0,"event_name":"Beggar","floor":23,"gold_loss":0},{"damage_healed":0,"gold_gain":0,"player_choice":"Ignored","damage_taken":0,"max_hp_gain":0,"max_hp_loss":0,"event_name":"WeMeetAgain","floor":25,"gold_loss":0}],"is_beta":true,"boss_relics":[{"not_picked":["Eternal Feather","Black Star"],"picked":"Sozu"}],"items_purged_floors":[],"is_endless":false,"potions_floor_spawned":[1,6,11,14,16,28,30],"killed_by":"Book of Stabbing","ascension_level":15}