{"gold_per_floor":[214,16,31,31,31,66,86,121,121,121,121,140,153,36,36,156,219,234,234,259,259,41,41,85,0,0,43,62,62,62,82,82,206,206,229,354,354,354,35,35,50,50,99,0,15,54,54,8,8,8],"floor_reached":51,"playtime":2605,"items_purged":["Strike_R"],"score":1009,"play_id":"3faec028-fb2a-4e62-8394-1b94d1b8a850","local_time":"20190104193216","is_ascension_mode":true,"campfire_choices":[{"floor":15,"key":"REST"},{"data":"Feed","floor":23,"key":"SMITH"},{"data":"Body Slam","floor":29,"key":"SMITH"},{"data":"Inflame","floor":32,"key":"SMITH"},{"data":"Juggernaut","floor":40,"key":"SMITH"},{"floor":42,"key":"RECALL"},{"floor":47,"key":"REST"},{"floor":49,"key":"REST"}],"neow_cost":"NONE","seed_source_timestamp":341651661947843,"circlet_count":0,"master_deck":["Strike_R","Strike_R+1","Strike_R","Strike_R","Defend_R","Defend_R","Defend_R","Defend_R","Bash","Iron Wave+1","Shrug It Off","Reckless Charge","Doubt","Battle Trance","Evolve+1","Disarm","Bludgeon","Shockwave+1","Shrug It Off+1","Disarm+1","Pommel Strike","Feed+1","Shrug It Off+1","Armaments+1","Spot Weakness+1","Flame Barrier+1","Inflame+1","Entrench+1","Body Slam+1","Armaments+1","Warcry+1","Havoc+1","Shockwave+1","Juggernaut+1","Shrug It Off+1","Ghostly Armor+1","Dark Shackles+1","Master of Strategy+1","Fire Breathing","True Grit+1","Parasite","True Grit+1","Dual Wield+1","Limit Break+1","Armaments+1"],"relics":["Burning Blood","Lantern","Golden Idol","Whetstone","Torii","Ornamental Fan","Juzu Bracelet","Toxic Egg 2","Tiny House","Enchiridion","Kunai","Anchor","Prayer Wheel","Red Skull","Philosopher\u0027s Stone","Ginger","Red Mask","Gremlin Horn"],"potions_floor_usage":[8,20,33,36,50,50],"damage_taken":[{"damage":8,"enemies":"Small Slimes","floor":1,"turns":4},{"damage":1,"enemies":"Cultist","floor":3,"turns":3},{"damage":27,"enemies":"Gremlin Nob","floor":6,"turns":4},{"damage":0,"enemies":"2 Louse","floor":7,"turns":2},{"damage":44,"enemies":"Lagavulin","floor":8,"turns":7},{"damage":1,"enemies":"Blue Slaver","floor":12,"turns":4},{"damage":2,"enemies":"Looter","floor":13,"turns":4},{"damage":9,"enemies":"Hexaghost","floor":16,"turns":12},{"damage":9,"enemies":"Chosen","floor":18,"turns":6},{"damage":7,"enemies":"3 Byrds","floor":20,"turns":6},{"damage":4,"enemies":"Book of Stabbing","floor":24,"turns":8},{"damage":10,"enemies":"Slavers","floor":27,"turns":6},{"damage":0,"enemies":"Sentry and Sphere","floor":28,"turns":9},{"damage":0,"enemies":"Centurion and Healer","floor":31,"turns":9},{"damage":0,"enemies":"Champ","floor":33,"turns":11},{"damage":0,"enemies":"3 Shapes","floor":35,"turns":5},{"damage":7,"enemies":"Mind Bloom Boss Battle","floor":36,"turns":9},{"damage":9,"enemies":"Orb Walker","floor":41,"turns":5},{"damage":1,"enemies":"Writhing Mass","floor":45,"turns":7},{"damage":99,"enemies":"Giant Head","floor":46,"turns":12},{"damage":0,"enemies":"Donu and Deca","floor":50,"turns":19}],"seed_played":"-1183314089624247886","potions_obtained":[{"floor":6,"key":"Fire Potion"},{"floor":13,"key":"AttackPotion"},{"floor":17,"key":"FairyPotion"},{"floor":18,"key":"Dexterity Potion"},{"floor":24,"key":"Weak Potion"},{"floor":28,"key":"Ancient Potion"},{"floor":33,"key":"Poison Potion"},{"floor":36,"key":"Ancient Potion"}],"is_trial":false,"path_per_floor":["M","$","M","?","?","E","M","E","T","?","T","M","M","$","R","B",null,"M","?","M","?","$","R","E","?","T","E","M","R","$","M","R","B",null,"M","?","?","?","$","R","M","R","T","?","M","E","R","$","R","B",null],"character_chosen":"IRONCLAD","items_purchased":["Lantern","Shrug It Off","Disarm+1","Pommel Strike","Flame Barrier+1","Inflame","Entrench+1","Master of Strategy+1","Fire Breathing","Armaments+1"],"campfire_rested":3,"item_purchase_floors":[2,2,14,14,22,22,22,39,39,48],"current_hp_per_floor":[78,78,80,74,74,53,59,21,21,14,14,19,23,23,45,42,79,76,76,79,63,63,63,69,69,69,69,79,79,79,89,89,95,99,103,106,106,102,102,102,103,103,103,103,106,13,44,44,75,85],"gold":8,"neow_bonus":"HUNDRED_GOLD","is_prod":false,"is_daily":false,"chose_seed":false,"campfire_upgraded":4,"win_rate":0,"timestamp":1546648336,"path_taken":["M","$","M","?","?","E","?","E","T","?","?","M","M","?","R","BOSS","M","?","M","?","$","R","E","?","T","E","M","R","$","M","R","BOSS","M","?","?","?","$","R","M","R","T","?","M","E","R","$","R","BOSS"],"build_version":"2019-01-03v4","purchased_purges":1,"victory":true,"max_hp_per_floor":[80,80,80,74,74,74,74,74,74,74,74,74,74,74,74,74,79,79,79,83,83,83,83,87,87,87,91,95,95,95,99,99,99,99,103,107,107,102,102,102,106,106,106,106,106,106,106,106,106,110],"card_choices":[{"not_picked":["Thunderclap","Searing Blow"],"picked":"Iron Wave","floor":1},{"not_picked":["Warcry","Entrench"],"picked":"Reckless Charge","floor":3},{"not_picked":["Infernal Blade","Warcry"],"picked":"Evolve","floor":6},{"not_picked":["Rage","Heavy Blade"],"picked":"Disarm","floor":7},{"not_picked":["Reckless Charge","Sever Soul"],"picked":"Bludgeon","floor":8},{"not_picked":["Heavy Blade","Cleave"],"picked":"Shockwave+1","floor":12},{"not_picked":["Clothesline","Flex+1"],"picked":"Shrug It Off+1","floor":13},{"not_picked":["Demon Form","Bludgeon"],"picked":"Feed","floor":16},{"not_picked":["Iron Wave","Battle Trance+1"],"picked":"Shrug It Off+1","floor":17},{"not_picked":["Clothesline","Cleave+1"],"picked":"Armaments+1","floor":18},{"not_picked":["Carnage","Rampage","Evolve"],"picked":"SKIP","floor":20},{"not_picked":["Heavy Blade+1","Brutality"],"picked":"Body Slam","floor":24},{"not_picked":["Thunderclap","Flex+1","Wild Strike"],"picked":"SKIP","floor":27},{"not_picked":["Clothesline","Clash+1"],"picked":"Armaments+1","floor":28},{"not_picked":["Anger","Cleave"],"picked":"Warcry+1","floor":28},{"not_picked":["Dual Wield+1","Clash"],"picked":"Havoc+1","floor":31},{"not_picked":["Heavy Blade+1","Clash+1"],"picked":"Shockwave+1","floor":31},{"not_picked":["Exhume+1","Feed"],"picked":"Juggernaut","floor":33},{"not_picked":["Hemokinesis+1","Clothesline+1"],"picked":"Shrug It Off+1","floor":35},{"not_picked":["Spot Weakness+1","Rupture","Shockwave+1"],"picked":"SKIP","floor":35},{"not_picked":["Inflame","Cleave+1"],"picked":"Ghostly Armor+1","floor":36},{"not_picked":["Panacea+1","Madness+1"],"picked":"Dark Shackles+1","floor":37},{"not_picked":["Clash","Havoc+1"],"picked":"True Grit+1","floor":41},{"not_picked":["Wild Strike+1","Headbutt","Disarm+1"],"picked":"SKIP","floor":41},{"not_picked":["Body Slam","Searing Blow+1"],"picked":"True Grit+1","floor":45},{"not_picked":["Dropkick+1","Armaments+1"],"picked":"Dual Wield+1","floor":45},{"not_picked":["Clothesline+1","Dual Wield+1"],"picked":"Limit Break+1","floor":46}],"player_experience":1158600,"relics_obtained":[{"floor":6,"key":"Whetstone"},{"floor":8,"key":"Torii"},{"floor":9,"key":"Ornamental Fan"},{"floor":11,"key":"Toxic Egg 2"},{"floor":21,"key":"Enchiridion"},{"floor":24,"key":"Kunai"},{"floor":26,"key":"Prayer Wheel"},{"floor":27,"key":"Red Skull"},{"floor":36,"key":"Ginger"},{"floor":46,"key":"Gremlin Horn"}],"event_choices":[{"damage_healed":0,"gold_gain":0,"player_choice":"Lose Max HP","damage_taken":0,"relics_obtained":["Golden Idol"],"max_hp_gain":0,"max_hp_loss":6,"event_name":"Golden Idol","floor":4,"gold_loss":0},{"damage_healed":0,"gold_gain":0,"player_choice":"2 cards matched","damage_taken":0,"max_hp_gain":0,"max_hp_loss":0,"event_name":"Match and Keep!","floor":5,"gold_loss":0,"cards_obtained":["Doubt","Battle Trance"]},{"damage_healed":0,"gold_gain":0,"player_choice":"Success","damage_taken":7,"relics_obtained":["Juzu Bracelet"],"max_hp_gain":0,"max_hp_loss":0,"event_name":"Scrap Ooze","floor":10,"gold_loss":0},{"damage_healed":0,"gold_gain":0,"player_choice":"Read","damage_taken":0,"max_hp_gain":0,"max_hp_loss":0,"event_name":"The Library","floor":19,"gold_loss":0,"cards_obtained":["Spot Weakness"]},{"damage_healed":0,"gold_gain":0,"player_choice":"Obtained Book","damage_taken":16,"max_hp_gain":0,"max_hp_loss":0,"event_name":"Cursed Tome","floor":21,"gold_loss":0},{"damage_healed":0,"gold_gain":0,"player_choice":"Obtained Relic","damage_taken":0,"relics_obtained":["Anchor"],"max_hp_gain":0,"max_hp_loss":0,"event_name":"Addict","floor":25,"gold_loss":85},{"damage_healed":0,"gold_gain":0,"player_choice":"Fight","damage_taken":0,"max_hp_gain":0,"max_hp_loss":0,"event_name":"MindBloom","floor":36,"gold_loss":0},{"damage_healed":0,"gold_gain":0,"player_choice":"Memory 1","damage_taken":0,"max_hp_gain":0,"max_hp_loss":0,"event_name":"SensoryStone","floor":37,"gold_loss":0},{"damage_healed":0,"gold_gain":0,"player_choice":"Max HP","damage_taken":0,"max_hp_gain":0,"max_hp_loss":5,"event_name":"Winding Halls","floor":38,"gold_loss":0},{"damage_healed":0,"gold_gain":0,"player_choice":"Paid","damage_taken":0,"relics_obtained":["Red Mask"],"max_hp_gain":0,"max_hp_loss":0,"event_name":"Tomb of Lord Red Mask","floor":44,"gold_loss":99}],"is_beta":true,"boss_relics":[{"not_picked":["Coffee Dripper","Orrery"],"picked":"Tiny House"},{"not_picked":["Astrolabe","Pandora\u0027s Box"],"picked":"Philosopher\u0027s Stone"}],"items_purged_floors":[39],"is_endless":false,"potions_floor_spawned":[6,13,18,24,28,33,36,41,45],"ascension_level":1}