{"path_per_floor":["M","M","M","M","M","E","R","M","T","$","M","M","?","?","R","B",null,"M","$","?","M","?","M","E","$","T","?","M","R","?","M","R"],"character_chosen":"THE_SILENT","items_purchased":["Outmaneuver","Happy Flower","Bane","Poisoned Stab","Well Laid Plans","Catalyst","Backflip"],"gold_per_floor":[109,127,145,165,177,210,210,229,252,4,14,31,102,102,102,203,203,221,54,54,73,73,92,124,24,24,24,39,39,39,53,53],"floor_reached":33,"campfire_rested":3,"playtime":3270,"current_hp_per_floor":[70,70,70,70,63,54,54,54,54,54,54,49,49,37,58,49,70,49,49,49,43,66,55,22,22,22,22,6,27,27,16,37],"items_purged":["Defend_G"],"gold":53,"score":296,"play_id":"cf21ee23-afbd-47d8-b16c-213c2941665f","is_prod":false,"is_daily":false,"is_ascension_mode":false,"campfire_upgraded":1,"path_taken":["M","M","M","M","M","E","R","M","T","?","M","M","?","?","R","BOSS","M","$","?","M","?","M","E","$","T","?","M","R","?","M","R","BOSS"],"build_version":"2018-02-15-PROD1","purchased_purges":1,"victory":false,"master_deck":["Defend_G+1","Defend_G","Defend_G","Defend_G","Strike_G+1","Strike_G","Strike_G","Strike_G","Strike_G+1","Survivor+1","Neutralize","Dash+1","Footwork","Crippling Poison","Bane","Blur","A Thousand Cuts","Outmaneuver","Bane","Sucker Punch","Dash","Die Die Die","Deflect+1","Poisoned Stab","Well Laid Plans","Bandage Up","Neutralize","Deadly Poison+1","Prepared","Unload","Catalyst","Backflip","Deflect","Caltrops+1","Writhe","Bane+1","PiercingWail+1"],"max_hp_per_floor":[70,70,70,70,70,70,70,70,70,70,70,70,70,70,70,70,70,70,70,70,70,70,70,70,70,70,70,70,70,70,70,70],"relics":["Ring of the Snake","War Paint","Whetstone","Dream Catcher","Happy Flower","Matryoshka","Question Card","Bottled Tornado","Vajra","Unceasing Top","Paper Crane"],"card_choices":[{"not_picked":["Cloak And Dagger","Bane"],"picked":"Dash"},{"not_picked":["Dodge and Roll","Calculated Gamble"],"picked":"Footwork"},{"not_picked":["Footwork","Bane"],"picked":"Crippling Poison"},{"not_picked":["Predator","Choke"],"picked":"Bane"},{"not_picked":["Blade Dance","Heel Hook"],"picked":"Blur"},{"not_picked":["PiercingWail","Cloak And Dagger"],"picked":"A Thousand Cuts"},{"not_picked":["Dagger Spray","Cloak And Dagger"],"picked":"Dodge and Roll"},{"not_picked":["Underhanded Strike","Prepared"],"picked":"Sucker Punch"},{"not_picked":["Outmaneuver","Venomology"],"picked":"Dash"},{"not_picked":["Venomology","Night Terror"],"picked":"Die Die Die"},{"not_picked":["Dodge and Roll","Footwork","Underhanded Strike"],"picked":"Deflect"},{"not_picked":["Endless Agony","Cloak And Dagger","Noxious Fumes"],"picked":"Deadly Poison"},{"not_picked":["Footwork","Dagger Throw","Dagger Spray"],"picked":"Prepared"},{"not_picked":["Expertise","Prepared","Deflect"],"picked":"Unload"},{"not_picked":["Finisher","Prepared","Quick Slash"],"picked":"Deflect"},{"not_picked":["Dagger Throw","Dagger Spray","Deadly Poison"],"picked":"Caltrops"},{"not_picked":["Accuracy","Backstab","Flying Knee"],"picked":"Bane"},{"not_picked":["Tools of the Trade","All Out Attack","Cloak And Dagger"],"picked":"PiercingWail"}],"player_experience":112736,"potions_floor_usage":[6,16,16,16,18,24,24,31],"damage_taken":[{"damage":0,"enemies":"Cultist","floor":1,"turns":5},{"damage":0,"enemies":"Jaw Worm","floor":2,"turns":6},{"damage":0,"enemies":"Small Slimes","floor":3,"turns":5},{"damage":0,"enemies":"3 Louse","floor":4,"turns":5},{"damage":7,"enemies":"Exordium Thugs","floor":5,"turns":6},{"damage":9,"enemies":"3 Sentries","floor":6,"turns":14},{"damage":0,"enemies":"Looter","floor":8,"turns":3},{"damage":0,"enemies":"3 Louse","floor":11,"turns":6},{"damage":5,"enemies":"Lots of Slimes","floor":12,"turns":5},{"damage":9,"enemies":"Slime Boss","floor":16,"turns":13},{"damage":21,"enemies":"Chosen","floor":18,"turns":8},{"damage":10,"enemies":"Shell Parasite","floor":21,"turns":8},{"damage":11,"enemies":"Snecko","floor":23,"turns":6},{"damage":37,"enemies":"Slavers","floor":24,"turns":7},{"damage":20,"enemies":"Snake Plant","floor":28,"turns":5},{"damage":15,"enemies":"Sentry and Sphere","floor":31,"turns":5},{"damage":74,"enemies":"Automaton","floor":33,"turns":6}],"event_choices":[{"event_name":"Golden Wing","player_choice":"Gained Gold","floor":13,"damage_taken":0},{"event_name":"Scrap Ooze","player_choice":"success","floor":14,"damage_taken":12},{"event_name":"Match and Keep!","player_choice":"2 cards matched","floor":20,"damage_taken":0},{"event_name":"The Library","player_choice":"Heal","floor":22,"damage_taken":0},{"event_name":"Back to Basics","player_choice":"Elegance","floor":27,"damage_taken":0},{"event_name":"The Mausoleum","player_choice":"Yes","floor":30,"damage_taken":0}],"boss_relics":[{"not_picked":["Ectoplasm","Runic Dome"],"picked":"Question Card"}],"potions_floor_spawned":[1,5,11,12,16,18,21,28],"seed_played":"725774538835621633","killed_by":"Automaton","ascension_level":0,"is_trial":false}