{"path_per_floor":["M","?","$","M","M","R","E","M","T","M","R","M","?","M","R","B",null,"M","M","?","$","M","R","E","M","T","?","M","M","R","M","R"],"character_chosen":"THE_SILENT","items_purchased":["Whetstone","Acrobatics"],"gold_per_floor":[117,117,42,58,71,71,98,109,156,168,168,185,185,204,204,303,303,317,327,327,26,39,39,64,74,74,74,88,100,100,116,116],"floor_reached":33,"campfire_rested":5,"playtime":3199,"current_hp_per_floor":[66,71,71,70,70,70,54,54,54,43,65,64,64,53,75,28,75,66,66,59,59,43,64,23,22,22,22,15,7,28,22,43],"items_purged":["Strike_G","Parasite"],"gold":116,"score":299,"play_id":"c7f47d20-33f9-48cc-bf94-1bdf6ab63487","is_prod":false,"is_daily":false,"is_ascension_mode":false,"campfire_upgraded":1,"path_taken":["M","?","$","M","M","R","E","M","T","M","R","M","?","M","R","BOSS","M","M","?","$","M","R","E","M","T","?","M","M","R","M","R","BOSS"],"build_version":"2018-02-22-PROD2","purchased_purges":2,"victory":false,"master_deck":["Defend_G","Defend_G","Defend_G","Defend_G","Strike_G+1","Strike_G+1","Strike_G","Strike_G","Survivor+1","Neutralize+1","Sucker Punch","Quick Slash","Cloak And Dagger","Escape Plan","Acrobatics+1","Terror","Cloak And Dagger","Cloak And Dagger","Quick Slash","Burst","Cloak And Dagger+1","Slice","Acrobatics","Dagger Throw","Backflip","Dagger Spray","Backflip","Flying Knee"],"max_hp_per_floor":[70,75,75,75,75,75,75,75,75,75,75,75,75,75,75,75,75,75,75,75,72,72,72,72,72,72,72,72,72,72,72,72],"relics":["Ring of the Snake","Gremlin Horn","Omamori","Calling Bell","Orichalcum","Shuriken","War Paint","Whetstone","Frozen Eye","Smiling Mask"],"card_choices":[{"not_picked":["Underhanded Strike","Reflex"],"picked":"Sucker Punch"},{"not_picked":["Acrobatics","Bane"],"picked":"Quick Slash"},{"not_picked":["Calculated Gamble","Bane"],"picked":"Cloak And Dagger"},{"not_picked":["Deflect","Poisoned Stab"],"picked":"Escape Plan"},{"not_picked":["Slice","Deflect"],"picked":"Acrobatics"},{"not_picked":["Caltrops","Underhanded Strike"],"picked":"Terror"},{"not_picked":["Choke","Deadly Poison"],"picked":"Cloak And Dagger"},{"not_picked":["Bane","Blade Dance"],"picked":"Quick Slash"},{"not_picked":["Wraith Form","Bullet Time"],"picked":"Burst"},{"not_picked":["Footwork","Infinite Blades"],"picked":"Cloak And Dagger"},{"not_picked":["Deadly Poison","Outmaneuver"],"picked":"Slice"},{"not_picked":["Poisoned Stab","Caltrops"],"picked":"Dagger Throw"},{"not_picked":["Dodge and Roll","Acrobatics"],"picked":"Backflip"},{"not_picked":["PiercingWail","Poisoned Stab"],"picked":"Dagger Spray"},{"not_picked":["Accuracy","Flying Knee"],"picked":"Backflip"},{"not_picked":["Dodge and Roll","Corpse Explosion"],"picked":"Flying Knee"}],"player_experience":226355,"potions_floor_usage":[16,18,22,25,25,28,31],"damage_taken":[{"damage":4,"enemies":"Cultist","floor":1,"turns":4},{"damage":1,"enemies":"2 Louse","floor":4,"turns":3},{"damage":0,"enemies":"Jaw Worm","floor":5,"turns":3},{"damage":16,"enemies":"3 Sentries","floor":7,"turns":11},{"damage":0,"enemies":"Blue Slaver","floor":8,"turns":3},{"damage":11,"enemies":"Lots of Slimes","floor":10,"turns":3},{"damage":1,"enemies":"Looter","floor":12,"turns":3},{"damage":11,"enemies":"Exordium Thugs","floor":14,"turns":6},{"damage":47,"enemies":"The Guardian","floor":16,"turns":16},{"damage":9,"enemies":"2 Thieves","floor":18,"turns":4},{"damage":0,"enemies":"3 Byrds","floor":19,"turns":7},{"damage":16,"enemies":"Snecko","floor":22,"turns":5},{"damage":41,"enemies":"Book of Stabbing","floor":24,"turns":8},{"damage":16,"enemies":"Centurion and Healer","floor":25,"turns":7},{"damage":7,"enemies":"Snake Plant","floor":28,"turns":5},{"damage":8,"enemies":"3 Cultists","floor":29,"turns":4},{"damage":21,"enemies":"Chosen and Byrds","floor":31,"turns":6},{"damage":55,"enemies":"Champ","floor":33,"turns":10}],"event_choices":[{"event_name":"Big Fish","player_choice":"Donut","floor":2,"damage_taken":0},{"event_name":"Transmorgrifier","player_choice":"Transform","floor":13,"damage_taken":0},{"event_name":"Wheel of Change","player_choice":"Damage","floor":20,"damage_taken":0},{"event_name":"Vampires","player_choice":"Ignored","floor":27,"damage_taken":0}],"boss_relics":[{"not_picked":["Astrolabe","Orrery"],"picked":"Calling Bell"}],"potions_floor_spawned":[4,8,10,16,18,24,29],"seed_played":"-7887250452979015328","killed_by":"Champ","ascension_level":0,"is_trial":false}