{"path_per_floor":["M","M","M","?","?","E","R","?","T","M","$","M","R","M","R","B",null,"M","?","M","M","M","R","?","$","T","E","M","R"],"character_chosen":"IRONCLAD","items_purchased":[],"gold_per_floor":[13,25,43,43,43,77,77,77,107,117,42,60,60,73,73,177,177,196,196,214,233,248,248,248,148,148,182,202,202],"floor_reached":30,"campfire_rested":0,"playtime":1561,"current_hp_per_floor":[80,80,76,76,76,57,57,54,54,52,52,60,60,63,63,53,80,80,80,80,57,63,63,63,63,63,30,38,38],"items_purged":["Defend_R","Writhe"],"gold":202,"score":252,"play_id":"39390746-c715-4d80-b7aa-e6213891646d","local_time":"20180319220436","is_prod":false,"is_daily":false,"is_ascension_mode":false,"campfire_upgraded":5,"timestamp":1521511476,"path_taken":["M","M","M","?","?","E","R","?","T","M","$","M","R","?","R","BOSS","M","?","M","?","M","R","?","?","T","E","M","R","?"],"build_version":"2018-03-15v3","purchased_purges":2,"victory":false,"master_deck":["Defend_R","Defend_R","Bash+1","Rage+1","Flex","Anger+1","Inflame+1","Anger+1","Double Tap+1","Dual Wield+1","Dropkick+1","Burning Pact+1","Headbutt","Double Tap+1","Rage"],"max_hp_per_floor":[80,80,80,80,80,80,80,80,80,80,80,80,80,80,80,80,80,80,80,80,80,80,80,80,80,80,80,80,80],"relics":["Burning Blood","Blood Vial","Lantern","Tiny Chest","Astrolabe","Unceasing Top","Vajra","Omamori"],"card_choices":[{"not_picked":["Anger","Clash"],"picked":"Rage"},{"not_picked":["Warcry","Burning Pact"],"picked":"Flex"},{"not_picked":["Warcry","Ghostly Armor"],"picked":"Anger"},{"not_picked":["Feel No Pain","Ghostly Armor"],"picked":"Inflame"},{"not_picked":["Heavy Blade","Warcry"],"picked":"Anger"},{"not_picked":["Reaper","Bludgeon"],"picked":"Double Tap"},{"not_picked":["Second Wind","Reckless Charge"],"picked":"Headbutt"},{"not_picked":["Blood for Blood","Wild Strike"],"picked":"Double Tap"},{"not_picked":["Clash","Wild Strike"],"picked":"Rage"}],"player_experience":612457,"potions_floor_usage":[10,10,28,28,30],"damage_taken":[{"damage":4,"enemies":"Jaw Worm","floor":1,"turns":5},{"damage":1,"enemies":"Cultist","floor":2,"turns":4},{"damage":10,"enemies":"Small Slimes","floor":3,"turns":3},{"damage":25,"enemies":"Gremlin Nob","floor":6,"turns":4},{"damage":19,"enemies":"Gremlin Gang","floor":10,"turns":4},{"damage":0,"enemies":"Large Slime","floor":12,"turns":3},{"damage":5,"enemies":"3 Louse","floor":14,"turns":3},{"damage":18,"enemies":"The Guardian","floor":16,"turns":7},{"damage":0,"enemies":"Chosen","floor":18,"turns":3},{"damage":0,"enemies":"Shell Parasite","floor":20,"turns":2},{"damage":29,"enemies":"Cultist and Chosen","floor":21,"turns":6},{"damage":2,"enemies":"3 Cultists","floor":22,"turns":5},{"damage":41,"enemies":"Book of Stabbing","floor":27,"turns":4},{"damage":0,"enemies":"Chosen and Byrds","floor":28,"turns":4},{"damage":43,"enemies":"Cultist and Chosen","floor":30,"turns":4}],"event_choices":[{"event_name":"Upgrade Shrine","player_choice":"Upgraded","floor":4,"damage_taken":0},{"event_name":"Accursed Blacksmith","player_choice":"Forge","floor":5,"damage_taken":0},{"event_name":"Scrap Ooze","player_choice":"success","floor":8,"damage_taken":3},{"event_name":"Back to Basics","player_choice":"Elegance","floor":19,"damage_taken":0},{"event_name":"The Mausoleum","player_choice":"Yes","floor":24,"damage_taken":0}],"boss_relics":[{"not_picked":["Calling Bell","Question Card"],"picked":"Astrolabe"}],"potions_floor_spawned":[1,6,10,20,27],"seed_played":"9127329904776777756","killed_by":"Cultist and Chosen","ascension_level":0,"is_trial":false}