{"path_per_floor":["M","M","M","M","M","R","M","R","T","R","?","M","M","T","R","B",null,"M","?"],"character_chosen":"IRONCLAD","items_purchased":[],"gold_per_floor":[117,129,147,160,176,176,187,187,187,187,187,205,215,215,215,310,310,323,353,278],"floor_reached":20,"campfire_rested":3,"playtime":587,"current_hp_per_floor":[74,69,62,43,34,58,36,60,60,80,80,80,80,80,80,33,68,41,41,0],"items_purged":[],"gold":278,"score":235,"play_id":"d63d14b4-d27c-41d3-88ce-cb7498fc1cbf","local_time":"20180421145014","is_prod":false,"is_daily":false,"chose_seed":false,"is_ascension_mode":true,"campfire_upgraded":0,"timestamp":1524336614,"path_taken":["M","M","M","M","M","R","M","R","T","R","?","?","M","?","R","BOSS","M","?","?"],"build_version":"2018-04-19","seed_source_timestamp":799926264527867,"purchased_purges":0,"victory":false,"master_deck":["Strike_R","Strike_R","Strike_R","Strike_R","Defend_R","Defend_R","Defend_R","Defend_R","Bash","Whirlwind","Rage","Disarm","Spot Weakness","Spot Weakness","Feel No Pain","Inflame","Offering","Seeing Red","Writhe"],"max_hp_per_floor":[80,80,80,80,80,80,80,80,80,80,80,80,80,80,80,80,80,80,80,80],"relics":["Burning Blood","Peace Pipe","Dodecahedron","Mummified Hand","Runic Pyramid","Tiny Chest"],"card_choices":[{"not_picked":["True Grit","Iron Wave"],"picked":"Whirlwind","floor":1},{"not_picked":["Twin Strike","True Grit"],"picked":"Rage","floor":2},{"not_picked":["Cleave","Armaments"],"picked":"Disarm","floor":3},{"not_picked":["Anger","Wild Strike"],"picked":"Spot Weakness","floor":4},{"not_picked":["Havoc","Disarm"],"picked":"Spot Weakness","floor":5},{"not_picked":["Spot Weakness","Shrug It Off"],"picked":"Feel No Pain","floor":7},{"not_picked":["Rampage","Clash"],"picked":"Inflame","floor":12},{"not_picked":["Feed","Limit Break"],"picked":"Offering","floor":16},{"not_picked":["Cleave","Hemokinesis"],"picked":"Seeing Red","floor":18}],"player_experience":269562,"potions_floor_usage":[16],"damage_taken":[{"damage":4,"enemies":"Small Slimes","floor":1,"turns":4},{"damage":11,"enemies":"Cultist","floor":2,"turns":4},{"damage":13,"enemies":"Jaw Worm","floor":3,"turns":5},{"damage":25,"enemies":"Lots of Slimes","floor":4,"turns":4},{"damage":15,"enemies":"Exordium Thugs","floor":5,"turns":4},{"damage":28,"enemies":"2 Fungi Beasts","floor":7,"turns":5},{"damage":0,"enemies":"3 Louse","floor":12,"turns":1},{"damage":6,"enemies":"Exordium Wildlife","floor":13,"turns":2},{"damage":53,"enemies":"The Guardian","floor":16,"turns":13},{"damage":33,"enemies":"3 Byrds","floor":18,"turns":4},{"damage":48,"enemies":"2 Thieves","floor":20,"turns":3}],"event_choices":[{"event_name":"Fountain of Cleansing","player_choice":"Removed Curse","floor":11,"damage_taken":0},{"event_name":"The Mausoleum","player_choice":"Yes","floor":19,"damage_taken":0}],"boss_relics":[{"not_picked":["Calling Bell","Runic Cube"],"picked":"Runic Pyramid"}],"potions_floor_spawned":[1,5,12,16],"seed_played":"-7115232180518747692","killed_by":"2 Thieves","ascension_level":8,"is_trial":false}