{"path_per_floor":["M","?","?","M","M","R","M","R","T","R","M","M","?","$","R","B",null,"M","M","?","?","M","R","?","R","T","$","$","?","M","M","R"],"character_chosen":"IRONCLAD","items_purchased":["Lantern","Whetstone"],"gold_per_floor":[109,109,109,127,141,141,156,156,156,156,171,190,190,43,43,144,144,164,104,104,104,114,114,114,114,166,19,19,19,35,48,48],"floor_reached":33,"campfire_rested":2,"playtime":1880,"current_hp_per_floor":[80,72,72,78,80,80,66,66,66,66,66,44,44,44,68,35,80,54,46,46,46,34,50,50,50,50,50,50,50,31,46,46],"items_purged":[],"gold":48,"score":261,"play_id":"7d393f44-75ae-4d56-8b8f-83cf98c1eaff","local_time":"20180302142835","is_prod":false,"is_daily":false,"is_ascension_mode":false,"campfire_upgraded":5,"timestamp":1520018915,"path_taken":["M","?","?","M","M","R","M","R","T","R","M","?","?","$","R","BOSS","M","?","?","?","M","R","?","R","T","?","$","?","?","M","R","BOSS"],"build_version":"2018-03-01-PROD1","purchased_purges":0,"victory":false,"master_deck":["Defend_R","Defend_R","Bash","Demon Form","Shrug It Off+1","Flame Barrier+1","Dark Embrace+1","True Grit+1","Second Wind","Headbutt","Havoc","Burning Pact","Seeing Red","Impervious","Body Slam+1","Warcry+1","Bite","Bite+1","Bite","Bite","Bite+1","Sentinel","Armaments","Feel No Pain+1","Fiend Fire","Thunderclap+1"],"max_hp_per_floor":[80,80,80,80,80,80,80,80,80,80,80,80,80,80,80,80,80,80,80,56,56,56,56,56,56,56,56,56,56,56,56,56],"relics":["Burning Blood","Ice Cream","Lantern","Lizard Tail","Oddly Smooth Stone","Whetstone"],"card_choices":[{"not_picked":["Clothesline","Twin Strike"],"picked":"Shrug It Off"},{"not_picked":["Intimidate","Reckless Charge"],"picked":"True Grit"},{"not_picked":["Shockwave","Rampage"],"picked":"Second Wind"},{"not_picked":["Intimidate","Shrug It Off"],"picked":"Headbutt"},{"not_picked":["Searing Blow","Dual Wield"],"picked":"Havoc"},{"not_picked":["Seeing Red","Sword Boomerang"],"picked":"Burning Pact"},{"not_picked":["Dark Embrace","Juggernaut"],"picked":"Impervious"},{"not_picked":["Shrug It Off","Clothesline"],"picked":"Body Slam"},{"not_picked":["Combust","Disarm"],"picked":"Warcry"},{"not_picked":["Clothesline","Shrug It Off"],"picked":"Armaments"},{"not_picked":["Sentinel","Rampage"],"picked":"Fiend Fire"},{"not_picked":["Evolve","Sever Soul"],"picked":"Thunderclap"}],"player_experience":323815,"potions_floor_usage":[16,16,18,22,30,33],"damage_taken":[{"damage":2,"enemies":"2 Louse","floor":1,"turns":3},{"damage":0,"enemies":"Cultist","floor":4,"turns":4},{"damage":4,"enemies":"Jaw Worm","floor":5,"turns":7},{"damage":20,"enemies":"Lots of Slimes","floor":7,"turns":5},{"damage":6,"enemies":"Exordium Wildlife","floor":11,"turns":6},{"damage":28,"enemies":"Exordium Thugs","floor":12,"turns":8},{"damage":39,"enemies":"Slime Boss","floor":16,"turns":9},{"damage":32,"enemies":"Spheric Guardian","floor":18,"turns":8},{"damage":14,"enemies":"2 Thieves","floor":19,"turns":4},{"damage":69,"enemies":"Cultist and Chosen","floor":22,"turns":9},{"damage":46,"enemies":"Centurion and Healer","floor":30,"turns":11},{"damage":2,"enemies":"Snecko","floor":31,"turns":8},{"damage":96,"enemies":"Automaton","floor":33,"turns":12}],"event_choices":[{"event_name":"Wheel of Change","player_choice":"Damage","floor":2,"damage_taken":0},{"event_name":"Match and Keep!","player_choice":"2 cards matched","floor":3,"damage_taken":0},{"event_name":"Transmorgrifier","player_choice":"Transform","floor":13,"damage_taken":0},{"event_name":"Vampires","player_choice":"Became a vampire","floor":20,"damage_taken":0},{"event_name":"The Library","player_choice":"Read","floor":21,"damage_taken":0},{"event_name":"Transmorgrifier","player_choice":"Transform","floor":24,"damage_taken":0},{"event_name":"Beggar","player_choice":"Ignored","floor":29,"damage_taken":0}],"boss_relics":[{"not_picked":["Black Blood","Ectoplasm"],"picked":"Lizard Tail"}],"potions_floor_spawned":[7,12,16,18,22,31],"seed_played":"6714416979891576249","killed_by":"Automaton","ascension_level":0,"is_trial":false}