{"gold_per_floor":[117,117,10,10,23,23,67,67,92,92,123,138,174,207,207,306,306,327,347,188,188,188,188,224,224,224,224,244,244,269,330,330,429,429,443,443,443,459,475,475,518,530,569,625,307,307,9,49,49,49,49,49,49,49,82,82],"floor_reached":56,"playtime":3730,"items_purged":["Strike_R","Strike_R"],"score":1995,"play_id":"179d794b-e4f8-40f4-a071-4c4acaea2c1a","local_time":"20190121162549","is_ascension_mode":true,"campfire_choices":[{"data":"Bash","floor":6.0,"key":"SMITH"},{"data":"Carnage","floor":8.0,"key":"SMITH"},{"floor":10.0,"key":"REST"},{"data":"True Grit","floor":15.0,"key":"SMITH"},{"data":"Whirlwind","floor":23.0,"key":"SMITH"},{"data":"Demon Form","floor":25.0,"key":"SMITH"},{"floor":27.0,"key":"REST"},{"floor":29.0,"key":"REST"},{"data":"Heavy Blade","floor":32.0,"key":"SMITH"},{"data":"Shrug It Off","floor":40.0,"key":"SMITH"},{"floor":42.0,"key":"RECALL"},{"data":"Clothesline","floor":46.0,"key":"SMITH"},{"data":"Evolve","floor":49.0,"key":"SMITH"},{"floor":53.0,"key":"REST"}],"neow_cost":"PERCENT_DAMAGE","seed_source_timestamp":410915909750278,"circlet_count":0,"master_deck":["AscendersBane","Strike_R","Strike_R","Strike_R","Defend_R","Defend_R","Defend_R","Defend_R","Bash+1","Carnage+1","Body Slam","True Grit+1","Whirlwind+1","Demon Form+1","Shrug It Off","Havoc","Reaper","Corruption","Clothesline+1","Necronomicurse","Heavy Blade+1","Shrug It Off+1","Shrug It Off","Shrug It Off+1","Demon Form","Sentinel","Battle Trance","Entrench","Evolve+1","Uppercut"],"special_seed":0,"relics":["Burning Blood","Golden Idol","Bottled Flame","Bag of Marbles","Happy Flower","Art of War","Odd Mushroom","Snecko Eye","Necronomicon","Mercury Hourglass","Girya","Tiny Chest","Runic Dome","MawBank","Potion Belt","Pocketwatch","Gremlin Horn","Unceasing Top"],"potions_floor_usage":[56,56,56,56],"damage_taken":[{"damage":4.0,"enemies":"Jaw Worm","floor":1.0,"turns":5.0},{"damage":0.0,"enemies":"Small Slimes","floor":5.0,"turns":3.0},{"damage":40.0,"enemies":"3 Sentries","floor":7.0,"turns":11.0},{"damage":18.0,"enemies":"Lagavulin","floor":11.0,"turns":5.0},{"damage":0.0,"enemies":"2 Louse","floor":12.0,"turns":2.0},{"damage":13.0,"enemies":"3 Sentries","floor":13.0,"turns":6.0},{"damage":3.0,"enemies":"The Mushroom Lair","floor":14.0,"turns":4.0},{"damage":30.0,"enemies":"Hexaghost","floor":16.0,"turns":9.0},{"damage":3.0,"enemies":"3 Byrds","floor":18.0,"turns":5.0},{"damage":11.0,"enemies":"Shell Parasite","floor":19.0,"turns":2.0},{"damage":33.0,"enemies":"Book of Stabbing","floor":24.0,"turns":4.0},{"damage":10.0,"enemies":"Centurion and Healer","floor":28.0,"turns":2.0},{"damage":0.0,"enemies":"Snake Plant","floor":30.0,"turns":2.0},{"damage":34.0,"enemies":"Slavers","floor":31.0,"turns":6.0},{"damage":29.0,"enemies":"Collector","floor":33.0,"turns":4.0},{"damage":0.0,"enemies":"Orb Walker","floor":35.0,"turns":2.0},{"damage":0.0,"enemies":"3 Shapes","floor":38.0,"turns":4.0},{"damage":10.0,"enemies":"Maw","floor":39.0,"turns":5.0},{"damage":30.0,"enemies":"Reptomancer","floor":41.0,"turns":5.0},{"damage":26.0,"enemies":"Nemesis","floor":44.0,"turns":7.0},{"damage":24.0,"enemies":"Reptomancer","floor":48.0,"turns":5.0},{"damage":42.0,"enemies":"Awakened One","floor":50.0,"turns":6.0},{"damage":51.0,"enemies":"Donu and Deca","floor":51.0,"turns":5.0},{"damage":54.0,"enemies":"Shield and Spear","floor":55.0,"turns":3.0},{"damage":55,"enemies":"The Heart","floor":56,"turns":5}],"seed_played":"7046980501386762075","potions_obtained":[{"floor":5.0,"key":"EssenceOfSteel"},{"floor":7.0,"key":"FearPotion"},{"floor":12.0,"key":"Fire Potion"},{"floor":14.0,"key":"Swift Potion"},{"floor":24.0,"key":"FearPotion"},{"floor":33.0,"key":"Block Potion"},{"floor":55.0,"key":"Poison Potion"}],"is_trial":false,"path_per_floor":["?","?","?","?","?","?","?"],"character_chosen":"IRONCLAD","items_purchased":["Fire Potion","Block Potion","LiquidBronze","Pocketwatch","Evolve","Energy Potion","Swift Potion"],"campfire_rested":4,"item_purchase_floors":[3,3,20,45,47,47,47],"current_hp_per_floor":[66,66,66,66,72,72,38,38,38,62,50,56,49,52,52,28,68,74,69,69,69,48,48,27,27,27,51,47,71,80,65,65,58,75,81,81,81,81,81,81,81,81,81,80,80,80,80,69,69,63,30,68,81,81,53,0],"gold":82,"neow_bonus":"TWENTY_PERCENT_HP_BONUS","is_prod":false,"is_daily":false,"chose_seed":false,"campfire_upgraded":9,"win_rate":0,"timestamp":1548116749,"path_taken":["M","?","$","?","M","R","E","R","T","R","E","M","E","?","R","BOSS","M","M","$","?","?","R","E","R","T","R","M","R","M","E","R","BOSS","M","?","?","M","M","R","E","R","T","E","$","R","$","E","R","BOSS","BOSS","R","$","E","BOSS"],"build_version":"2019-01-20","purchased_purges":2,"victory":false,"max_hp_per_floor":[89,81,81,81,81,81,81,81,81,81,81,81,81,81,81,81,81,81,81,81,81,81,81,81,81,81,81,81,81,81,81,81,81,81,81,81,81,81,81,81,81,81,81,81,81,81,81,81,81,81,81,81,81,81,81,81],"card_choices":[{"not_picked":["Clash","Thunderclap"],"picked":"Carnage","floor":1.0},{"not_picked":["Headbutt","Havoc"],"picked":"Body Slam","floor":5.0},{"not_picked":["Body Slam","Second Wind"],"picked":"True Grit","floor":7.0},{"not_picked":["Perfected Strike","Flex"],"picked":"Whirlwind","floor":11.0},{"not_picked":["True Grit","Rampage"],"picked":"Demon Form","floor":12.0},{"not_picked":["Heavy Blade","Exhume"],"picked":"Shrug It Off","floor":13.0},{"not_picked":["Clash","Warcry"],"picked":"Havoc","floor":14.0},{"not_picked":["Feed","Brutality"],"picked":"Reaper","floor":16.0},{"not_picked":["Sentinel","Spot Weakness","Body Slam"],"picked":"SKIP","floor":18.0},{"not_picked":["Headbutt","Twin Strike"],"picked":"Corruption","floor":19.0},{"not_picked":["Armaments+1","Clash+1"],"picked":"Heavy Blade","floor":24.0},{"not_picked":["Ghostly Armor","Clash"],"picked":"Shrug It Off","floor":28.0},{"not_picked":["Perfected Strike+1","Thunderclap"],"picked":"Shrug It Off","floor":30.0},{"not_picked":["Dropkick","Offering"],"picked":"Shrug It Off+1","floor":31.0},{"not_picked":["Offering","Berserk"],"picked":"Demon Form","floor":33.0},{"not_picked":["Rampage","Carnage+1"],"picked":"Sentinel","floor":35.0},{"not_picked":["Wild Strike+1","Dropkick","Havoc"],"picked":"SKIP","floor":38.0},{"not_picked":["Cleave+1","Clothesline"],"picked":"Battle Trance","floor":39.0},{"not_picked":["Sword Boomerang","Headbutt","Flex"],"picked":"SKIP","floor":41.0},{"not_picked":["Headbutt","Anger"],"picked":"Entrench","floor":44.0},{"not_picked":["Rupture","Metallicize","Blood for Blood+1"],"picked":"SKIP","floor":48.0},{"not_picked":["Intimidate+1","Havoc"],"picked":"Uppercut","floor":55.0}],"player_experience":1269133,"relics_obtained":[{"floor":7.0,"key":"Bottled Flame"},{"floor":9.0,"key":"Bag of Marbles"},{"floor":11.0,"key":"Happy Flower"},{"floor":13.0,"key":"Art of War"},{"floor":14.0,"key":"Odd Mushroom"},{"floor":22.0,"key":"Necronomicon"},{"floor":24.0,"key":"Mercury Hourglass"},{"floor":26.0,"key":"Girya"},{"floor":31.0,"key":"Tiny Chest"},{"floor":41.0,"key":"MawBank"},{"floor":44.0,"key":"Potion Belt"},{"floor":48.0,"key":"Gremlin Horn"},{"floor":55.0,"key":"Unceasing Top"}],"event_choices":[{"damage_healed":0.0,"max_hp_gain":0.0,"max_hp_loss":8.0,"gold_gain":0.0,"event_name":"Golden Idol","player_choice":"Lose Max HP","floor":2.0,"gold_loss":0.0,"damage_taken":0.0,"relics_obtained":["Golden Idol"]},{"damage_healed":0.0,"max_hp_gain":0.0,"max_hp_loss":0.0,"gold_gain":0.0,"event_name":"The Cleric","player_choice":"Leave","floor":4.0,"gold_loss":0.0,"damage_taken":0.0},{"damage_healed":0.0,"max_hp_gain":0.0,"max_hp_loss":0.0,"gold_gain":0.0,"event_name":"Mushrooms","player_choice":"Fought Mushrooms","floor":14.0,"gold_loss":0.0,"damage_taken":0.0},{"damage_healed":0.0,"max_hp_gain":0.0,"max_hp_loss":0.0,"gold_gain":0.0,"event_name":"The Library","player_choice":"Read","floor":21.0,"gold_loss":0.0,"damage_taken":0.0,"cards_obtained":["Clothesline"]},{"damage_healed":0.0,"max_hp_gain":0.0,"max_hp_loss":0.0,"gold_gain":0.0,"event_name":"Cursed Tome","player_choice":"Obtained Book","floor":22.0,"gold_loss":0.0,"damage_taken":21.0},{"damage_healed":0.0,"max_hp_gain":0.0,"max_hp_loss":0.0,"gold_gain":0.0,"event_name":"Tomb of Lord Red Mask","player_choice":"Ignored","floor":36.0,"gold_loss":0.0,"damage_taken":0.0},{"damage_healed":0.0,"max_hp_gain":0.0,"max_hp_loss":0.0,"gold_gain":0.0,"event_name":"SensoryStone","player_choice":"Memory 1","floor":37.0,"gold_loss":0.0,"damage_taken":0.0}],"is_beta":true,"boss_relics":[{"not_picked":["Velvet Choker","White Beast Statue"],"picked":"Snecko Eye"},{"not_picked":["Runic Cube","Orrery"],"picked":"Runic Dome"}],"items_purged_floors":[20,47],"is_endless":false,"potions_floor_spawned":[5,7,12,14,24,33,55],"killed_by":"The Heart","ascension_level":20}