{"gold_per_floor":[110,185,204,214,45,104,129,129,205,240,256,290,316,316,316,390,390,401,27,40,40,40],"floor_reached":22,"playtime":1170,"items_purged":["Strike_B"],"score":429,"play_id":"23317bd3-a71b-4bb3-adb0-b5838fab8111","local_time":"20190123180905","is_ascension_mode":true,"campfire_choices":[{"floor":8.0,"key":"REST"},{"floor":15,"key":"REST"}],"neow_cost":"NONE","seed_source_timestamp":592967801982005,"circlet_count":0,"master_deck":["AscendersBane","Defend_B","Defend_B","Defend_B","Defend_B","Zap","Dualcast","Beam Cell","Ball Lightning","FTL","Conserve Battery","Steam","Steam","Double Energy","Seek","Darkness","Coolheaded","Skim+1","Bite","Bite","Bite","Bite","Bite"],"special_seed":0,"relics":["Cracked Core","DataDisk","Omamori","Tiny Chest","Mercury Hourglass","Matryoshka","Ice Cream","Ancient Tea Set","Smiling Mask","Inserter","Letter Opener"],"potions_floor_usage":[16],"damage_taken":[{"damage":10.0,"enemies":"Small Slimes","floor":1.0,"turns":3.0},{"damage":7.0,"enemies":"Jaw Worm","floor":3.0,"turns":3.0},{"damage":1.0,"enemies":"Cultist","floor":4.0,"turns":3.0},{"damage":8.0,"enemies":"Gremlin Nob","floor":6.0,"turns":3.0},{"damage":18.0,"enemies":"3 Sentries","floor":10.0,"turns":5.0},{"damage":0.0,"enemies":"Exordium Wildlife","floor":11.0,"turns":2.0},{"damage":15.0,"enemies":"Lagavulin","floor":12.0,"turns":5.0},{"damage":29,"enemies":"Hexaghost","floor":16,"turns":9},{"damage":19,"enemies":"Chosen","floor":18,"turns":5},{"damage":22,"enemies":"2 Thieves","floor":20,"turns":4},{"damage":20,"enemies":"Colosseum Slavers","floor":22,"turns":3}],"seed_played":"-8756093079409291319","potions_obtained":[{"floor":1.0,"key":"Strength Potion"},{"floor":3.0,"key":"FearPotion"},{"floor":10.0,"key":"Explosive Potion"},{"floor":20,"key":"GamblersBrew"}],"is_trial":false,"path_per_floor":["M","?","M","M","$","E","T","R","T","E","M","E","T","?","R","B",null,"M","$","M","?","?"],"character_chosen":"DEFECT","items_purchased":["Omamori","Coolheaded","Letter Opener"],"campfire_rested":2,"item_purchase_floors":[5,19,19],"current_hp_per_floor":[54,43,36,35,35,27,27,48,48,30,30,15,15,15,36,7,55,36,36,14,14,0],"gold":40,"neow_bonus":"RANDOM_COMMON_RELIC","is_prod":false,"is_daily":false,"chose_seed":false,"campfire_upgraded":0,"win_rate":0,"timestamp":1548295745,"path_taken":["M","?","M","M","$","E","?","R","T","E","?","E","?","?","R","BOSS","M","$","M","?","?"],"build_version":"2019-01-23","purchased_purges":1,"victory":false,"max_hp_per_floor":[71,71,71,71,71,71,71,71,71,71,71,71,71,71,71,71,71,71,71,71,49,49],"card_choices":[{"not_picked":["Aggregate","Hello World"],"picked":"Beam Cell","floor":1.0},{"not_picked":["Glacier","Chill"],"picked":"Ball Lightning","floor":3.0},{"not_picked":["Genetic Algorithm","Gash"],"picked":"FTL","floor":4.0},{"not_picked":["Scrape","Turbo"],"picked":"Conserve Battery","floor":6.0},{"not_picked":["Conserve Battery","Meteor Strike"],"picked":"Steam","floor":10.0},{"not_picked":["Stack","Redo"],"picked":"Steam","floor":11.0},{"not_picked":["Skim","Conserve Battery"],"picked":"Double Energy","floor":12.0},{"not_picked":["Meteor Strike","Buffer"],"picked":"Seek","floor":16},{"not_picked":["Go for the Eyes","Force Field+1"],"picked":"Darkness","floor":18},{"not_picked":["Scrape","Hologram"],"picked":"Skim+1","floor":20}],"player_experience":1291200,"relics_obtained":[{"floor":6.0,"key":"Tiny Chest"},{"floor":9.0,"key":"Mercury Hourglass"},{"floor":10.0,"key":"Matryoshka"},{"floor":12.0,"key":"Ice Cream"},{"floor":13.0,"key":"Ancient Tea Set"},{"floor":13.0,"key":"Smiling Mask"}],"event_choices":[{"damage_healed":0.0,"max_hp_gain":0.0,"max_hp_loss":0.0,"gold_gain":75.0,"event_name":"World of Goop","player_choice":"Gather Gold","floor":2.0,"gold_loss":0.0,"damage_taken":11.0},{"damage_healed":0,"gold_gain":0,"player_choice":"Fled","damage_taken":0,"max_hp_gain":0,"max_hp_loss":0,"event_name":"Scrap Ooze","floor":14,"gold_loss":0},{"damage_healed":0,"gold_gain":0,"player_choice":"Became a vampire","damage_taken":0,"max_hp_gain":0,"max_hp_loss":22,"event_name":"Vampires","floor":21,"gold_loss":0,"cards_obtained":["Bite","Bite","Bite","Bite","Bite"]},{"damage_healed":0,"gold_gain":0,"player_choice":"Fight","damage_taken":0,"max_hp_gain":0,"max_hp_loss":0,"event_name":"Colosseum","floor":22,"gold_loss":0}],"is_beta":true,"boss_relics":[{"not_picked":["Busted Crown","Velvet Choker"],"picked":"Inserter"}],"items_purged_floors":[19],"is_endless":false,"potions_floor_spawned":[1,3,10,20],"killed_by":"Colosseum Slavers","ascension_level":20}