{"path_per_floor":["M","?","M","$","M","R","E","M","T","M","M","M","R","M","R","B",null,"M","M","?","M","?","R"],"character_chosen":"IRONCLAD","items_purchased":["Flex"],"gold_per_floor":[117,67,85,37,53,53,83,95,175,191,205,215,215,233,233,330,330,349,363,308,319,319,319],"floor_reached":24,"campfire_rested":1,"playtime":1887,"current_hp_per_floor":[80,80,80,80,80,80,53,55,55,52,58,63,63,62,62,42,80,79,52,52,19,19,43],"items_purged":[],"gold":319,"score":202,"play_id":"e85ca19c-56c4-45a7-b11d-e0f5be8cf483","is_prod":false,"is_daily":false,"is_ascension_mode":false,"campfire_upgraded":3,"path_taken":["M","?","M","$","M","R","E","M","T","M","M","M","R","?","R","BOSS","M","M","?","M","?","R","E"],"build_version":"2018-02-15-PROD1","purchased_purges":0,"victory":false,"master_deck":["Strike_R","Defend_R","Defend_R","Defend_R","Defend_R","Bash","Armaments+1","Searing Blow","Flex","Iron Wave+1","Pommel Strike","Sword Boomerang","Headbutt","Spot Weakness","Flex","Heavy Blade+1","Limit Break","Evolve+1","Uppercut+1","Headbutt+1","Heavy Blade+1","Iron Wave","Sword Boomerang+1","Bash","Burning Pact"],"max_hp_per_floor":[80,80,80,80,80,80,80,80,80,80,80,80,80,80,80,80,80,80,80,80,80,80,80],"relics":["Burning Blood","Happy Flower","Centennial Puzzle","Shuriken","Astrolabe","Tiny Chest"],"card_choices":[{"not_picked":["Cleave","Pommel Strike"],"picked":"Armaments"},{"not_picked":["Clothesline","Shrug It Off"],"picked":"Searing Blow"},{"not_picked":["Cleave","True Grit"],"picked":"Iron Wave"},{"not_picked":["Evolve","Sever Soul"],"picked":"Pommel Strike"},{"not_picked":["Armaments","Berserk"],"picked":"Sword Boomerang"},{"not_picked":["Armaments","Sword Boomerang"],"picked":"Headbutt"},{"not_picked":["Corruption","Sword Boomerang"],"picked":"Spot Weakness"},{"not_picked":["Perfected Strike","Anger"],"picked":"Flex"},{"not_picked":["Inflame","Infernal Blade"],"picked":"Heavy Blade"},{"not_picked":["Brutality","Double Tap"],"picked":"Limit Break"},{"not_picked":["Thunderclap","Armaments"],"picked":"Heavy Blade"},{"not_picked":["Pommel Strike","Infernal Blade"],"picked":"Iron Wave"},{"not_picked":["Pommel Strike","Flex"],"picked":"Sword Boomerang"}],"player_experience":49424,"potions_floor_usage":[7,7,14,16,16,21],"damage_taken":[{"damage":0,"enemies":"Cultist","floor":1,"turns":4},{"damage":5,"enemies":"Small Slimes","floor":3,"turns":3},{"damage":6,"enemies":"Jaw Worm","floor":5,"turns":5},{"damage":33,"enemies":"3 Sentries","floor":7,"turns":10},{"damage":4,"enemies":"Lots of Slimes","floor":8,"turns":5},{"damage":9,"enemies":"3 Louse","floor":10,"turns":4},{"damage":0,"enemies":"Looter","floor":11,"turns":2},{"damage":1,"enemies":"Exordium Thugs","floor":12,"turns":3},{"damage":7,"enemies":"Blue Slaver","floor":14,"turns":2},{"damage":26,"enemies":"The Guardian","floor":16,"turns":7},{"damage":7,"enemies":"Chosen","floor":18,"turns":3},{"damage":33,"enemies":"3 Byrds","floor":19,"turns":6},{"damage":39,"enemies":"Slaver and Parasite","floor":21,"turns":6},{"damage":45,"enemies":"Slavers","floor":24,"turns":3}],"event_choices":[{"event_name":"The Cleric","player_choice":"Card Removal","floor":2,"damage_taken":0},{"event_name":"Addict","player_choice":"Obtained Relic","floor":20,"damage_taken":0},{"event_name":"Match and Keep!","player_choice":"2 cards matched","floor":22,"damage_taken":0}],"boss_relics":[{"not_picked":["Eternal Feather","Tiny House"],"picked":"Astrolabe"}],"potions_floor_spawned":[3,5,7,8,10,19],"seed_played":"-5355605305324522394","killed_by":"Slavers","ascension_level":0,"is_trial":false}