{"path_per_floor":["M","?","$","M","$","E","M","E","T","R","M","R","M","?","R","B",null,"M","?","$","M","M","E","M","R","T","R","?","R","E","?","R","B",null,"M","M","?","M","$","R","?","R","T","M","R","E","M","?","R","B"],"character_chosen":"THE_SILENT","items_purchased":["Crippling Poison","Poisoned Stab","Snake Skull","Deflect","Toxic Egg 2"],"gold_per_floor":[118,118,48,61,16,48,64,96,122,122,132,132,151,226,226,328,328,348,348,97,111,123,156,175,175,175,175,175,175,207,207,207,303,303,317,337,337,355,17,17,17,17,17,27,27,56,68,68,68,68],"floor_reached":51,"campfire_rested":6,"playtime":5214,"current_hp_per_floor":[70,70,70,65,65,33,28,25,25,46,46,46,41,30,51,5,70,70,70,70,62,58,55,55,55,55,55,55,55,48,48,69,36,70,40,20,20,15,15,51,51,51,51,46,70,38,20,38,70,17],"items_purged":["Regret","Writhe"],"gold":68,"score":549,"play_id":"51ff838d-9bbc-44be-bff0-8c97129ca805","is_prod":false,"is_daily":false,"is_ascension_mode":false,"campfire_upgraded":5,"path_taken":["M","?","$","M","$","E","M","E","T","R","M","R","M","?","R","BOSS","M","?","?","M","M","E","M","R","T","R","?","R","E","?","R","BOSS","M","M","?","M","$","R","?","R","T","M","R","E","M","?","R","BOSS"],"build_version":"2018-02-22-PROD2","purchased_purges":2,"victory":true,"master_deck":["Neutralize+1","Bouncing Flask+1","Escape Plan+1","Crippling Poison","Bane+1","Poisoned Stab","Acrobatics+1","Blur","Night Terror+1","Dodge and Roll","Poisoned Stab+1","Backstab","Backstab","Poisoned Stab+1","Bane","Well Laid Plans+1","Accuracy+1","Expertise","Eviscerate","Prepared","Deflect+1","Leg Sweep","Deflect","Backstab+1","Dodge and Roll+1","Prepared+1","Parasite","Injury","Poisoned Stab+1","Burst+1","Writhe"],"max_hp_per_floor":[70,70,70,70,70,70,70,70,70,70,70,70,70,70,70,70,70,70,70,70,70,70,70,70,70,70,70,70,70,70,70,70,70,70,70,70,70,70,70,70,70,70,70,70,70,70,70,70,70,70],"relics":["Ring of the Snake","Matryoshka","Vajra","Frozen Egg 2","Prayer Wheel","Bag of Marbles","Pandora\u0027s Box","Snake Skull","Paper Crane","Pen Nib","Gambling Chip","Juzu Bracelet","Calling Bell","Anchor","Regal Pillow","Shuriken","Toxic Egg 2","War Paint","Whetstone"],"card_choices":[{"not_picked":["Outmaneuver","Concentrate"],"picked":"Bouncing Flask"},{"not_picked":["Cloak And Dagger","Choke"],"picked":"Escape Plan"},{"not_picked":["Backstab","Caltrops"],"picked":"Bane"},{"not_picked":["Slice","Dagger Throw"],"picked":"Acrobatics"},{"not_picked":["Dodge and Roll","Skewer"],"picked":"Blur"},{"not_picked":["Expertise","Acrobatics"],"picked":"Night Terror"},{"not_picked":["Setup","Quick Slash"],"picked":"Dodge and Roll"},{"not_picked":["Leg Sweep","Concentrate"],"picked":"Poisoned Stab"},{"not_picked":["Footwork","Cloak And Dagger"],"picked":"Leg Sweep"},{"not_picked":["Poisoned Stab","Dagger Throw"],"picked":"Deflect"},{"not_picked":["Sucker Punch","Accuracy"],"picked":"Backstab"},{"not_picked":["Prepared","Outmaneuver"],"picked":"Dodge and Roll"},{"not_picked":["Tools of the Trade","Storm of Steel"],"picked":"Prepared"},{"not_picked":["Dagger Spray","Dodge and Roll"],"picked":"Poisoned Stab"},{"not_picked":["Expertise","Backflip"],"picked":"Burst"}],"player_experience":166844,"potions_floor_usage":[6,8,8,23,23,23,33,36,50,50],"damage_taken":[{"damage":0,"enemies":"Jaw Worm","floor":1,"turns":5},{"damage":5,"enemies":"Cultist","floor":4,"turns":4},{"damage":32,"enemies":"3 Sentries","floor":6,"turns":12},{"damage":5,"enemies":"Small Slimes","floor":7,"turns":3},{"damage":3,"enemies":"Gremlin Nob","floor":8,"turns":3},{"damage":0,"enemies":"Blue Slaver","floor":11,"turns":4},{"damage":5,"enemies":"2 Fungi Beasts","floor":13,"turns":3},{"damage":46,"enemies":"The Guardian","floor":16,"turns":9},{"damage":0,"enemies":"Chosen","floor":18,"turns":2},{"damage":8,"enemies":"Shell Parasite","floor":21,"turns":4},{"damage":4,"enemies":"Snecko","floor":22,"turns":3},{"damage":15,"enemies":"Gremlin Leader","floor":23,"turns":5},{"damage":0,"enemies":"Centurion and Healer","floor":24,"turns":6},{"damage":7,"enemies":"Book of Stabbing","floor":30,"turns":5},{"damage":33,"enemies":"Automaton","floor":33,"turns":14},{"damage":30,"enemies":"3 Darklings","floor":35,"turns":6},{"damage":20,"enemies":"3 Shapes","floor":36,"turns":4},{"damage":5,"enemies":"Maw","floor":38,"turns":7},{"damage":5,"enemies":"3 Darklings","floor":44,"turns":6},{"damage":32,"enemies":"Giant Head","floor":46,"turns":9},{"damage":18,"enemies":"4 Shapes","floor":47,"turns":6},{"damage":53,"enemies":"Time Eater","floor":50,"turns":13}],"event_choices":[{"event_name":"Big Fish","player_choice":"Box","floor":2,"damage_taken":0},{"event_name":"World of Goop","player_choice":"Gather Gold","floor":14,"damage_taken":0},{"event_name":"The Lab","player_choice":"Got Potions","floor":19,"damage_taken":0},{"event_name":"Wheel of Change","player_choice":"Card Removal","floor":28,"damage_taken":0},{"event_name":"Drug Dealer","player_choice":"Ignored","floor":31,"damage_taken":0},{"event_name":"Mysterious Sphere","player_choice":"Ignore","floor":41,"damage_taken":0},{"event_name":"Winding Halls","player_choice":"Writhe","floor":48,"damage_taken":0}],"boss_relics":[{"not_picked":["Philosopher\u0027s Stone","Sozu"],"picked":"Pandora\u0027s Box"},{"not_picked":["Runic Pyramid","Black Star"],"picked":"Calling Bell"}],"potions_floor_spawned":[1,6,7,16,21,22,30,35,38,47],"seed_played":"7704096477370796452","ascension_level":0,"is_trial":false}