{"gold_per_floor":[363,638,20,30,50,50,62,94,94,94,104,123,123,141,141,244,244,257,257,257,13,26,26,26,57,57,82,94,120,152,18,18,115,115,134,134,153,13,28,83,83,83,83,98,110,110],"floor_reached":46,"playtime":2467,"items_purged":["Regret","Strike_B"],"score":546,"play_id":"9ff37b27-1d42-4430-9d51-349493da1201","local_time":"20190123222613","is_ascension_mode":true,"campfire_choices":[{"data":"Defragment","floor":6,"key":"SMITH"},{"floor":10,"key":"REST"},{"floor":13,"key":"REST"},{"data":"Defragment","floor":15,"key":"SMITH"},{"floor":23,"key":"REST"},{"floor":28,"key":"REST"},{"floor":32,"key":"REST"},{"data":"Thunder Strike","floor":41,"key":"SMITH"}],"neow_cost":"TEN_PERCENT_HP_LOSS","seed_source_timestamp":283575770911286,"circlet_count":0,"master_deck":["Strike_B","Strike_B","Strike_B","Defend_B","Defend_B","Defend_B","Defend_B","Zap","Dualcast","Defragment+1","Ball Lightning","Genetic Algorithm","Defragment+1","Coolheaded","Thunder Strike+1","Static Discharge","RitualDagger","Electrodynamics","Glacier","Go for the Eyes","Reinforced Body","Consume","Recycle","Self Repair","Core Surge","Double Energy+1","Loop","Leap+1"],"relics":["Cracked Core","Incense Burner","Singing Bowl","Dodecahedron","Gambling Chip","Black Star","Nilry\u0027s Codex","Emotion Chip","Orichalcum","MawBank","Regal Pillow","Velvet Choker","Art of War","Tiny Chest","Ornamental Fan","Bottled Tornado"],"potions_floor_usage":[8,12,16,25,33,40,46],"damage_taken":[{"damage":0,"enemies":"Cultist","floor":1,"turns":4},{"damage":11,"enemies":"Small Slimes","floor":4,"turns":3},{"damage":2,"enemies":"Jaw Worm","floor":5,"turns":3},{"damage":9,"enemies":"Red Slaver","floor":7,"turns":3},{"damage":27,"enemies":"3 Sentries","floor":8,"turns":7},{"damage":25,"enemies":"Exordium Wildlife","floor":11,"turns":5},{"damage":12,"enemies":"Lots of Slimes","floor":12,"turns":3},{"damage":1,"enemies":"Looter","floor":14,"turns":3},{"damage":11,"enemies":"The Guardian","floor":16,"turns":11},{"damage":9,"enemies":"Shell Parasite","floor":18,"turns":6},{"damage":2,"enemies":"Chosen","floor":22,"turns":4},{"damage":37,"enemies":"Slavers","floor":25,"turns":4},{"damage":6,"enemies":"Sentry and Sphere","floor":27,"turns":4},{"damage":16,"enemies":"Centurion and Healer","floor":29,"turns":7},{"damage":0,"enemies":"3 Cultists","floor":30,"turns":4},{"damage":22,"enemies":"Collector","floor":33,"turns":12},{"damage":3,"enemies":"3 Shapes","floor":35,"turns":6},{"damage":1,"enemies":"Orb Walker","floor":37,"turns":6},{"damage":30,"enemies":"4 Shapes","floor":39,"turns":8},{"damage":22,"enemies":"Reptomancer","floor":40,"turns":4},{"damage":22,"enemies":"Transient","floor":44,"turns":5},{"damage":30,"enemies":"Spire Growth","floor":45,"turns":6},{"damage":32,"enemies":"Nemesis","floor":46,"turns":5}],"seed_played":"5561263878083717712","potions_obtained":[{"floor":1,"key":"SteroidPotion"},{"floor":5,"key":"Explosive Potion"},{"floor":11,"key":"AttackPotion"},{"floor":16,"key":"Fruit Juice"},{"floor":18,"key":"Poison Potion"},{"floor":25,"key":"GamblersBrew"},{"floor":37,"key":"LiquidBronze"},{"floor":39,"key":"Regen Potion"},{"floor":40,"key":"LiquidBronze"}],"is_trial":false,"path_per_floor":["M","?","$","M","M","R","M","E","T","R","M","M","R","M","R","B",null,"M","?","?","$","M","R","$","E","T","M","R","M","M","$","R","B",null,"M","T","M","$","M","E","R","T","T","M","M","E"],"character_chosen":"DEFECT","items_purchased":["Incense Burner","Singing Bowl","Electrodynamics","Glacier","Go for the Eyes","Regal Pillow","Loop"],"campfire_rested":5,"item_purchase_floors":[3,3,21,21,21,31,38],"current_hp_per_floor":[68,68,68,57,57,57,48,21,21,42,19,9,31,30,30,24,79,70,54,48,48,46,69,69,34,34,28,52,36,36,36,75,53,81,83,83,83,83,62,61,61,61,61,39,18,0],"gold":110,"neow_bonus":"TWO_FIFTY_GOLD","is_prod":false,"is_daily":false,"chose_seed":false,"campfire_upgraded":3,"win_rate":0,"timestamp":1548300373,"path_taken":["M","?","$","M","?","R","M","E","T","R","M","M","R","M","R","BOSS","M","?","?","$","M","R","$","E","T","M","R","M","M","?","R","BOSS","M","?","M","$","M","E","R","?","T","M","?","E"],"build_version":"2019-01-23","purchased_purges":2,"victory":false,"max_hp_per_floor":[68,68,68,68,70,70,70,70,70,70,72,74,74,74,74,79,79,79,79,79,79,79,79,79,81,81,81,81,81,81,81,81,81,81,83,83,83,83,85,87,87,87,87,87,89,89],"card_choices":[{"not_picked":["Compile Driver","Streamline"],"picked":"Defragment","floor":1},{"not_picked":["Chaos","Gash"],"picked":"Ball Lightning","floor":4},{"not_picked":["Aggregate","Turbo","Barrage"],"picked":"Singing Bowl","floor":5},{"not_picked":["Amplify","Coolheaded"],"picked":"Genetic Algorithm","floor":7},{"not_picked":["Streamline","FTL"],"picked":"Defragment","floor":8},{"not_picked":["Steam","Go for the Eyes","Rebound"],"picked":"Singing Bowl","floor":11},{"not_picked":["Compile Driver","Coolheaded","Steam"],"picked":"Singing Bowl","floor":12},{"not_picked":["Sweeping Beam","Redo"],"picked":"Coolheaded","floor":14},{"not_picked":["All For One","Amplify"],"picked":"Thunder Strike","floor":16},{"not_picked":["Doom and Gloom","Leap"],"picked":"Static Discharge","floor":18},{"not_picked":["Cold Snap","Ball Lightning"],"picked":"Reinforced Body","floor":22},{"not_picked":["Static Discharge","Rip and Tear","Doom and Gloom"],"picked":"Singing Bowl","floor":25},{"not_picked":["Leap","Scrape"],"picked":"Consume","floor":27},{"not_picked":["Self Repair","Go for the Eyes"],"picked":"Recycle","floor":29},{"not_picked":["Go for the Eyes","Genetic Algorithm+1"],"picked":"Self Repair","floor":30},{"not_picked":["Meteor Strike","Machine Learning"],"picked":"Core Surge","floor":33},{"not_picked":["Gash+1","Beam Cell","Compile Driver+1"],"picked":"Singing Bowl","floor":35},{"not_picked":["Reprogram","Lockon"],"picked":"Double Energy+1","floor":37},{"not_picked":["Cold Snap","BootSequence","Go for the Eyes+1"],"picked":"Singing Bowl","floor":39},{"not_picked":["Rebound+1","Redo","Leap"],"picked":"Singing Bowl","floor":40},{"not_picked":["Cold Snap","Steam"],"picked":"Leap+1","floor":44},{"not_picked":["Sunder+1","Beam Cell","Steam+1"],"picked":"Singing Bowl","floor":45}],"player_experience":1303599,"relics_obtained":[{"floor":8,"key":"Dodecahedron"},{"floor":9,"key":"Gambling Chip"},{"floor":19,"key":"Nilry\u0027s Codex"},{"floor":25,"key":"Emotion Chip"},{"floor":25,"key":"Orichalcum"},{"floor":26,"key":"MawBank"},{"floor":36,"key":"Art of War"},{"floor":40,"key":"Tiny Chest"},{"floor":40,"key":"Ornamental Fan"},{"floor":42,"key":"Bottled Tornado"}],"event_choices":[{"damage_healed":0,"gold_gain":275,"player_choice":"Desecrate","damage_taken":0,"max_hp_gain":0,"max_hp_loss":0,"event_name":"Golden Shrine","floor":2,"gold_loss":0,"cards_obtained":["Regret"]},{"damage_healed":0,"gold_gain":0,"player_choice":"Obtained Book","damage_taken":16,"max_hp_gain":0,"max_hp_loss":0,"event_name":"Cursed Tome","floor":19,"gold_loss":0},{"damage_healed":0,"gold_gain":0,"player_choice":"Joined the Cult","damage_taken":6,"max_hp_gain":0,"max_hp_loss":0,"event_name":"Nest","floor":20,"gold_loss":0,"cards_obtained":["RitualDagger"]}],"is_beta":true,"boss_relics":[{"not_picked":["White Beast Statue","Lizard Tail"],"picked":"Black Star"},{"not_picked":["Orrery","Astrolabe"],"picked":"Velvet Choker"}],"items_purged_floors":[3,38],"is_endless":false,"potions_floor_spawned":[1,5,11,16,18,25,37,39,40],"killed_by":"Nemesis","ascension_level":2}