{"path_per_floor":["M","?","?","M","M","R","M","R","T","R","E","R","$","M","R","B",null,"M","$","M","?","$","R","?","M","T"],"character_chosen":"IRONCLAD","items_purchased":["Bottled Flame","Iron Wave","Shrug It Off","Singing Bowl"],"gold_per_floor":[118,118,118,138,162,162,187,187,487,487,522,522,153,167,167,292,292,308,41,64,64,64,94,194,213,289],"floor_reached":27,"campfire_rested":1,"playtime":1231,"current_hp_per_floor":[72,77,71,70,70,70,64,64,64,64,31,38,38,44,67,7,78,51,51,42,68,68,68,68,47,49],"items_purged":["Defend_R","Defend_R"],"gold":289,"score":211,"play_id":"8bd53057-59d0-44c3-b83a-aafbbf225614","local_time":"20180302152619","is_prod":false,"is_daily":false,"is_ascension_mode":false,"campfire_upgraded":0,"timestamp":1520022379,"path_taken":["M","?","?","M","?","R","M","R","T","R","E","R","$","M","R","BOSS","M","$","M","?","$","R","?","?","T","E"],"build_version":"2018-03-01-PROD1","purchased_purges":2,"victory":false,"master_deck":["Strike_R","Strike_R","Strike_R","Strike_R","Strike_R","Defend_R","Defend_R","Bash","Flex","Uppercut","Infernal Blade","Shrug It Off","Fire Breathing","Pommel Strike","Iron Wave","Berserk","Cleave","Headbutt","Cleave","Dual Wield+1","Clash","Shrug It Off+1","Shrug It Off+1","Fire Breathing+1"],"max_hp_per_floor":[72,77,71,71,71,71,71,71,71,71,71,78,78,78,78,78,78,78,78,78,78,78,78,78,80,82],"relics":["Burning Blood","Shovel","Golden Idol","Ancient Tea Set","Prayer Wheel","Old Coin","Toxic Egg 2","Bronze Scales","Strawberry","Bottled Flame","Orrery","Singing Bowl","Tiny Chest","Molten Egg 2"],"card_choices":[{"not_picked":["Thunderclap","True Grit"],"picked":"Flex"},{"not_picked":["Feel No Pain","Clash"],"picked":"Uppercut"},{"not_picked":["Brutality","True Grit"],"picked":"Infernal Blade"},{"not_picked":["Heavy Blade","Whirlwind"],"picked":"Shrug It Off"},{"not_picked":["Burning Pact","True Grit"],"picked":"Fire Breathing"},{"not_picked":["Wild Strike","Intimidate"],"picked":"Pommel Strike"},{"not_picked":["Reaper","Brutality"],"picked":"Berserk"},{"not_picked":["Armaments","Perfected Strike"],"picked":"Cleave"},{"not_picked":["Searing Blow","Twin Strike"],"picked":"Headbutt"},{"not_picked":["Intimidate","Body Slam"],"picked":"Cleave"},{"not_picked":["Twin Strike","Warcry"],"picked":"Dual Wield"},{"not_picked":["Body Slam","Berserk"],"picked":"Clash"},{"not_picked":["Wild Strike","Carnage"],"picked":"Shrug It Off"},{"not_picked":["Pommel Strike","Blood for Blood"],"picked":"Fire Breathing"}],"player_experience":327699,"potions_floor_usage":[11,20,25],"damage_taken":[{"damage":1,"enemies":"2 Louse","floor":1,"turns":3},{"damage":7,"enemies":"Small Slimes","floor":4,"turns":4},{"damage":6,"enemies":"Cultist","floor":5,"turns":3},{"damage":12,"enemies":"Large Slime","floor":7,"turns":6},{"damage":39,"enemies":"Lagavulin","floor":11,"turns":8},{"damage":0,"enemies":"Blue Slaver","floor":14,"turns":2},{"damage":66,"enemies":"Hexaghost","floor":16,"turns":11},{"damage":33,"enemies":"Shell Parasite","floor":18,"turns":5},{"damage":15,"enemies":"2 Thieves","floor":20,"turns":4},{"damage":29,"enemies":"Snake Plant","floor":25,"turns":3},{"damage":60,"enemies":"Gremlin Leader","floor":27,"turns":4}],"event_choices":[{"event_name":"Big Fish","player_choice":"Donut","floor":2,"damage_taken":0},{"event_name":"Golden Idol","player_choice":"Lose Max HP","floor":3,"damage_taken":0},{"event_name":"The Library","player_choice":"Heal","floor":21,"damage_taken":0},{"event_name":"Golden Shrine","player_choice":"Pray","floor":24,"damage_taken":0}],"boss_relics":[{"not_picked":["Snecko Eye","Philosopher\u0027s Stone"],"picked":"Orrery"}],"potions_floor_spawned":[7,11,14],"seed_played":"-2289418730580426265","killed_by":"Gremlin Leader","ascension_level":0,"is_trial":false}