{"path_per_floor":["M","?","M","?","M","R","M","?","T","M","R","T","M","M","R","B",null,"M","?","$","M","M"],"character_chosen":"IRONCLAD","items_purchased":["Feel No Pain"],"gold_per_floor":[119,119,133,133,148,148,161,226,226,246,246,246,262,281,281,377,377,317,317,168,168,168],"floor_reached":23,"campfire_rested":1,"playtime":1182,"current_hp_per_floor":[76,76,75,68,74,74,69,43,43,48,48,48,43,44,80,19,80,77,62,62,68,72],"items_purged":["Strike_R"],"gold":168,"score":185,"play_id":"c7ae749e-b1b2-44ec-a502-05a2121c5834","local_time":"20180302135658","is_prod":false,"is_daily":false,"is_ascension_mode":false,"campfire_upgraded":2,"timestamp":1520017018,"path_taken":["M","?","M","?","M","R","M","?","T","?","R","?","M","M","R","BOSS","M","?","$","M","M","E"],"build_version":"2018-03-01-PROD1","purchased_purges":1,"victory":false,"master_deck":["Strike_R","Strike_R","Strike_R","Strike_R","Defend_R","Defend_R","Defend_R","Bash","Armaments+1","Flex","Warcry","Dark Embrace+1","Pommel Strike","Flex","Twin Strike","Power Through","Fiend Fire","Pommel Strike+1","Feel No Pain","Battle Trance","Immolate"],"max_hp_per_floor":[80,80,80,80,80,80,80,80,80,80,80,80,80,80,80,80,80,80,85,85,85,85],"relics":["Burning Blood","Regal Pillow","Prayer Wheel","Ginger","Ectoplasm"],"card_choices":[{"not_picked":["Iron Wave","Cleave"],"picked":"Armaments"},{"not_picked":["Warcry","Uppercut"],"picked":"Flex"},{"not_picked":["True Grit","Clash"],"picked":"Warcry"},{"not_picked":["Flame Barrier","Warcry"],"picked":"Dark Embrace"},{"not_picked":["Intimidate","Thunderclap"],"picked":"Pommel Strike"},{"not_picked":["Searing Blow","Bloodletting"],"picked":"Flex"},{"not_picked":["Spot Weakness","Sword Boomerang"],"picked":"Twin Strike"},{"not_picked":["Pommel Strike","Warcry"],"picked":"Power Through"},{"not_picked":["Berserk","Bludgeon"],"picked":"Fiend Fire"},{"not_picked":["Body Slam","Twin Strike"],"picked":"Pommel Strike"},{"not_picked":["Pommel Strike","Rampage"],"picked":"Battle Trance"},{"not_picked":["Warcry","Rupture"],"picked":"Immolate"}],"player_experience":322633,"potions_floor_usage":[14,16,18,22,23],"damage_taken":[{"damage":10,"enemies":"Jaw Worm","floor":1,"turns":5},{"damage":7,"enemies":"Cultist","floor":3,"turns":5},{"damage":0,"enemies":"Small Slimes","floor":5,"turns":3},{"damage":11,"enemies":"Blue Slaver","floor":7,"turns":4},{"damage":32,"enemies":"Gremlin Nob","floor":8,"turns":4},{"damage":1,"enemies":"Large Slime","floor":10,"turns":6},{"damage":11,"enemies":"3 Louse","floor":13,"turns":5},{"damage":5,"enemies":"Exordium Wildlife","floor":14,"turns":4},{"damage":67,"enemies":"The Guardian","floor":16,"turns":13},{"damage":15,"enemies":"2 Thieves","floor":18,"turns":4},{"damage":0,"enemies":"Chosen","floor":21,"turns":4},{"damage":2,"enemies":"Sentry and Sphere","floor":22,"turns":5},{"damage":74,"enemies":"Book of Stabbing","floor":23,"turns":6}],"event_choices":[{"event_name":"The Woman in Blue","player_choice":"Bought 0 Potions","floor":2,"damage_taken":0},{"event_name":"Golden Wing","player_choice":"Card Removal","floor":4,"damage_taken":0},{"event_name":"Dead Adventurer","player_choice":"Searched \u00272\u0027 times","floor":8,"damage_taken":0},{"event_name":"Forgotten Altar","player_choice":"Shed Blood","floor":19,"damage_taken":0}],"boss_relics":[{"not_picked":["Snecko Eye","Runic Cube"],"picked":"Ectoplasm"}],"potions_floor_spawned":[8,13,16,18,22],"seed_played":"-2156972649122642271","killed_by":"Book of Stabbing","ascension_level":0,"is_trial":false}