{"path_per_floor":["M","$","M","?","M","E","?","E","T","M","R","?","E","M","R","B",null,"M","?","$","M","$","R","M","R","T","E","M","M"],"character_chosen":"IRONCLAD","items_purchased":["Corruption","Happy Flower","Inflame","Shrug It Off","Evolve"],"gold_per_floor":[118,38,53,18,32,57,57,88,88,103,103,103,137,152,152,283,283,302,302,70,88,14,14,35,35,35,76,100,119,119],"floor_reached":30,"campfire_rested":4,"playtime":1538,"current_hp_per_floor":[76,76,80,80,67,43,43,28,28,33,55,55,52,54,74,36,65,62,62,62,41,41,64,46,69,69,74,63,32,0],"items_purged":[],"gold":119,"score":338,"play_id":"e25db37a-b8b5-457d-aca2-f4ee85de45dd","local_time":"20180415000446","is_prod":false,"is_daily":false,"chose_seed":false,"is_ascension_mode":true,"campfire_upgraded":0,"timestamp":1523765086,"path_taken":["M","$","M","?","M","E","?","E","T","?","R","?","E","M","R","BOSS","M","?","$","M","?","R","M","R","T","E","M","?","M"],"build_version":"2018-04-13","seed_source_timestamp":227370282688847,"purchased_purges":0,"victory":false,"master_deck":["Strike_R","Strike_R","Strike_R+1","Strike_R+1","Strike_R","Defend_R","Defend_R","Defend_R","Defend_R","Bash","Dual Wield","Corruption","Inflame","Rampage+1","Power Through","Shrug It Off","True Grit","Disarm","Anger","Feed","Bloodletting","Inflame","Shrug It Off","Evolve","Body Slam","Thunderclap","Entrench+1","Uppercut"],"max_hp_per_floor":[80,80,80,80,80,80,74,74,74,74,74,74,74,74,74,74,74,74,74,74,77,77,77,77,77,77,80,80,80,80],"relics":["Burning Blood","Whetstone","Orichalcum","Golden Idol","Anchor","Vajra","Centennial Puzzle","Mark of Pain","Happy Flower","Pantograph","Matryoshka"],"card_choices":[{"not_picked":["Warcry","Perfected Strike"],"picked":"Dual Wield","floor":1},{"not_picked":["Evolve","Blood for Blood"],"picked":"Inflame","floor":3},{"not_picked":["Havoc","Combust"],"picked":"Rampage","floor":5},{"not_picked":["Carnage","Havoc"],"picked":"Power Through","floor":6},{"not_picked":["Sword Boomerang","Rupture"],"picked":"Shrug It Off","floor":8},{"not_picked":["Pummel","Burning Pact"],"picked":"True Grit","floor":10},{"not_picked":["Bloodletting","Berserk"],"picked":"Disarm","floor":13},{"not_picked":["Sword Boomerang","Pommel Strike"],"picked":"Anger","floor":14},{"not_picked":["Immolate","Fiend Fire"],"picked":"Feed","floor":16},{"not_picked":["Combust","Anger"],"picked":"Bloodletting","floor":18},{"not_picked":["Twin Strike","Iron Wave"],"picked":"Body Slam","floor":24},{"not_picked":["Juggernaut","Anger"],"picked":"Thunderclap","floor":27},{"not_picked":["Wild Strike","Sword Boomerang"],"picked":"Entrench","floor":28},{"not_picked":["Sword Boomerang","Clash"],"picked":"Uppercut","floor":29}],"player_experience":193279,"potions_floor_usage":[8,14,18,21,27,27,29],"damage_taken":[{"damage":10,"enemies":"Small Slimes","floor":1,"turns":4},{"damage":0,"enemies":"2 Louse","floor":3,"turns":3},{"damage":19,"enemies":"Jaw Worm","floor":5,"turns":5},{"damage":30,"enemies":"Lagavulin","floor":6,"turns":6},{"damage":21,"enemies":"Gremlin Nob","floor":8,"turns":5},{"damage":1,"enemies":"2 Fungi Beasts","floor":10,"turns":4},{"damage":9,"enemies":"3 Sentries","floor":13,"turns":7},{"damage":4,"enemies":"Lots of Slimes","floor":14,"turns":4},{"damage":44,"enemies":"Slime Boss","floor":16,"turns":8},{"damage":9,"enemies":"Spheric Guardian","floor":18,"turns":4},{"damage":30,"enemies":"3 Byrds","floor":21,"turns":7},{"damage":24,"enemies":"Centurion and Healer","floor":24,"turns":6},{"damage":4,"enemies":"Slavers","floor":27,"turns":5},{"damage":17,"enemies":"Snake Plant","floor":28,"turns":6},{"damage":37,"enemies":"Sentry and Sphere","floor":29,"turns":6},{"damage":37,"enemies":"Chosen and Byrds","floor":30,"turns":4}],"event_choices":[{"event_name":"The Cleric","player_choice":"Healed","floor":4,"damage_taken":0},{"event_name":"Golden Idol","player_choice":"Lose Max HP","floor":7,"damage_taken":0},{"event_name":"Living Wall","player_choice":"Grow","floor":12,"damage_taken":0},{"event_name":"N\u0027loth","player_choice":"Ignored","floor":19,"damage_taken":0}],"boss_relics":[{"not_picked":["Cursed Key","Black Blood"],"picked":"Mark of Pain"}],"potions_floor_spawned":[1,3,8,10,14,21,24,27,28],"seed_played":"8574623033578547876","killed_by":"Chosen and Byrds","ascension_level":5,"is_trial":false}