{"path_per_floor":["M","M","M","$","M","R","E","R","T","M","?","?","M","M","R"],"character_chosen":"IRONCLAD","items_purchased":["Flex"],"gold_per_floor":[109,122,141,93,104,104,135,135,135,153,103,278,297,312,312],"floor_reached":16,"campfire_rested":0,"playtime":1282,"current_hp_per_floor":[74,76,73,73,70,70,63,63,63,67,67,67,69,69,69],"items_purged":[],"gold":312,"score":104,"play_id":"a1678d21-5c65-4b39-b8f9-826f02cb9be6","is_prod":false,"is_daily":false,"is_ascension_mode":false,"campfire_upgraded":3,"path_taken":["M","M","M","$","M","R","E","R","T","M","?","?","M","M","R","BOSS"],"build_version":"2018-02-15-PROD1","purchased_purges":0,"victory":false,"master_deck":["Strike_R","Strike_R","Strike_R","Strike_R","Defend_R","Defend_R","Defend_R","Defend_R","Bash","Pommel Strike+1","Combust","Shrug It Off","Thunderclap","Flex+1","Headbutt","Warcry","Inflame+1","Pommel Strike","Doubt","Flame Barrier"],"max_hp_per_floor":[80,80,80,80,80,80,80,80,80,80,80,80,80,80,80],"relics":["Burning Blood","Prayer Wheel","Matryoshka"],"card_choices":[{"not_picked":["Hemokinesis","Shrug It Off"],"picked":"Pommel Strike"},{"not_picked":["Warcry","Battle Trance"],"picked":"Combust"},{"not_picked":["Reckless Charge","Body Slam"],"picked":"Shrug It Off"},{"not_picked":["Iron Wave","Sever Soul"],"picked":"Thunderclap"},{"not_picked":["Thunderclap","Battle Trance"],"picked":"Headbutt"},{"not_picked":["Brutality","Clash"],"picked":"Warcry"},{"not_picked":["Warcry","Anger"],"picked":"Inflame"},{"not_picked":["Iron Wave","Shockwave"],"picked":"Pommel Strike"},{"not_picked":["Reckless Charge","Twin Strike"],"picked":"Flame Barrier"}],"player_experience":29469,"potions_floor_usage":[7,16,16],"damage_taken":[{"damage":12,"enemies":"Cultist","floor":1,"turns":5},{"damage":4,"enemies":"Jaw Worm","floor":2,"turns":6},{"damage":9,"enemies":"2 Louse","floor":3,"turns":2},{"damage":9,"enemies":"2 Fungi Beasts","floor":5,"turns":4},{"damage":13,"enemies":"3 Sentries","floor":7,"turns":5},{"damage":2,"enemies":"3 Louse","floor":10,"turns":2},{"damage":4,"enemies":"Lots of Slimes","floor":13,"turns":3},{"damage":6,"enemies":"Blue Slaver","floor":14,"turns":4},{"damage":72,"enemies":"Hexaghost","floor":16,"turns":11}],"event_choices":[{"event_name":"The Cleric","player_choice":"Card Removal","floor":11,"damage_taken":0},{"event_name":"Liars Game","player_choice":"agreed","floor":12,"damage_taken":0}],"boss_relics":[],"potions_floor_spawned":[3,5,13],"seed_played":"-6768329348684660083","killed_by":"Hexaghost","ascension_level":0,"is_trial":false}