{"gold_per_floor":[110,110,123,1,21,21,56,56,56,81,95,115,115,147,147,242,242,252,327,343,343,361,395,395,3,27,27,43,77,32,46,46,150,150,167,167,178,278,292,317,5,5,29,60,71,102,113,113,113,113,113,113,27,53,53],"floor_reached":56,"playtime":3897,"items_purged":["Strike_R"],"score":1813,"play_id":"fd160bae-ea77-425c-9fbd-4371244fa263","local_time":"20190127135142","is_ascension_mode":true,"campfire_choices":[{"data":"Pommel Strike","floor":6,"key":"SMITH"},{"data":"Bash","floor":8,"key":"SMITH"},{"data":"Feel No Pain","floor":15,"key":"SMITH"},{"floor":24,"key":"REST"},{"floor":32,"key":"RECALL"},{"floor":42,"key":"REST"},{"floor":49,"key":"REST"},{"floor":52,"key":"REST"}],"neow_cost":"NONE","seed_source_timestamp":596882134231439,"circlet_count":0,"master_deck":["Strike_R","Strike_R","Strike_R","Defend_R","Defend_R","Defend_R","Defend_R","Bash+1","Twin Strike","Iron Wave","Feel No Pain+1","Pommel Strike+1","Seeing Red","Shrug It Off","Anger","Battle Trance","Twin Strike","Disarm","Offering","Infernal Blade","Burning Pact","True Grit+1","Bloodletting+1","Corruption","Shrug It Off","Warcry","Ghostly","Ghostly","Ghostly","Ghostly","Ghostly","Shrug It Off+1","Armaments","Armaments","Corruption","Impervious","Disarm","Power Through","Seeing Red+1","Infernal Blade+1","Shrug It Off","Spot Weakness","Body Slam+1","Body Slam+1","Shrug It Off+1","Madness","Madness","Havoc","Evolve","Limit Break"],"relics":["Burning Blood","Boot","Gambling Chip","StoneCalendar","Mummified Hand","Dead Branch","Fusion Hammer","Lantern","Potion Belt","Bag of Preparation","Strawberry","Snecko Eye","Bird Faced Urn","Molten Egg 2","Letter Opener","Magic Flower","Bag of Marbles","Bottled Flame"],"potions_floor_usage":[7,14,22,23,23,23,33,33,50,55,55,55],"damage_taken":[{"damage":3,"enemies":"2 Louse","floor":1,"turns":4},{"damage":6,"enemies":"Cultist","floor":3,"turns":4},{"damage":7,"enemies":"Small Slimes","floor":5,"turns":3},{"damage":19,"enemies":"Gremlin Nob","floor":7,"turns":4},{"damage":22,"enemies":"3 Sentries","floor":10,"turns":7},{"damage":6,"enemies":"Exordium Thugs","floor":11,"turns":4},{"damage":4,"enemies":"2 Fungi Beasts","floor":12,"turns":4},{"damage":0,"enemies":"Gremlin Nob","floor":14,"turns":2},{"damage":19,"enemies":"Hexaghost","floor":16,"turns":7},{"damage":17,"enemies":"2 Thieves","floor":18,"turns":4},{"damage":3,"enemies":"Spheric Guardian","floor":20,"turns":2},{"damage":10,"enemies":"Snake Plant","floor":22,"turns":3},{"damage":16,"enemies":"Gremlin Leader","floor":23,"turns":4},{"damage":0,"enemies":"Centurion and Healer","floor":28,"turns":4},{"damage":1,"enemies":"Book of Stabbing","floor":29,"turns":3},{"damage":5,"enemies":"Cultist and Chosen","floor":31,"turns":6},{"damage":21,"enemies":"Automaton","floor":33,"turns":7},{"damage":3,"enemies":"3 Shapes","floor":35,"turns":4},{"damage":1,"enemies":"Orb Walker","floor":37,"turns":3},{"damage":7,"enemies":"Mind Bloom Boss Battle","floor":38,"turns":3},{"damage":8,"enemies":"Maw","floor":39,"turns":4},{"damage":1,"enemies":"Reptomancer","floor":40,"turns":5},{"damage":8,"enemies":"Giant Head","floor":44,"turns":5},{"damage":0,"enemies":"4 Shapes","floor":45,"turns":2},{"damage":2,"enemies":"Reptomancer","floor":46,"turns":1},{"damage":2,"enemies":"Transient","floor":47,"turns":1},{"damage":28,"enemies":"Awakened One","floor":50,"turns":8},{"damage":8,"enemies":"Shield and Spear","floor":54,"turns":4},{"damage":13,"enemies":"The Heart","floor":55,"turns":4}],"seed_played":"9101509697298668722","potions_obtained":[{"floor":3,"key":"Poison Potion"},{"floor":5,"key":"SneckoOil"},{"floor":7,"key":"BloodPotion"},{"floor":14,"key":"Block Potion"},{"floor":16,"key":"LiquidBronze"},{"floor":22,"key":"Explosive Potion"},{"floor":29,"key":"FearPotion"},{"floor":31,"key":"EntropicBrew"},{"floor":33,"key":"LiquidBronze"},{"floor":35,"key":"PowerPotion"},{"floor":38,"key":"Dexterity Potion"},{"floor":40,"key":"Strength Potion"}],"is_trial":false,"path_per_floor":["M","?","M","$","M","R","E","R","T","E","M","M","?","E","R","B",null,"M","?","M","?","M","E","R","$","T","?","M","E","$","M","R","B",null,"M","?","M","?","M","E","$","R","T","E","M","E","M","?","R","B",null,"R","$","E","B",null],"character_chosen":"IRONCLAD","items_purchased":["Feel No Pain","Pommel Strike","Corruption","Shrug It Off","Potion Belt","Warcry","Armaments","Letter Opener","Shrug It Off","Havoc","Evolve"],"campfire_rested":4,"item_purchase_floors":[4,4,25,25,25,25,30,41,41,53,53],"current_hp_per_floor":[80,80,80,80,79,79,66,66,66,50,50,52,57,63,63,50,76,65,57,60,60,56,54,79,79,79,42,42,49,49,49,49,34,45,48,48,49,48,49,49,49,49,49,49,49,49,49,43,49,44,48,49,49,49,48],"gold":53,"neow_bonus":"RANDOM_COMMON_RELIC","is_prod":false,"is_daily":false,"chose_seed":false,"campfire_upgraded":3,"win_rate":0,"timestamp":1548615102,"path_taken":["M","?","?","?","M","R","E","R","T","E","?","M","?","E","R","BOSS","M","?","?","?","M","E","R","$","T","?","M","E","$","M","R","BOSS","M","?","?","?","M","E","?","R","T","E","M","E","M","?","R","BOSS","R","$","E","BOSS"],"build_version":"2019-01-23","purchased_purges":1,"victory":true,"max_hp_per_floor":[80,80,80,80,80,80,80,80,80,80,80,80,85,85,85,85,85,85,85,85,85,85,85,85,85,85,42,42,49,49,49,49,49,49,49,49,49,49,49,49,49,49,49,49,49,49,49,49,49,49,49,49,49,49,49],"card_choices":[{"not_picked":["Cleave","Wild Strike"],"picked":"Twin Strike","floor":1},{"not_picked":["Seeing Red","Thunderclap"],"picked":"Iron Wave","floor":3},{"not_picked":["Wild Strike","Dropkick"],"picked":"Seeing Red","floor":5},{"not_picked":["Bludgeon","Carnage"],"picked":"Shrug It Off","floor":7},{"not_picked":["Pommel Strike","Reckless Charge"],"picked":"Anger","floor":10},{"not_picked":["Warcry","Sever Soul"],"picked":"Battle Trance","floor":11},{"not_picked":["Cleave","Wild Strike"],"picked":"Twin Strike","floor":12},{"not_picked":["Intimidate","Thunderclap"],"picked":"Disarm","floor":14},{"not_picked":["Double Tap","Barricade"],"picked":"Offering","floor":16},{"not_picked":["Body Slam","Perfected Strike"],"picked":"Infernal Blade","floor":18},{"not_picked":["Heavy Blade","Anger"],"picked":"Burning Pact","floor":20},{"not_picked":["Cleave","Sword Boomerang+1"],"picked":"True Grit+1","floor":22},{"not_picked":["Iron Wave+1","Hemokinesis"],"picked":"Bloodletting+1","floor":23},{"not_picked":["Power Through+1","Warcry"],"picked":"Shrug It Off+1","floor":28},{"not_picked":["Sword Boomerang","Perfected Strike+1"],"picked":"Armaments","floor":29},{"not_picked":["Flame Barrier","Whirlwind"],"picked":"Corruption","floor":31},{"not_picked":["Demon Form","Bludgeon"],"picked":"Impervious","floor":33},{"not_picked":["Rampage","Clash","Iron Wave"],"picked":"SKIP","floor":35},{"not_picked":["Sword Boomerang","Anger"],"picked":"Disarm","floor":37},{"not_picked":["Wild Strike+1","Searing Blow"],"picked":"Power Through","floor":38},{"not_picked":["Whirlwind+1","Fire Breathing+1"],"picked":"Seeing Red+1","floor":39},{"not_picked":["Second Wind","Headbutt+1"],"picked":"Infernal Blade+1","floor":40},{"not_picked":["Wild Strike+1","Heavy Blade+1"],"picked":"Spot Weakness","floor":44},{"not_picked":["Perfected Strike+1","True Grit"],"picked":"Body Slam+1","floor":45},{"not_picked":["Warcry","Reaper+1"],"picked":"Body Slam+1","floor":46},{"not_picked":["Intimidate+1","Infernal Blade+1"],"picked":"Shrug It Off+1","floor":47},{"not_picked":["Shrug It Off","Wild Strike+1"],"picked":"Limit Break","floor":54}],"player_experience":1323048,"relics_obtained":[{"floor":7,"key":"Gambling Chip"},{"floor":9,"key":"StoneCalendar"},{"floor":10,"key":"Mummified Hand"},{"floor":14,"key":"Dead Branch"},{"floor":23,"key":"Lantern"},{"floor":26,"key":"Bag of Preparation"},{"floor":29,"key":"Strawberry"},{"floor":38,"key":"Bird Faced Urn"},{"floor":40,"key":"Molten Egg 2"},{"floor":44,"key":"Magic Flower"},{"floor":46,"key":"Bag of Marbles"},{"floor":54,"key":"Bottled Flame"}],"event_choices":[{"cards_removed":["Strike_R"],"damage_healed":0,"gold_gain":0,"player_choice":"Purged","damage_taken":0,"max_hp_gain":0,"max_hp_loss":0,"event_name":"Purifier","floor":2,"gold_loss":0},{"damage_healed":0,"gold_gain":0,"player_choice":"Donut","damage_taken":0,"max_hp_gain":5,"max_hp_loss":0,"event_name":"Big Fish","floor":13,"gold_loss":0},{"damage_healed":0,"gold_gain":75,"player_choice":"Touch","damage_taken":8,"max_hp_gain":0,"max_hp_loss":0,"event_name":"FaceTrader","floor":19,"gold_loss":0},{"damage_healed":0,"gold_gain":0,"player_choice":"Smashed Altar","damage_taken":0,"max_hp_gain":0,"max_hp_loss":0,"event_name":"Forgotten Altar","floor":21,"gold_loss":0,"cards_obtained":["Decay"]},{"damage_healed":0,"gold_gain":0,"player_choice":"Became a Ghost","damage_taken":0,"max_hp_gain":0,"max_hp_loss":43,"event_name":"Ghosts","floor":27,"gold_loss":0,"cards_obtained":["Ghostly","Ghostly","Ghostly","Ghostly","Ghostly"]},{"cards_removed":["Decay"],"damage_healed":0,"gold_gain":0,"player_choice":"Removed Curses","damage_taken":0,"max_hp_gain":0,"max_hp_loss":0,"event_name":"Fountain of Cleansing","floor":36,"gold_loss":0},{"damage_healed":0,"gold_gain":0,"player_choice":"Fight","damage_taken":0,"max_hp_gain":0,"max_hp_loss":0,"event_name":"MindBloom","floor":38,"gold_loss":0},{"damage_healed":0,"gold_gain":0,"player_choice":"Embrace Madness","damage_taken":6,"max_hp_gain":0,"max_hp_loss":0,"event_name":"Winding Halls","floor":48,"gold_loss":0,"cards_obtained":["Madness","Madness"]}],"is_beta":true,"boss_relics":[{"not_picked":["Runic Pyramid","Busted Crown"],"picked":"Fusion Hammer"},{"not_picked":["Cursed Key","Philosopher\u0027s Stone"],"picked":"Snecko Eye"}],"items_purged_floors":[25],"is_endless":false,"potions_floor_spawned":[3,5,7,14,16,18,22,29,31,33,35,38,40,46],"ascension_level":5}