{"gold_per_floor":[115,390,31,50,67,102,117,150,150,225,225,54,85,99,99,201,201,214,214,41,60,159,159,159,66,89,89,102,102,102,131,131,131],"floor_reached":33,"playtime":1698,"items_purged":["Regret"],"score":371,"play_id":"de97be01-267f-46e4-a23c-e9d3b83248e1","local_time":"20181118123107","is_ascension_mode":true,"campfire_choices":[{"data":"Footwork","floor":11,"key":"SMITH"},{"data":"Skewer","floor":15,"key":"SMITH"},{"data":"Calculated Gamble","floor":23,"key":"SMITH"},{"data":"Accuracy","floor":27,"key":"SMITH"},{"data":"Cloak And Dagger","floor":29,"key":"SMITH"},{"data":"Neutralize","floor":32,"key":"SMITH"}],"neow_cost":"NONE","seed_source_timestamp":0,"circlet_count":0,"master_deck":["Defend_G","Defend_G","Defend_G","Defend_G","Defend_G","Survivor","Neutralize+1","Footwork+1","PiercingWail","Dagger Spray","Dagger Spray","Bullet Time","Skewer+1","Finisher","Cloak And Dagger+1","Endless Agony","Caltrops","Corpse Explosion","PiercingWail","Die Die Die","Endless Agony+1","Bite","Bite","Bite","Bite","Bite","Dash","Calculated Gamble+1","Backstab","Infinite Blades+1","Accuracy+1","Cloak And Dagger+1","Pain","Terror","Concentrate+1"],"special_seed":0,"relics":["Ring of the Snake","Kunai","Whetstone","Sundial","Pantograph","Bottled Lightning","Cursed Key","MutagenicStrength","Anchor","Ice Cream"],"potions_floor_usage":[6,6,8,21,28,31,33],"damage_taken":[{"damage":5,"enemies":"Small Slimes","floor":1,"turns":3},{"damage":0,"enemies":"Cultist","floor":4,"turns":5},{"damage":0,"enemies":"Jaw Worm","floor":5,"turns":6},{"damage":4,"enemies":"Gremlin Nob","floor":6,"turns":3},{"damage":0,"enemies":"Large Slime","floor":7,"turns":5},{"damage":9,"enemies":"3 Sentries","floor":8,"turns":7},{"damage":9,"enemies":"Gremlin Nob","floor":13,"turns":4},{"damage":0,"enemies":"3 Louse","floor":14,"turns":2},{"damage":22,"enemies":"Slime Boss","floor":16,"turns":9},{"damage":32,"enemies":"Spheric Guardian","floor":18,"turns":6},{"damage":8,"enemies":"Shell Parasite","floor":21,"turns":4},{"damage":12,"enemies":"Centurion and Healer","floor":28,"turns":6},{"damage":0,"enemies":"Gremlin Leader","floor":31,"turns":5},{"damage":64,"enemies":"Collector","floor":33,"turns":6}],"seed_played":"3112841279238145017","potions_obtained":[{"floor":0.0,"key":"FearPotion"},{"floor":0.0,"key":"Swift Potion"},{"floor":0.0,"key":"Swift Potion"},{"floor":6,"key":"LiquidBronze"},{"floor":16,"key":"AttackPotion"},{"floor":18,"key":"AttackPotion"},{"floor":21,"key":"Regen Potion"}],"is_trial":false,"path_per_floor":["M","?","$","M","M","E","M","E","T","?","R","$","E","M","R","B",null,"M","?","$","M","?","R","?","$","T","R","M","R","?","E","R","B"],"character_chosen":"THE_SILENT","items_purchased":["Kunai","PiercingWail","Cloak And Dagger","Endless Agony","Caltrops","Dash","Calculated Gamble","Backstab","Accuracy","Cloak And Dagger"],"campfire_rested":0,"item_purchase_floors":[3,3,12,12,12,20,20,20,25,25],"current_hp_per_floor":[65,65,65,65,65,61,61,52,52,41,41,41,32,32,32,35,70,38,38,38,36,36,36,36,36,36,36,34,34,34,49,49,0],"gold":131,"neow_bonus":"THREE_SMALL_POTIONS","is_prod":false,"is_daily":false,"chose_seed":false,"campfire_upgraded":6,"win_rate":0,"timestamp":1542562267,"path_taken":["M","?","$","M","M","E","?","E","T","?","R","$","E","M","R","BOSS","M","?","$","M","?","R","?","?","T","R","?","R","?","E","R","BOSS"],"build_version":"2018-11-15","purchased_purges":1,"victory":false,"max_hp_per_floor":[70,70,70,70,70,70,70,70,70,70,70,70,70,70,70,70,70,70,49,49,49,49,49,49,49,49,49,49,49,49,49,49,49],"card_choices":[{"not_picked":["Finisher","Leg Sweep"],"picked":"Footwork","floor":1},{"not_picked":["Backflip","PiercingWail"],"picked":"Dagger Spray","floor":4},{"not_picked":["Acrobatics","Deflect"],"picked":"Dagger Spray","floor":5},{"not_picked":["Deflect","Bouncing Flask"],"picked":"Bullet Time","floor":6},{"not_picked":["Eviscerate","Underhanded Strike"],"picked":"Skewer","floor":7},{"not_picked":["Well Laid Plans","Reflex"],"picked":"Finisher","floor":8},{"not_picked":["Choke","Sucker Punch"],"picked":"Corpse Explosion","floor":13},{"not_picked":["Setup","Accuracy"],"picked":"PiercingWail","floor":14},{"not_picked":["Unload","Bullet Time"],"picked":"Die Die Die","floor":16},{"not_picked":["Poisoned Stab","Underhanded Strike"],"picked":"Endless Agony+1","floor":18},{"not_picked":["Noxious Fumes","Backflip"],"picked":"Infinite Blades+1","floor":21},{"not_picked":["Setup","Deflect"],"picked":"Terror","floor":28},{"not_picked":["Catalyst+1","Phantasmal Killer"],"picked":"Concentrate+1","floor":31}],"player_experience":921301,"relics_obtained":[{"floor":6,"key":"Whetstone"},{"floor":8,"key":"Sundial"},{"floor":9,"key":"Pantograph"},{"floor":13,"key":"Bottled Lightning"},{"floor":26,"key":"Anchor"},{"floor":31,"key":"Ice Cream"}],"event_choices":[{"damage_healed":0,"gold_gain":275,"player_choice":"Desecrate","damage_taken":0,"max_hp_gain":0,"max_hp_loss":0,"event_name":"Golden Shrine","floor":2,"gold_loss":0,"cards_obtained":["Regret"]},{"damage_healed":0,"gold_gain":75,"player_choice":"Gather Gold","damage_taken":11,"max_hp_gain":0,"max_hp_loss":0,"event_name":"World of Goop","floor":10,"gold_loss":0},{"damage_healed":0,"gold_gain":0,"player_choice":"Became a vampire","damage_taken":0,"max_hp_gain":0,"max_hp_loss":21,"event_name":"Vampires","floor":19,"gold_loss":0,"cards_obtained":["Bite","Bite","Bite","Bite","Bite"]},{"damage_healed":0,"gold_gain":99,"player_choice":"Stole From Cult","damage_taken":0,"max_hp_gain":0,"max_hp_loss":0,"event_name":"Nest","floor":22,"gold_loss":0},{"damage_healed":0,"gold_gain":0,"player_choice":"Inject Mutagens","damage_taken":0,"relics_obtained":["MutagenicStrength"],"max_hp_gain":0,"max_hp_loss":0,"event_name":"Drug Dealer","floor":24,"gold_loss":0},{"damage_healed":0,"gold_gain":0,"player_choice":"Upgraded","damage_taken":0,"max_hp_gain":0,"max_hp_loss":0,"event_name":"Upgrade Shrine","floor":30,"gold_loss":0,"cards_upgraded":["Cloak And Dagger"]}],"is_beta":true,"boss_relics":[{"not_picked":["Runic Dome","Coffee Dripper"],"picked":"Cursed Key"}],"items_purged_floors":[3],"is_endless":false,"potions_floor_spawned":[1,4,6,16,18,21],"killed_by":"Collector","ascension_level":1}