{"gold_per_floor":[111,111,127,127,193,193,220,220,220,254,254,298,263,284,284,405,405,429,445,445,544,544,558,558,558],"floor_reached":25,"playtime":840,"items_purged":[],"score":278,"play_id":"980a3a59-df82-426c-98b3-cd3689ea6594","local_time":"20190119215023","is_ascension_mode":true,"campfire_choices":[{"data":"Evolve","floor":6.0,"key":"SMITH"},{"data":"Anger","floor":8.0,"key":"SMITH"},{"data":"Twin Strike","floor":15.0,"key":"SMITH"},{"floor":24,"key":"REST"}],"neow_cost":"NONE","seed_source_timestamp":0,"circlet_count":0,"master_deck":["Strike_R","Strike_R","Strike_R","Strike_R","Strike_R","Defend_R","Defend_R","Defend_R","Defend_R","Bash","Clothesline","Evolve+1","Anger+1","Reaper","Corruption","Twin Strike+1","Juggernaut","Dual Wield","Metallicize","Armaments"],"special_seed":0,"relics":["Burning Blood","NeowsBlessing","Vajra","Pear","Bottled Tornado","Golden Idol","PreservedInsect","Cursed Key","Unceasing Top"],"potions_floor_usage":[25],"damage_taken":[{"damage":0.0,"enemies":"Small Slimes","floor":1.0,"turns":1.0},{"damage":0.0,"enemies":"Jaw Worm","floor":3.0,"turns":1.0},{"damage":0.0,"enemies":"Gremlin Nob","floor":7.0,"turns":1.0},{"damage":20.0,"enemies":"3 Sentries","floor":10.0,"turns":6.0},{"damage":31.0,"enemies":"Lagavulin","floor":12.0,"turns":6.0},{"damage":4.0,"enemies":"2 Louse","floor":14.0,"turns":2.0},{"damage":65.0,"enemies":"Hexaghost","floor":16.0,"turns":10.0},{"damage":29,"enemies":"Shell Parasite","floor":18,"turns":6},{"damage":25,"enemies":"3 Byrds","floor":19,"turns":8},{"damage":55,"enemies":"Snake Plant","floor":23,"turns":5},{"damage":48,"enemies":"Gremlin Leader","floor":25,"turns":4}],"seed_played":"1575949623736791914","potions_obtained":[{"floor":10.0,"key":"Weak Potion"},{"floor":14.0,"key":"SteroidPotion"},{"floor":16.0,"key":"GamblersBrew"}],"is_trial":false,"path_per_floor":["M","?","M","$","?","R","E","R","T","E","?","E","?","M","R","B",null,"M","M","?","?","?","M","R","E"],"character_chosen":"IRONCLAD","items_purchased":[],"campfire_rested":1,"item_purchase_floors":[],"current_hp_per_floor":[80,85,85,85,85,85,85,85,95,81,81,56,78,80,80,26,88,65,62,62,62,62,13,39,0],"gold":558,"neow_bonus":"THREE_ENEMY_KILL","is_prod":false,"is_daily":false,"chose_seed":false,"campfire_upgraded":3,"win_rate":0,"timestamp":1547952623,"path_taken":["M","?","M","$","?","R","E","R","T","E","?","E","?","M","R","BOSS","M","M","?","?","?","M","R","E"],"build_version":"2019-01-17","purchased_purges":0,"victory":false,"max_hp_per_floor":[80,85,85,85,85,85,85,85,95,95,88,88,88,88,88,88,88,88,88,88,88,88,88,88,88],"card_choices":[{"not_picked":["Perfected Strike","Anger"],"picked":"Clothesline","floor":1.0},{"not_picked":["Thunderclap","Armaments"],"picked":"Evolve","floor":3.0},{"not_picked":["Thunderclap","Armaments"],"picked":"Anger","floor":7.0},{"not_picked":["Pommel Strike","Whirlwind"],"picked":"Reaper","floor":10.0},{"not_picked":["Havoc","Hemokinesis"],"picked":"Corruption","floor":12.0},{"not_picked":["Rage","Carnage"],"picked":"Twin Strike","floor":14.0},{"not_picked":["Fiend Fire","Berserk"],"picked":"Juggernaut","floor":16.0},{"not_picked":["Fire Breathing","Sword Boomerang"],"picked":"Dual Wield","floor":18},{"not_picked":["Searing Blow","Corruption"],"picked":"Metallicize","floor":19},{"not_picked":["Twin Strike+1","Clash+1","Flex"],"picked":"SKIP","floor":23}],"player_experience":1281583,"relics_obtained":[{"floor":7.0,"key":"Vajra"},{"floor":9.0,"key":"Pear"},{"floor":10.0,"key":"Bottled Tornado"},{"floor":12.0,"key":"PreservedInsect"}],"event_choices":[{"damage_healed":0.0,"max_hp_gain":5.0,"max_hp_loss":0.0,"gold_gain":0.0,"event_name":"Big Fish","player_choice":"Donut","floor":2.0,"gold_loss":0.0,"damage_taken":0.0},{"damage_healed":0.0,"max_hp_gain":0.0,"max_hp_loss":0.0,"gold_gain":66.0,"event_name":"Golden Wing","player_choice":"Gained Gold","floor":5.0,"gold_loss":0.0,"damage_taken":0.0},{"damage_healed":0.0,"max_hp_gain":0.0,"max_hp_loss":7.0,"gold_gain":0.0,"event_name":"Golden Idol","player_choice":"Lose Max HP","floor":11.0,"gold_loss":0.0,"damage_taken":0.0,"relics_obtained":["Golden Idol"]},{"damage_healed":22.0,"max_hp_gain":0.0,"max_hp_loss":0.0,"gold_gain":0.0,"event_name":"The Cleric","player_choice":"Healed","floor":13.0,"gold_loss":35.0,"damage_taken":0.0},{"damage_healed":0,"gold_gain":0,"player_choice":"Opened","damage_taken":0,"relics_obtained":["Unceasing Top"],"max_hp_gain":0,"max_hp_loss":0,"event_name":"The Mausoleum","floor":20,"gold_loss":0},{"damage_healed":0,"gold_gain":99,"player_choice":"Stole From Cult","damage_taken":0,"max_hp_gain":0,"max_hp_loss":0,"event_name":"Nest","floor":21,"gold_loss":0},{"damage_healed":0,"gold_gain":0,"player_choice":"Read","damage_taken":0,"max_hp_gain":0,"max_hp_loss":0,"event_name":"The Library","floor":22,"gold_loss":0,"cards_obtained":["Armaments"]}],"is_beta":true,"boss_relics":[{"not_picked":["Empty Cage","Ectoplasm"],"picked":"Cursed Key"}],"items_purged_floors":[],"is_endless":false,"potions_floor_spawned":[10,14,16],"killed_by":"Gremlin Leader","ascension_level":3}