{"gold_per_floor":[19,35,35,35,50,50,82,47,47,47,47,47,77,8,8,103,103,113,9,22,22,33,33,132,143,169,169,79,94,94,119,119,220,220,235,246,246,25,42,42,42],"floor_reached":41,"playtime":2393,"items_purged":[],"score":732,"play_id":"23d7aa8d-e53d-46ac-9444-bf0996d8f23c","local_time":"20181216174255","is_ascension_mode":true,"campfire_choices":[{"data":"Flame Barrier","floor":6,"key":"SMITH"},{"floor":10,"key":"REST"},{"data":"Armaments","floor":12,"key":"SMITH"},{"data":"Strike_R","floor":15,"key":"PURGE"},{"data":"Strike_R","floor":23,"key":"PURGE"},{"floor":27,"key":"REST"},{"data":"Flame Barrier","floor":30,"key":"SMITH"},{"data":"Disarm","floor":32,"key":"SMITH"},{"floor":40,"key":"REST"}],"neow_cost":"NO_GOLD","seed_source_timestamp":105572496195902,"circlet_count":0,"master_deck":["AscendersBane","Strike_R+1","Defend_R","Bash","Disarm+1","Flame Barrier+1","Whirlwind+1","Armaments+1","Bludgeon","Flame Barrier+1","Barricade+1","True Grit","Shrug It Off","Clothesline+1","Headbutt","Reaper","Impervious+1","Offering+1","Rage+1","Power Through","Rage","Sentinel+1"],"relics":["Burning Blood","Calipers","Paper Frog","Darkstone Periapt","Whetstone","Peace Pipe","Turnip","Busted Crown","Pantograph","Astrolabe","Shuriken","Oddly Smooth Stone"],"potions_floor_usage":[7,33,36,39,41],"damage_taken":[{"damage":7,"enemies":"2 Louse","floor":1,"turns":3},{"damage":7,"enemies":"Cultist","floor":2,"turns":4},{"damage":0,"enemies":"Jaw Worm","floor":5,"turns":8},{"damage":52,"enemies":"3 Sentries","floor":7,"turns":11},{"damage":15,"enemies":"Lagavulin","floor":13,"turns":8},{"damage":28,"enemies":"The Guardian","floor":16,"turns":12},{"damage":0,"enemies":"Spheric Guardian","floor":18,"turns":6},{"damage":0,"enemies":"3 Byrds","floor":20,"turns":3},{"damage":17,"enemies":"Cultist and Chosen","floor":22,"turns":9},{"damage":34,"enemies":"Shelled Parasite and Fungi","floor":25,"turns":7},{"damage":9,"enemies":"Chosen and Byrds","floor":29,"turns":8},{"damage":0,"enemies":"Book of Stabbing","floor":31,"turns":8},{"damage":11,"enemies":"Champ","floor":33,"turns":31},{"damage":6,"enemies":"Orb Walker","floor":35,"turns":6},{"damage":6,"enemies":"3 Shapes","floor":36,"turns":6},{"damage":47,"enemies":"Sphere and 2 Shapes","floor":39,"turns":10},{"damage":99,"enemies":"Giant Head","floor":41,"turns":10}],"seed_played":"4142764888401125735","potions_obtained":[{"floor":1,"key":"Block Potion"},{"floor":2,"key":"FearPotion"},{"floor":20,"key":"Dexterity Potion"},{"floor":33,"key":"AttackPotion"},{"floor":36,"key":"Poison Potion"}],"is_trial":false,"path_per_floor":["M","M","?","?","M","R","E","?","T","R","T","R","E","$","R","B",null,"M","$","M","?","M","R","?","M","T","R","?","M","R","E","R","B",null,"M","M","T","$","M","R","E"],"character_chosen":"IRONCLAD","items_purchased":["Flame Barrier","Shrug It Off","Clothesline","Oddly Smooth Stone","Rage"],"campfire_rested":3,"item_purchase_floors":[14,19,19,38,38],"current_hp_per_floor":[71,70,63,63,69,69,23,43,43,67,67,67,58,58,58,36,69,75,75,80,80,69,69,69,41,41,65,65,62,62,68,68,75,79,80,80,80,80,48,72,0],"gold":42,"neow_bonus":"ONE_RARE_RELIC","is_prod":false,"is_daily":false,"chose_seed":false,"campfire_upgraded":4,"win_rate":0,"timestamp":1545000175,"path_taken":["M","M","?","?","?","R","E","?","T","R","?","R","E","?","R","BOSS","M","?","M","?","?","R","?","M","T","R","?","?","R","E","R","BOSS","M","?","?","$","?","R","E"],"build_version":"2018-12-13","purchased_purges":0,"victory":false,"max_hp_per_floor":[80,80,80,80,80,80,80,80,80,80,80,80,80,80,80,80,80,80,80,80,80,80,80,80,80,80,80,80,80,80,80,80,80,80,80,80,80,80,80,80,80],"card_choices":[{"not_picked":["Reckless Charge","Shockwave"],"picked":"Disarm","floor":1},{"not_picked":["Pommel Strike","Rupture"],"picked":"Flame Barrier","floor":2},{"not_picked":["True Grit","Havoc"],"picked":"Whirlwind","floor":5},{"not_picked":["Twin Strike","Dark Embrace"],"picked":"Armaments","floor":7},{"not_picked":["Brutality","Anger"],"picked":"Bludgeon","floor":13},{"not_picked":["Juggernaut","Dark Embrace"],"picked":"Barricade","floor":16},{"not_picked":[],"picked":"True Grit","floor":18},{"not_picked":["Burning Pact"],"picked":"SKIP","floor":20},{"not_picked":["Clothesline"],"picked":"SKIP","floor":22},{"not_picked":["Fire Breathing"],"picked":"SKIP","floor":25},{"not_picked":[],"picked":"Headbutt","floor":29},{"not_picked":["Flex"],"picked":"SKIP","floor":31},{"not_picked":[],"picked":"Reaper","floor":33},{"not_picked":["Sever Soul"],"picked":"SKIP","floor":35},{"not_picked":[],"picked":"Power Through","floor":36},{"not_picked":[],"picked":"Sentinel+1","floor":39}],"player_experience":990888,"relics_obtained":[{"floor":7,"key":"Darkstone Periapt"},{"floor":9,"key":"Whetstone"},{"floor":11,"key":"Peace Pipe"},{"floor":13,"key":"Turnip"},{"floor":31,"key":"Pantograph"},{"floor":37,"key":"Shuriken"}],"event_choices":[{"damage_healed":0,"gold_gain":0,"player_choice":"Success","damage_taken":7,"relics_obtained":["Paper Frog"],"max_hp_gain":0,"max_hp_loss":0,"event_name":"Scrap Ooze","floor":3,"gold_loss":0},{"cards_removed":["Strike_R"],"damage_healed":0,"gold_gain":0,"player_choice":"Offered Basic","damage_taken":0,"max_hp_gain":0,"max_hp_loss":0,"event_name":"Bonfire Elementals","floor":4,"gold_loss":0},{"damage_healed":20,"gold_gain":0,"player_choice":"Healed","damage_taken":0,"max_hp_gain":0,"max_hp_loss":0,"event_name":"The Cleric","floor":8,"gold_loss":35},{"damage_healed":0,"gold_gain":0,"player_choice":"Upgraded","damage_taken":0,"max_hp_gain":0,"max_hp_loss":0,"event_name":"Upgrade Shrine","floor":21,"gold_loss":0,"cards_upgraded":["Barricade"]},{"damage_healed":0,"gold_gain":99,"player_choice":"Stole From Cult","damage_taken":0,"max_hp_gain":0,"max_hp_loss":0,"event_name":"Nest","floor":24,"gold_loss":0},{"cards_removed":["Defend_R"],"damage_healed":0,"gold_gain":0,"player_choice":"Upgrade and Remove","damage_taken":0,"max_hp_gain":0,"max_hp_loss":0,"event_name":"Designer","floor":28,"gold_loss":90,"cards_upgraded":["Clothesline"]}],"is_beta":true,"boss_relics":[{"not_picked":["White Beast Statue","Black Star"],"picked":"Busted Crown"},{"not_picked":["Pandora\u0027s Box","Orrery"],"picked":"Astrolabe"}],"items_purged_floors":[],"is_endless":false,"potions_floor_spawned":[1,2,20,25,29,33,36],"killed_by":"Giant Head","ascension_level":12}