{"gold_per_floor":[212,212,232,7,82,82,107,107,107,118,118,118,148,164,164,259,259,270,270,68,79,7,7,34,50,50,61,61,61,9,25,25,126,126,137,137,63,63,63,63,95,106,106,122,122,50,50,62,62,62],"floor_reached":50,"playtime":2897,"items_purged":[],"score":794,"play_id":"4f7b4c59-8853-4b33-845a-f0718b5f2329","local_time":"20181218215028","is_ascension_mode":true,"campfire_choices":[{"floor":6,"key":"REST"},{"floor":8,"key":"REST"},{"floor":12,"key":"REST"},{"floor":15,"key":"REST"},{"floor":23,"key":"REST"},{"floor":28,"key":"REST"},{"floor":32,"key":"REST"},{"floor":40,"key":"RECALL"},{"data":"Capacitor","floor":47,"key":"SMITH"},{"floor":49,"key":"REST"}],"neow_cost":"NONE","seed_source_timestamp":292742510143377,"circlet_count":0,"master_deck":["AscendersBane","Defend_B","Defend_B","Defend_B","Defend_B","Zap","Dualcast","Conserve Battery","Loop","Glacier","Go for the Eyes+1","Static Discharge","Blizzard+1","Echo Form","Core Surge+1","Amplify+1","Steam+1","Undo+1","Blizzard+1","Loop","Chrysalis","Stack+1","Defragment+1","Hyperbeam+1","Consume","Capacitor+1","Coolheaded","Glacier","Biased Cognition","Hologram","Defragment","Panacea","Defragment","Ball Lightning+1","Reinforced Body+1"],"relics":["Cracked Core","Blood Vial","Kunai","Molten Egg 2","Omamori","Astrolabe","Art of War","Bottled Flame","Velvet Choker","Juzu Bracelet"],"potions_floor_usage":[13,16,25,31],"damage_taken":[{"damage":2,"enemies":"Jaw Worm","floor":1,"turns":3},{"damage":9,"enemies":"2 Louse","floor":3,"turns":2},{"damage":56,"enemies":"3 Sentries","floor":7,"turns":10},{"damage":14,"enemies":"Small Slimes","floor":10,"turns":4},{"damage":22,"enemies":"Gremlin Nob","floor":13,"turns":5},{"damage":2,"enemies":"Blue Slaver","floor":14,"turns":4},{"damage":18,"enemies":"Slime Boss","floor":16,"turns":10},{"damage":6,"enemies":"Shell Parasite","floor":18,"turns":9},{"damage":29,"enemies":"Chosen","floor":21,"turns":9},{"damage":34,"enemies":"Book of Stabbing","floor":24,"turns":7},{"damage":8,"enemies":"Shelled Parasite and Fungi","floor":25,"turns":7},{"damage":32,"enemies":"Snake Plant","floor":27,"turns":4},{"damage":7,"enemies":"Chosen and Byrds","floor":31,"turns":7},{"damage":27,"enemies":"Automaton","floor":33,"turns":14},{"damage":8,"enemies":"Orb Walker","floor":35,"turns":6},{"damage":1,"enemies":"Giant Head","floor":41,"turns":14},{"damage":23,"enemies":"3 Darklings","floor":42,"turns":8},{"damage":8,"enemies":"Writhing Mass","floor":44,"turns":10},{"damage":45,"enemies":"Sphere and 2 Shapes","floor":48,"turns":8},{"damage":58,"enemies":"Time Eater","floor":50,"turns":11}],"seed_played":"3641707696624384114","potions_obtained":[{"floor":7,"key":"Swift Potion"},{"floor":10,"key":"Dexterity Potion"},{"floor":16,"key":"Energy Potion"},{"floor":24,"key":"Regen Potion"},{"floor":27,"key":"Energy Potion"},{"floor":31,"key":"Strength Potion"}],"is_trial":false,"path_per_floor":["M","?","M","$","?","R","E","R","T","M","?","R","E","M","R","B",null,"M","?","$","M","$","R","E","M","T","M","R","?","$","M","R","B",null,"M","?","$","$","?","R","E","M","T","M","?","$","R","M","R","B"],"character_chosen":"DEFECT","items_purchased":["Blood Vial","Loop","Loop","Chrysalis","Defragment","Coolheaded","Defragment","LiquidBronze"],"campfire_rested":8,"item_purchase_floors":[4,4,20,20,22,30,37,46],"current_hp_per_floor":[66,59,50,50,39,61,7,29,29,17,17,39,19,19,41,25,63,59,59,59,32,32,54,22,31,31,1,23,23,23,18,40,15,60,54,54,54,54,54,54,55,34,34,28,75,75,75,30,52,0],"gold":62,"neow_bonus":"HUNDRED_GOLD","is_prod":false,"is_daily":false,"chose_seed":false,"campfire_upgraded":1,"win_rate":0,"timestamp":1545187828,"path_taken":["M","?","M","$","?","R","E","R","T","M","?","R","E","?","R","BOSS","M","?","$","?","?","R","E","?","T","M","R","?","$","M","R","BOSS","M","?","?","$","?","R","E","M","T","M","?","$","R","M","R","BOSS"],"build_version":"2018-12-17","purchased_purges":0,"victory":false,"max_hp_per_floor":[75,75,75,75,75,75,75,75,75,75,75,75,75,75,75,75,75,75,75,75,75,75,75,75,75,75,75,75,75,75,75,75,75,75,75,75,75,75,75,75,75,75,75,75,75,75,75,75,75,75],"card_choices":[{"not_picked":["Gash","Hello World"],"picked":"Sweeping Beam","floor":1},{"not_picked":["Lockon","Beam Cell"],"picked":"Conserve Battery","floor":3},{"not_picked":["Barrage","Compile Driver"],"picked":"Glacier","floor":7},{"not_picked":["Gash+1","Coolheaded"],"picked":"Go for the Eyes+1","floor":10},{"not_picked":["Turbo","Sweeping Beam+1"],"picked":"Static Discharge","floor":13},{"not_picked":["Beam Cell+1","Amplify"],"picked":"Blizzard+1","floor":14},{"not_picked":["Seek","Creative AI"],"picked":"Echo Form","floor":16},{"not_picked":["Go for the Eyes+1","Redo"],"picked":"Undo+1","floor":18},{"not_picked":["Leap+1","Rebound+1"],"picked":"Stack+1","floor":21},{"not_picked":["Conserve Battery+1","Darkness+1"],"picked":"Hyperbeam+1","floor":24},{"not_picked":["Redo","Coolheaded"],"picked":"Consume","floor":25},{"not_picked":["Gash+1","Leap"],"picked":"Capacitor","floor":27},{"not_picked":["Beam Cell+1","Sunder+1"],"picked":"Glacier","floor":31},{"not_picked":["Multi-Cast","Core Surge+1"],"picked":"Biased Cognition","floor":33},{"not_picked":["White Noise+1","Rebound+1"],"picked":"Hologram","floor":35},{"not_picked":["Purity","Flash of Steel+1"],"picked":"Panacea","floor":39},{"not_picked":["Melter+1","Beam Cell+1","Rebound+1"],"picked":"SKIP","floor":41},{"not_picked":["Rip and Tear+1","Leap"],"picked":"Defragment","floor":42},{"not_picked":["Stack","Streamline+1"],"picked":"Ball Lightning+1","floor":44},{"not_picked":["Force Field+1","Turbo"],"picked":"Reinforced Body+1","floor":48}],"player_experience":1007964,"relics_obtained":[{"floor":7,"key":"Kunai"},{"floor":9,"key":"Molten Egg 2"},{"floor":13,"key":"Omamori"},{"floor":24,"key":"Art of War"},{"floor":26,"key":"Bottled Flame"},{"floor":41,"key":"Juzu Bracelet"}],"event_choices":[{"cards_removed":["Strike_B"],"damage_healed":0,"gold_gain":0,"player_choice":"Card Removal","damage_taken":7,"max_hp_gain":0,"max_hp_loss":0,"event_name":"Golden Wing","floor":2,"gold_loss":0},{"damage_healed":0,"gold_gain":75,"player_choice":"Gather Gold","damage_taken":11,"max_hp_gain":0,"max_hp_loss":0,"event_name":"World of Goop","floor":5,"gold_loss":0},{"damage_healed":0,"gold_gain":0,"player_choice":"Ignored","damage_taken":0,"max_hp_gain":0,"max_hp_loss":0,"event_name":"Liars Game","floor":11,"gold_loss":0},{"damage_healed":0,"gold_gain":0,"player_choice":"Copied","damage_taken":0,"max_hp_gain":0,"max_hp_loss":0,"event_name":"Duplicator","floor":19,"gold_loss":0,"cards_obtained":["Blizzard"]},{"damage_healed":0,"gold_gain":0,"player_choice":"Forge","damage_taken":0,"max_hp_gain":0,"max_hp_loss":0,"event_name":"Accursed Blacksmith","floor":29,"gold_loss":0,"cards_upgraded":["Defragment"]},{"cards_removed":["Sweeping Beam"],"damage_healed":0,"gold_gain":0,"player_choice":"Removed Attack","damage_taken":0,"max_hp_gain":0,"max_hp_loss":0,"event_name":"Falling","floor":36,"gold_loss":0},{"damage_healed":0,"gold_gain":0,"player_choice":"Memory 1","damage_taken":0,"max_hp_gain":0,"max_hp_loss":0,"event_name":"SensoryStone","floor":39,"gold_loss":0},{"damage_healed":47,"gold_gain":0,"player_choice":"Heal","damage_taken":0,"max_hp_gain":0,"max_hp_loss":0,"event_name":"MindBloom","floor":45,"gold_loss":0,"cards_obtained":["Doubt"]}],"is_beta":true,"boss_relics":[{"not_picked":["Eternal Feather","Fusion Hammer"],"picked":"Astrolabe"},{"not_picked":["White Beast Statue","Runic Dome"],"picked":"Velvet Choker"}],"items_purged_floors":[],"is_endless":false,"potions_floor_spawned":[7,10,16,24,27,31,35],"killed_by":"Time Eater","ascension_level":11}