{"path_per_floor":["M","$","M","?","?","E","R","E","T","E","R","M","E","M","R","B",null,"M","?","$","$","?","R","M","E","T"],"character_chosen":"IRONCLAD","items_purchased":["Metallicize","Havoc","Lantern"],"gold_per_floor":[116,2,13,13,13,44,44,73,73,105,105,117,147,163,163,264,264,277,277,74,74,74,74,85,116,168],"floor_reached":27,"campfire_rested":1,"playtime":2325,"current_hp_per_floor":[80,80,80,64,64,70,70,60,60,49,73,79,76,77,77,21,80,68,53,53,53,53,53,48,39,39],"items_purged":["Strike_R"],"gold":168,"score":310,"play_id":"9cf376c5-dcbd-48f3-b63b-aa6077787e14","is_prod":false,"is_daily":false,"is_ascension_mode":true,"campfire_upgraded":3,"path_taken":["M","$","M","?","?","E","R","E","T","E","R","M","E","M","R","BOSS","M","?","?","$","?","R","M","E","T","?"],"build_version":"2018-02-22-PROD2","purchased_purges":1,"victory":false,"master_deck":["Strike_R","Strike_R+1","Strike_R+1","Strike_R","Defend_R","Defend_R","Defend_R","Bash","Metallicize+1","Flex","Fire Breathing+1","Headbutt","Power Through+1","Warcry","Dark Embrace","Demon Form","Armaments","Havoc","True Grit"],"max_hp_per_floor":[80,80,80,80,80,80,80,80,80,80,80,80,80,80,80,80,80,80,85,85,85,85,85,85,85,85],"relics":["Burning Blood","NeowsBlessing","Champion Belt","Omamori","Calipers","Oddly Smooth Stone","Dead Branch","Cursed Key","Lantern","Orichalcum","Bag of Marbles"],"card_choices":[{"not_picked":["Armaments","Entrench"],"picked":"Flex"},{"not_picked":["Anger","Shockwave"],"picked":"Fire Breathing"},{"not_picked":["Havoc","Flex"],"picked":"Headbutt"},{"not_picked":["Sword Boomerang","Reckless Charge"],"picked":"Power Through"},{"not_picked":["Blood for Blood","Twin Strike"],"picked":"Warcry"},{"not_picked":["Sever Soul","Sword Boomerang"],"picked":"Dark Embrace"},{"not_picked":["Impervious","Limit Break"],"picked":"Demon Form"},{"not_picked":["Clothesline","Hemokinesis"],"picked":"Armaments"},{"not_picked":["Ghostly Armor","Headbutt"],"picked":"True Grit"}],"player_experience":282501,"potions_floor_usage":[10,13,24,25,25,27],"damage_taken":[{"damage":0,"enemies":"Small Slimes","floor":1,"turns":1},{"damage":0,"enemies":"Jaw Worm","floor":3,"turns":1},{"damage":0,"enemies":"3 Sentries","floor":6,"turns":2},{"damage":16,"enemies":"Gremlin Nob","floor":8,"turns":4},{"damage":29,"enemies":"Lagavulin","floor":10,"turns":7},{"damage":0,"enemies":"Cultist","floor":12,"turns":4},{"damage":9,"enemies":"Gremlin Nob","floor":13,"turns":4},{"damage":5,"enemies":"Looter","floor":14,"turns":3},{"damage":62,"enemies":"The Guardian","floor":16,"turns":18},{"damage":18,"enemies":"Chosen","floor":18,"turns":5},{"damage":11,"enemies":"2 Thieves","floor":24,"turns":5},{"damage":15,"enemies":"Book of Stabbing","floor":25,"turns":6},{"damage":41,"enemies":"Chosen and Byrds","floor":27,"turns":7}],"event_choices":[{"event_name":"Shining Light","player_choice":"Entered Light","floor":4,"damage_taken":0},{"event_name":"Living Wall","player_choice":"Forget","floor":5,"damage_taken":0},{"event_name":"Forgotten Altar","player_choice":"Shed Blood","floor":19,"damage_taken":0},{"event_name":"Drug Dealer","player_choice":"Ignored","floor":22,"damage_taken":0}],"boss_relics":[{"not_picked":["Runic Dome","Snecko Eye"],"picked":"Cursed Key"}],"potions_floor_spawned":[3,6,10,12,16,24],"seed_played":"-6260553516352760930","killed_by":"Chosen and Byrds","ascension_level":2,"is_trial":false}