{"path_per_floor":["M","?","?","?","$","R","E","R","T","M","M","M","T","M","R","B",null,"M","?","?","M","M","R","E","M","T","$","R","M","?","M","R","B",null,"M","M","M","$","?"],"character_chosen":"THE_SILENT","items_purchased":["Noxious Fumes","Malaise","Flying Knee","Incense Burner","Vajra","Dodge and Roll"],"gold_per_floor":[209,209,209,209,8,8,38,38,38,55,66,82,105,123,123,225,225,245,245,245,265,281,281,308,321,321,10,10,30,30,48,48,153,153,172,185,195,3,3,3],"floor_reached":40,"campfire_rested":3,"playtime":1776,"item_purchase_floors":[5,5,5,27,38,38],"current_hp_per_floor":[65,65,65,65,65,65,51,51,51,49,49,46,46,46,46,30,70,67,67,54,52,34,56,16,14,14,14,36,37,37,33,55,6,75,69,63,27,27,27,0],"items_purged":[],"gold":3,"score":408,"play_id":"32d65cf2-26d6-40b0-9ff3-13a92dfddee9","local_time":"20180616220359","is_prod":false,"is_daily":false,"chose_seed":false,"is_ascension_mode":false,"campfire_upgraded":3,"win_rate":0,"timestamp":1529201039,"campfire_choices":[{"data":"Skewer","floor":6,"key":"SMITH"},{"data":"Malaise","floor":8,"key":"SMITH"},{"data":"Noxious Fumes","floor":15,"key":"SMITH"},{"floor":23,"key":"REST"},{"floor":28,"key":"REST"},{"floor":32,"key":"REST"}],"path_taken":["M","?","?","?","$","R","E","R","T","M","M","?","?","M","R","BOSS","M","?","?","M","?","R","E","M","T","$","R","M","?","?","R","BOSS","M","M","M","$","?","E"],"build_version":"2018-06-14v2","seed_source_timestamp":175617697126416,"purchased_purges":0,"victory":false,"master_deck":["Defend_G","Defend_G","Defend_G","Defend_G","Strike_G","Strike_G","Strike_G","Survivor","Neutralize+1","Skewer+1","Noxious Fumes","Malaise+1","Flying Knee","Dagger Throw","Bouncing Flask","PiercingWail","Deflect","Noxious Fumes+1","Glass Knife","Blur","Dodge and Roll+1","Backflip","Calculated Gamble+1","Wraith Form v2","Bane","Slice","Night Terror","Dodge and Roll+1","Quick Slash+1","Acrobatics","Dodge and Roll"],"max_hp_per_floor":[70,70,70,70,70,70,70,70,70,70,70,70,70,70,70,70,70,70,70,75,75,75,75,75,75,75,75,75,75,75,75,75,75,75,75,75,75,75,75,75],"relics":["Ring of the Snake","Centennial Puzzle","Mummified Hand","Anchor","Lizard Tail","Happy Flower","Bird Faced Urn","Incense Burner","Empty Cage","Vajra"],"card_choices":[{"not_picked":["Dodge and Roll","Riddle With Holes"],"picked":"Skewer","floor":1},{"not_picked":["Crippling Poison","Malaise"],"picked":"Dagger Throw","floor":7},{"not_picked":["Cloak And Dagger","Deflect"],"picked":"Bouncing Flask","floor":10},{"not_picked":["Outmaneuver","Riddle With Holes"],"picked":"PiercingWail","floor":11},{"not_picked":["Eviscerate","Bouncing Flask"],"picked":"Deflect","floor":12},{"not_picked":["Outmaneuver","PiercingWail"],"picked":"Noxious Fumes","floor":14},{"not_picked":["Bullet Time","Envenom"],"picked":"Glass Knife","floor":16},{"not_picked":["Dodge and Roll","Dagger Throw"],"picked":"Blur","floor":18},{"not_picked":["Cloak And Dagger","Acrobatics+1"],"picked":"Dodge and Roll+1","floor":21},{"not_picked":["Finisher","Deadly Poison"],"picked":"Backflip","floor":22},{"not_picked":["Flying Knee","Eviscerate"],"picked":"Calculated Gamble+1","floor":24},{"not_picked":["Outmaneuver","Quick Slash"],"picked":"Wraith Form v2","floor":25},{"not_picked":["Quick Slash","Concentrate"],"picked":"Bane","floor":29},{"not_picked":["Reflex","Poisoned Stab"],"picked":"Slice","floor":31},{"not_picked":["Envenom","Burst"],"picked":"Night Terror","floor":33},{"not_picked":["Calculated Gamble","Cloak And Dagger"],"picked":"Dodge and Roll+1","floor":35},{"not_picked":["Dodge and Roll","Slice+1"],"picked":"Quick Slash+1","floor":36},{"not_picked":["Sucker Punch","Bane+1"],"picked":"Acrobatics","floor":37}],"player_experience":441790,"potions_floor_usage":[16,21,22,24,24,31,33,36,40],"damage_taken":[{"damage":5,"enemies":"Small Slimes","floor":1,"turns":4},{"damage":14,"enemies":"Gremlin Nob","floor":7,"turns":4},{"damage":2,"enemies":"2 Louse","floor":10,"turns":3},{"damage":0,"enemies":"Cultist","floor":11,"turns":3},{"damage":3,"enemies":"Exordium Wildlife","floor":12,"turns":4},{"damage":0,"enemies":"2 Fungi Beasts","floor":14,"turns":3},{"damage":16,"enemies":"Slime Boss","floor":16,"turns":8},{"damage":3,"enemies":"Chosen","floor":18,"turns":6},{"damage":2,"enemies":"Shell Parasite","floor":21,"turns":5},{"damage":18,"enemies":"Snake Plant","floor":22,"turns":4},{"damage":40,"enemies":"Gremlin Leader","floor":24,"turns":8},{"damage":2,"enemies":"Centurion and Healer","floor":25,"turns":6},{"damage":45,"enemies":"Cultist and Chosen","floor":29,"turns":8},{"damage":6,"enemies":"Snake Plant","floor":31,"turns":4},{"damage":53,"enemies":"Automaton","floor":33,"turns":11},{"damage":7,"enemies":"Orb Walker","floor":35,"turns":5},{"damage":10,"enemies":"3 Darklings","floor":36,"turns":5},{"damage":40,"enemies":"Transient","floor":37,"turns":5},{"damage":29,"enemies":"Nemesis","floor":40,"turns":5}],"relics_obtained":[{"floor":7,"key":"Centennial Puzzle"},{"floor":9,"key":"Mummified Hand"},{"floor":13,"key":"Anchor"},{"floor":24,"key":"Happy Flower"},{"floor":26,"key":"Bird Faced Urn"}],"event_choices":[{"event_name":"Liars Game","player_choice":"disagreed","floor":2,"damage_taken":0},{"event_name":"Accursed Blacksmith","player_choice":"Forge","floor":3,"damage_taken":0},{"event_name":"Purifier","player_choice":"One Purge","floor":4,"damage_taken":0},{"event_name":"Drug Dealer","player_choice":"Ignored","floor":19,"damage_taken":0},{"event_name":"Forgotten Altar","player_choice":"Shed Blood","floor":20,"damage_taken":0},{"event_name":"Addict","player_choice":"Ignored","floor":30,"damage_taken":0},{"event_name":"The Lab","player_choice":"Got Potions","floor":39,"damage_taken":0}],"boss_relics":[{"not_picked":["Fusion Hammer","Sozu"],"picked":"Lizard Tail"},{"not_picked":["Coffee Dripper","Calling Bell"],"picked":"Empty Cage"}],"items_purged_floors":[],"is_endless":true,"potions_floor_spawned":[7,12,14,16,21,24,31,33,37],"seed_played":"-8113371306386776468","killed_by":"Nemesis","ascension_level":0,"potions_obtained":[{"floor":7,"key":"LiquidBronze"},{"floor":12,"key":"SteroidPotion"},{"floor":14,"key":"Fire Potion"},{"floor":16,"key":"SpeedPotion"},{"floor":21,"key":"SkillPotion"},{"floor":24,"key":"SteroidPotion"},{"floor":31,"key":"SkillPotion"},{"floor":33,"key":"Fire Potion"},{"floor":37,"key":"Poison Potion"},{"floor":39,"key":"Dexterity Potion"},{"floor":39,"key":"SteroidPotion"}],"is_trial":false}