{"path_per_floor":["M","$","?","?","?","R","?","R","T","E","?","E","M","M","R","B",null,"M","?","$","?","$","R","?"],"character_chosen":"THE_SILENT","items_purchased":["Glass Knife","Juzu Bracelet","Lantern","Blade Dance","Flash of Steel"],"gold_per_floor":[369,78,78,78,78,78,78,78,78,121,121,159,175,188,188,317,317,342,342,157,157,69,69,69,69],"floor_reached":25,"campfire_rested":1,"playtime":751,"current_hp_per_floor":[63,63,63,63,63,63,63,63,63,55,42,27,27,27,60,60,63,50,50,50,50,50,50,50,0],"items_purged":[],"gold":69,"score":266,"play_id":"fd81c1c4-a6a1-486f-8ec9-00a09fbc7192","local_time":"20180331215658","is_prod":false,"is_daily":false,"is_ascension_mode":true,"campfire_upgraded":3,"timestamp":1522547818,"path_taken":["M","$","?","?","?","R","?","R","T","E","?","E","M","M","R","BOSS","M","?","$","?","$","R","?","E"],"build_version":"2018-03-29","purchased_purges":0,"victory":false,"master_deck":["Defend_G","Defend_G","Defend_G","Defend_G","Defend_G","Strike_G","Strike_G","Strike_G","Strike_G","Strike_G+1","Survivor+1","Neutralize+1","Endless Agony","Glass Knife+1","A Thousand Cuts+1","Eviscerate","Injury","Injury","Slice","Adrenaline+1","Malaise","Dagger Spray","Leg Sweep","Bullet Time","Calculated Gamble+1","Blade Dance","Flash of Steel"],"max_hp_per_floor":[63,63,63,63,63,63,63,63,63,63,63,63,63,63,63,63,63,63,63,63,63,63,63,63,63],"relics":["Ring of the Snake","Juzu Bracelet","Matryoshka","Golden Idol","Regal Pillow","Thread and Needle","Bag of Marbles","Dream Catcher","Runic Pyramid","Lantern"],"card_choices":[{"not_picked":["Setup","PiercingWail"],"picked":"Endless Agony","floor":1},{"not_picked":["Calculated Gamble","Prepared"],"picked":"Slice","floor":10},{"not_picked":["Dodge and Roll","Leg Sweep"],"picked":"Adrenaline","floor":12},{"not_picked":["Flying Knee","Deflect"],"picked":"Malaise","floor":13},{"not_picked":["Slice","Expertise"],"picked":"Dagger Spray","floor":14},{"not_picked":["Terror","Caltrops"],"picked":"Leg Sweep","floor":15},{"not_picked":["Grand Finale","Venomology"],"picked":"Bullet Time","floor":16},{"not_picked":["Flying Knee","Quick Slash"],"picked":"Calculated Gamble","floor":18}],"player_experience":48846,"potions_floor_usage":[16,16,16,25],"damage_taken":[{"damage":0,"enemies":"Jaw Worm","floor":1,"turns":6},{"damage":8,"enemies":"Lagavulin","floor":10,"turns":6},{"damage":15,"enemies":"Gremlin Nob","floor":12,"turns":4},{"damage":0,"enemies":"Cultist","floor":13,"turns":2},{"damage":0,"enemies":"2 Louse","floor":14,"turns":1},{"damage":0,"enemies":"Slime Boss","floor":16,"turns":7},{"damage":13,"enemies":"Shell Parasite","floor":18,"turns":5},{"damage":51,"enemies":"Slavers","floor":25,"turns":4}],"event_choices":[{"event_name":"Match and Keep!","player_choice":"2 cards matched","floor":3,"damage_taken":0},{"event_name":"Wheel of Change","player_choice":"Relic","floor":4,"damage_taken":0},{"event_name":"Golden Idol","player_choice":"Take Wound","floor":5,"damage_taken":0},{"event_name":"Accursed Blacksmith","player_choice":"Forge","floor":7,"damage_taken":0},{"event_name":"Shining Light","player_choice":"Entered Light","floor":11,"damage_taken":0},{"event_name":"N\u0027loth","player_choice":"Ignored","floor":19,"damage_taken":0},{"event_name":"Match and Keep!","player_choice":"0 cards matched","floor":21,"damage_taken":0},{"event_name":"Drug Dealer","player_choice":"Ignored","floor":24,"damage_taken":0}],"boss_relics":[{"not_picked":["The Specimen","Ectoplasm"],"picked":"Runic Pyramid"}],"potions_floor_spawned":[1,12,14,16],"seed_played":"3168179808298118286","killed_by":"Slavers","ascension_level":1,"is_trial":false}