{"path_per_floor":["M","?","?","?","M","E","R","M","T","$","M","M","$","E","R","B",null,"M","?","?","M","$","E","$","R","T","?","M","?","M","M","R","B",null,"M","?","M","M","M","R","$","M","T","R","M","R","E","M","R"],"character_chosen":"IRONCLAD","items_purchased":["Feel No Pain","Hemokinesis","Headbutt","Havoc","Intimidate","Shrug It Off"],"gold_per_floor":[114,114,114,189,207,241,241,264,311,126,150,173,0,33,33,161,161,161,161,61,80,80,120,43,43,67,67,81,81,99,123,123,249,249,267,0,21,34,58,58,13,32,32,32,57,57,101,124,124],"floor_reached":50,"campfire_rested":6,"playtime":3515,"current_hp_per_floor":[80,80,80,69,75,80,80,80,87,87,82,84,84,63,89,43,89,85,85,85,82,82,44,44,70,70,70,56,56,48,21,48,18,91,91,91,82,64,47,74,74,64,64,91,81,81,95,75,95],"items_purged":["Injury","Strike_R"],"gold":124,"score":605,"play_id":"eb47b9d0-6aea-4957-9f55-50327921bf59","local_time":"20180310015812","is_prod":false,"is_daily":false,"is_ascension_mode":false,"campfire_upgraded":2,"timestamp":1520665092,"path_taken":["M","?","?","?","M","E","R","M","T","$","M","M","$","E","R","BOSS","M","?","?","M","$","E","?","R","T","?","?","?","M","M","R","BOSS","M","?","?","M","?","R","?","M","T","R","?","R","E","M","R","BOSS"],"build_version":"2018-03-09","purchased_purges":3,"victory":false,"master_deck":["Strike_R+1","Strike_R+1","Strike_R+1","Strike_R+1","Defend_R+1","Defend_R+1","Defend_R+1","Defend_R+1","Bash","Twin Strike","Dark Embrace","Corruption+1","Offering+1","Clash","Feel No Pain","Hemokinesis","Whirlwind","Clash","Headbutt","Havoc","Barricade","Thunderclap","J.A.X.","True Grit+1","Disarm","Intimidate","Bloodletting","Entrench","Impervious","Flex+1","Bloodletting+1","Clash+1","Shrug It Off","Armaments","Clash","Clash"],"max_hp_per_floor":[80,80,80,80,80,80,80,80,87,87,87,87,87,89,89,89,89,89,89,89,89,89,89,89,89,89,89,91,91,91,91,91,91,91,91,91,91,91,93,93,93,93,93,93,95,95,95,95,95],"relics":["Black Blood","NeowsBlessing","Golden Idol","Letter Opener","Strawberry","Singing Bowl","Mark of Pain","Unceasing Top","Happy Flower","Red Mask","Dead Branch","Red Skull"],"card_choices":[{"not_picked":["Iron Wave","Warcry"],"picked":"Twin Strike"},{"not_picked":["Headbutt","Evolve"],"picked":"Offering"},{"not_picked":["Heavy Blade","Infernal Blade"],"picked":"Clash"},{"not_picked":["Flex","Combust"],"picked":"Whirlwind"},{"not_picked":["Corruption","Clothesline"],"picked":"Clash"},{"not_picked":["Demon Form","Juggernaut"],"picked":"Barricade"},{"not_picked":["Wild Strike","Iron Wave"],"picked":"Thunderclap"},{"not_picked":["Iron Wave","Cleave"],"picked":"True Grit"},{"not_picked":["Clothesline","Burning Pact"],"picked":"Disarm"},{"not_picked":["Rage","Headbutt"],"picked":"Bloodletting"},{"not_picked":["Heavy Blade","Cleave"],"picked":"Entrench"},{"not_picked":["Feed","Brutality"],"picked":"Impervious"},{"not_picked":["Second Wind","Clothesline"],"picked":"Flex"},{"not_picked":["Uppercut","Disarm"],"picked":"Bloodletting"},{"not_picked":["Pummel","Sever Soul"],"picked":"Clash"},{"not_picked":["Flex","Sword Boomerang"],"picked":"Armaments"},{"not_picked":["Warcry","Berserk"],"picked":"Clash"},{"not_picked":["Second Wind","Fire Breathing"],"picked":"Clash"}],"player_experience":488232,"potions_floor_usage":[14,16,16,23,23,31,33,35,45,50,50,50],"damage_taken":[{"damage":0,"enemies":"2 Louse","floor":1,"turns":1},{"damage":0,"enemies":"Cultist","floor":5,"turns":1},{"damage":0,"enemies":"Gremlin Nob","floor":6,"turns":1},{"damage":5,"enemies":"Jaw Worm","floor":8,"turns":3},{"damage":11,"enemies":"Blue Slaver","floor":11,"turns":3},{"damage":4,"enemies":"Looter","floor":12,"turns":2},{"damage":29,"enemies":"Lagavulin","floor":14,"turns":5},{"damage":67,"enemies":"The Guardian","floor":16,"turns":8},{"damage":10,"enemies":"Spheric Guardian","floor":18,"turns":2},{"damage":9,"enemies":"3 Byrds","floor":21,"turns":7},{"damage":59,"enemies":"Slavers","floor":23,"turns":7},{"damage":22,"enemies":"3 Cultists","floor":28,"turns":6},{"damage":14,"enemies":"Centurion and Healer","floor":30,"turns":3},{"damage":33,"enemies":"Sentry and Sphere","floor":31,"turns":7},{"damage":36,"enemies":"Champ","floor":33,"turns":11},{"damage":10,"enemies":"3 Shapes","floor":35,"turns":5},{"damage":19,"enemies":"Orb Walker","floor":37,"turns":3},{"damage":28,"enemies":"3 Darklings","floor":38,"turns":3},{"damage":29,"enemies":"Sphere and 2 Shapes","floor":39,"turns":7},{"damage":20,"enemies":"Maw","floor":42,"turns":8},{"damage":22,"enemies":"4 Shapes","floor":45,"turns":6},{"damage":19,"enemies":"Giant Head","floor":47,"turns":9},{"damage":37,"enemies":"3 Darklings","floor":48,"turns":4},{"damage":115,"enemies":"Awakened One","floor":50,"turns":12}],"event_choices":[{"event_name":"Match and Keep!","player_choice":"2 cards matched","floor":2,"damage_taken":0},{"event_name":"Match and Keep!","player_choice":"2 cards matched","floor":2,"damage_taken":0},{"event_name":"Golden Idol","player_choice":"Take Wound","floor":3,"damage_taken":0},{"event_name":"World of Goop","player_choice":"Gather Gold","floor":4,"damage_taken":0},{"event_name":"Back to Basics","player_choice":"Simplicity","floor":19,"damage_taken":0},{"event_name":"Drug Dealer","player_choice":"Got JAXXED","floor":20,"damage_taken":0},{"event_name":"Beggar","player_choice":"Ignored","floor":27,"damage_taken":0},{"event_name":"Vampires","player_choice":"Ignored","floor":29,"damage_taken":0},{"event_name":"Tomb of Lord Red Mask","player_choice":"Paid","floor":36,"damage_taken":0}],"boss_relics":[{"not_picked":["Velvet Choker","Runic Cube"],"picked":"Mark of Pain"},{"not_picked":["Orrery","White Beast Statue"],"picked":"Black Blood"}],"potions_floor_spawned":[5,6,12,14,16,21,31,33,35,38,42,47,48],"seed_played":"2447460520646833868","killed_by":"Awakened One","ascension_level":0,"is_trial":false}