{"path_per_floor":["M","M","M","M","M","R","M","R","T","M","R","M","?","?","R","B",null,"M","?","$","M","M","M","M"],"character_chosen":"IRONCLAD","items_purchased":["Inflame","Perfected Strike","Seeing Red"],"gold_per_floor":[111,124,142,156,166,166,180,180,180,199,199,219,219,219,219,315,315,297,297,121,140,159,171,186],"floor_reached":25,"campfire_rested":2,"playtime":1742,"current_hp_per_floor":[79,80,77,72,70,70,59,59,59,34,58,58,46,46,70,35,80,64,48,48,54,42,18,13],"items_purged":[],"gold":186,"score":201,"play_id":"b3a7811f-3dc4-44c8-b43e-701511cc987a","is_prod":false,"is_daily":false,"is_ascension_mode":false,"campfire_upgraded":2,"path_taken":["M","M","M","M","M","R","M","R","T","M","R","M","?","?","R","BOSS","M","?","$","M","M","M","?","M"],"build_version":"2018-02-15-PROD1","purchased_purges":1,"victory":false,"master_deck":["Strike_R","Strike_R","Strike_R","Strike_R","Strike_R","Defend_R","Defend_R","Defend_R","Defend_R","Bash+1","Metallicize","Flex+1","Pummel","Pummel+1","Twin Strike","Flex","Heavy Blade","Demon Form","Clothesline","Disarm","Cleave","Perfected Strike","Headbutt+1","Necronomicurse","Inflame","Perfected Strike","Seeing Red","Power Through+1","Spot Weakness","Headbutt","Sword Boomerang"],"max_hp_per_floor":[80,80,80,80,80,80,80,80,80,80,80,80,80,80,80,80,80,80,80,80,80,80,80,80],"relics":["Burning Blood","Prayer Wheel","Lantern","Orrery","Necronomicon"],"card_choices":[{"not_picked":["Fire Breathing","Havoc"],"picked":"Metallicize"},{"not_picked":["Sword Boomerang","Perfected Strike"],"picked":"Flex"},{"not_picked":["Fire Breathing","Thunderclap"],"picked":"Pummel"},{"not_picked":["Rupture","Body Slam"],"picked":"Pummel"},{"not_picked":["Havoc","Armaments"],"picked":"Twin Strike"},{"not_picked":["True Grit","Pommel Strike"],"picked":"Flex"},{"not_picked":["Perfected Strike","Barricade"],"picked":"Heavy Blade"},{"not_picked":["Impervious","Offering"],"picked":"Demon Form"},{"not_picked":["Iron Wave","Sever Soul"],"picked":"Clothesline"},{"not_picked":["Warcry","Iron Wave"],"picked":"Disarm"},{"not_picked":["Rampage","Shrug It Off"],"picked":"Cleave"},{"not_picked":["Blood for Blood","Fire Breathing"],"picked":"Perfected Strike"},{"not_picked":["Sword Boomerang","Wild Strike"],"picked":"Headbutt"},{"not_picked":["Burning Pact","Hemokinesis"],"picked":"Power Through"},{"not_picked":["Body Slam","True Grit"],"picked":"Spot Weakness"},{"not_picked":["Burning Pact","Rupture"],"picked":"Headbutt"},{"not_picked":["Impervious","True Grit"],"picked":"Sword Boomerang"}],"player_experience":70768,"potions_floor_usage":[5,16,16,18,22,22,25],"damage_taken":[{"damage":7,"enemies":"Jaw Worm","floor":1,"turns":4},{"damage":3,"enemies":"Small Slimes","floor":2,"turns":3},{"damage":9,"enemies":"2 Louse","floor":3,"turns":4},{"damage":11,"enemies":"2 Fungi Beasts","floor":4,"turns":4},{"damage":8,"enemies":"Exordium Thugs","floor":5,"turns":5},{"damage":17,"enemies":"3 Louse","floor":7,"turns":3},{"damage":31,"enemies":"Exordium Wildlife","floor":10,"turns":6},{"damage":6,"enemies":"Lots of Slimes","floor":12,"turns":4},{"damage":41,"enemies":"The Guardian","floor":16,"turns":7},{"damage":22,"enemies":"2 Thieves","floor":18,"turns":4},{"damage":0,"enemies":"Spheric Guardian","floor":21,"turns":2},{"damage":18,"enemies":"Cultist and Chosen","floor":22,"turns":3},{"damage":30,"enemies":"Centurion and Healer","floor":23,"turns":5},{"damage":11,"enemies":"Snake Plant","floor":24,"turns":3},{"damage":15,"enemies":"Snecko","floor":25,"turns":3}],"event_choices":[{"event_name":"Scrap Ooze","player_choice":"success","floor":13,"damage_taken":12},{"event_name":"Liars Game","player_choice":"disagreed","floor":14,"damage_taken":0},{"event_name":"Cursed Tome","player_choice":"Obtained Book","floor":19,"damage_taken":0}],"boss_relics":[{"not_picked":["Astrolabe","Black Star"],"picked":"Orrery"}],"potions_floor_spawned":[1,3,5,10,16,21,22],"seed_played":"3666000459152103454","killed_by":"Snecko","ascension_level":0,"is_trial":false}