{"path_per_floor":["M","$","?","M","?","R","M","?","T","M","M","R","M","M","R","B",null,"M","M","$","?","M","R","M","R","T"],"character_chosen":"DEFECT","items_purchased":["Cold Snap","Bird Faced Urn"],"gold_per_floor":[113,64,64,83,83,83,93,93,170,183,193,193,203,214,214,314,344,284,294,3,3,22,22,39,39,111,111],"floor_reached":27,"campfire_rested":5,"playtime":1078,"current_hp_per_floor":[69,69,57,53,38,60,60,65,65,53,42,66,62,63,80,15,85,81,40,40,24,15,40,9,34,34,0],"items_purged":[],"gold":111,"score":205,"play_id":"46f3f4f4-9b40-4abd-a51c-5e8f50d25435","local_time":"20180429001717","is_prod":false,"is_daily":false,"chose_seed":false,"is_ascension_mode":false,"campfire_upgraded":0,"timestamp":1524975437,"path_taken":["M","$","?","?","?","R","M","?","T","M","?","R","M","M","R","BOSS","M","M","$","?","M","R","M","R","T","E"],"build_version":"2018-04-27v3","seed_source_timestamp":1438329930833453,"purchased_purges":0,"victory":false,"master_deck":["Strike_B","Strike_B+1","Strike_B","Strike_B+1","Defend_B","Defend_B","Defend_B","Defend_B","Zap","Dualcast","Biased Cognition","Impulse+1","Cold Snap","Defragment","Redo","Self Repair","Defragment","Glacier","Barrage","Prime","Coolheaded","Rip and Tear+1","Beam Cell","Necronomicurse","Rebound","Streamline"],"max_hp_per_floor":[75,75,75,75,75,75,75,80,80,80,80,80,80,80,80,80,85,85,85,85,85,85,85,85,85,85,85],"relics":["Cracked Core","Question Card","Dodecahedron","Tiny House","Bird Faced Urn","Necronomicon","Shuriken"],"card_choices":[{"not_picked":["Turbo","Aggregate"],"picked":"Impulse","floor":1},{"not_picked":["Capacitor","Axe Kick","Blaster"],"picked":"Defragment","floor":4},{"not_picked":["Buffer","Reprogram","Cold Snap"],"picked":"Redo","floor":7},{"not_picked":["Stack","Axe Kick","Sweeping Beam"],"picked":"Self Repair","floor":10},{"not_picked":["Impulse","Hello World","Turbo"],"picked":"Defragment","floor":11},{"not_picked":["Blizzard","Coolheaded","Sweeping Beam"],"picked":"Glacier","floor":13},{"not_picked":["Impulse","Leap","Sweeping Beam"],"picked":"Barrage","floor":14},{"not_picked":["Redo","Meteor Strike","Reboot"],"picked":"Prime","floor":16},{"not_picked":["Leap","Stack","Chaos"],"picked":"Coolheaded","floor":17},{"not_picked":["Leap","Steam Power","Capacitor"],"picked":"Rip and Tear","floor":18},{"not_picked":["Ball Lightning","Impulse","Streamline"],"picked":"Beam Cell","floor":19},{"not_picked":["Defragment","Coolheaded","Darkness"],"picked":"Rebound","floor":22},{"not_picked":["Buffer","Beam Cell","Impulse"],"picked":"Streamline","floor":24}],"player_experience":321425,"potions_floor_usage":[18,22,27],"damage_taken":[{"damage":6,"enemies":"Jaw Worm","floor":1,"turns":2},{"damage":4,"enemies":"2 Louse","floor":4,"turns":2},{"damage":0,"enemies":"Small Slimes","floor":7,"turns":3},{"damage":12,"enemies":"Gremlin Gang","floor":10,"turns":4},{"damage":18,"enemies":"3 Louse","floor":11,"turns":3},{"damage":11,"enemies":"Large Slime","floor":13,"turns":5},{"damage":6,"enemies":"Blue Slaver","floor":14,"turns":4},{"damage":72,"enemies":"Slime Boss","floor":16,"turns":17},{"damage":11,"enemies":"2 Thieves","floor":18,"turns":4},{"damage":48,"enemies":"Shell Parasite","floor":19,"turns":7},{"damage":41,"enemies":"Centurion and Healer","floor":22,"turns":15},{"damage":46,"enemies":"Sentry and Sphere","floor":24,"turns":6},{"damage":57,"enemies":"Slavers","floor":27,"turns":5}],"event_choices":[{"event_name":"Scrap Ooze","player_choice":"success","floor":3,"damage_taken":12},{"event_name":"Shining Light","player_choice":"Entered Light","floor":5,"damage_taken":0},{"event_name":"Big Fish","player_choice":"Donut","floor":8,"damage_taken":0},{"event_name":"Cursed Tome","player_choice":"Obtained Book","floor":21,"damage_taken":0}],"boss_relics":[{"not_picked":["Calling Bell","Philosopher\u0027s Stone"],"picked":"Tiny House"}],"potions_floor_spawned":[4,10,13,19],"seed_played":"-6696336954286216181","killed_by":"Slavers","ascension_level":0,"is_trial":false}