{"gold_per_floor":[109,109,109,124,135,160,160,191,191,210,241,261,3,19,19,122,122,134,134,59,75,107,139,54,81,81,109,109,135,135,164,164,266,266,281,210,222,233,251,278,278,312,361,396,396,425,425,452,452,452],"floor_reached":51,"playtime":2401,"items_purged":[],"score":1229,"play_id":"5dce7262-2cb2-44d3-8f90-0a3cfe395334","local_time":"20180630120155","daily_mods":["Draft","Diverse","Elite Swarm"],"is_ascension_mode":false,"campfire_choices":[{"data":"Wraith Form v2","floor":7,"key":"SMITH"},{"data":"Demon Form","floor":15,"key":"SMITH"},{"data":"Sunder","floor":28,"key":"SMITH"},{"data":"Buffer","floor":30,"key":"SMITH"},{"data":"Meteor Strike","floor":32,"key":"SMITH"},{"data":"Echo Form","floor":41,"key":"SMITH"},{"floor":49,"key":"REST"}],"neow_cost":"","seed_source_timestamp":0,"circlet_count":0,"master_deck":["Demon Form+1","Wraith Form v2+1","Echo Form+1","Skewer+1","Headbutt","Backflip","All Out Attack","Dodge and Roll","Leap","Hologram","Bouncing Flask","Sunder+1","Rebound","PiercingWail","Heavy Blade","Skim+1","Genetic Algorithm","Quick Slash+1","Flame Barrier+1","Clothesline","Glacier","Offering","Buffer+1","Cold Snap","Offering","Dash","A Thousand Cuts","Cloak And Dagger","Uppercut","Choke","Heavy Blade","Limit Break","Offering","Echo Form","Rainbow","Meteor Strike+1","Meteor Strike","Malaise+1","Predator","Gash","Acrobatics+1","Rainbow","Barricade","Night Terror"],"relics":["Snecko Eye","Champion Belt","Incense Burner","Charon\u0027s Ashes","Meat on the Bone","Kunai","Runic Dome","Red Mask","Sundial","Boot","Letter Opener","Happy Flower","Strawberry","Question Card","Whetstone","Sozu","Ginger","Blood Vial","Pen Nib","The Courier","CultistMask","War Paint","Potion Belt"],"potions_floor_usage":[23,27,31,50,50],"damage_taken":[{"damage":0,"enemies":"Small Slimes","floor":1,"turns":1},{"damage":0,"enemies":"2 Louse","floor":4,"turns":1},{"damage":1,"enemies":"Cultist","floor":5,"turns":3},{"damage":19,"enemies":"Lagavulin","floor":6,"turns":6},{"damage":0,"enemies":"Gremlin Nob","floor":8,"turns":2},{"damage":0,"enemies":"Exordium Thugs","floor":10,"turns":4},{"damage":1,"enemies":"Lagavulin","floor":11,"turns":5},{"damage":0,"enemies":"3 Louse","floor":12,"turns":2},{"damage":0,"enemies":"Looter","floor":14,"turns":2},{"damage":5,"enemies":"Slime Boss","floor":16,"turns":7},{"damage":4,"enemies":"2 Thieves","floor":18,"turns":3},{"damage":4,"enemies":"3 Byrds","floor":21,"turns":2},{"damage":4,"floor":22,"turns":3},{"damage":4,"enemies":"Slavers","floor":23,"turns":5},{"damage":1,"enemies":"Book of Stabbing","floor":25,"turns":5},{"damage":0,"enemies":"Gremlin Leader","floor":27,"turns":3},{"damage":2,"enemies":"Slavers","floor":29,"turns":3},{"damage":1,"enemies":"Gremlin Leader","floor":31,"turns":4},{"damage":0,"enemies":"Champ","floor":33,"turns":6},{"damage":0,"enemies":"Orb Walker","floor":35,"turns":1},{"damage":0,"enemies":"Flame Bruiser 1 Orb","floor":37,"turns":3},{"damage":4,"enemies":"Sphere and 2 Shapes","floor":38,"turns":2},{"damage":1,"enemies":"Spire Growth","floor":39,"turns":4},{"damage":1,"enemies":"Giant Head","floor":40,"turns":5},{"damage":1,"enemies":"Nemesis","floor":42,"turns":3},{"damage":0,"enemies":"Giant Head","floor":44,"turns":5},{"damage":30,"enemies":"Nemesis","floor":46,"turns":3},{"damage":19,"enemies":"Donu and Deca","floor":50,"turns":4}],"seed_played":"20635678","potions_obtained":[{"floor":1,"key":"Regen Potion"},{"floor":10,"key":"Block Potion"},{"floor":11,"key":"Ancient Potion"},{"floor":16,"key":"Energy Potion"},{"floor":23,"key":"SpeedPotion"},{"floor":29,"key":"Strength Potion"},{"floor":33,"key":"Poison Potion"}],"is_trial":true,"path_per_floor":["M","?","?","M","M","E","R","E","T","M","E","M","$","M","R","B",null,"M","?","$","M","?","E","?","E","T","E","R","E","R","E","R","B",null,"M","$","M","M","M","E","R","E","T","E","?","E","?","T","R","B"],"character_chosen":"IRONCLAD","items_purchased":["Kunai","Uppercut","Predator"],"campfire_rested":1,"item_purchase_floors":[13,20,36],"current_hp_per_floor":[80,85,85,85,84,65,65,65,65,65,64,64,64,64,64,59,85,81,81,81,77,73,69,69,68,68,80,80,78,78,77,77,77,92,92,92,92,88,87,86,86,85,85,87,87,59,59,59,86,69],"gold":452,"neow_bonus":"","is_prod":false,"is_daily":false,"chose_seed":true,"campfire_upgraded":6,"win_rate":0,"timestamp":1530374515,"path_taken":["M","?","?","M","M","E","R","E","T","M","E","M","$","?","R","BOSS","M","?","$","M","?","E","?","E","T","E","R","E","R","E","R","BOSS","M","$","M","M","?","E","R","E","T","E","?","E","?","?","R","BOSS"],"build_version":"2018-06-29","purchased_purges":0,"victory":true,"max_hp_per_floor":[80,85,85,85,85,85,85,85,85,85,85,85,85,85,85,85,85,85,85,85,85,85,85,85,85,85,92,92,92,92,92,92,92,92,92,92,92,92,92,92,92,92,92,92,92,92,92,92,92,92],"card_choices":[{"not_picked":["Reflex","Warcry"],"picked":"Skewer","floor":0},{"not_picked":["Beam Cell","Hello World"],"picked":"Headbutt","floor":0},{"not_picked":["Iron Wave","Clothesline"],"picked":"Backflip","floor":0},{"not_picked":["Capacitor","Prepared"],"picked":"All Out Attack","floor":0},{"not_picked":["Blood for Blood","Pommel Strike"],"picked":"Dodge and Roll","floor":0},{"not_picked":["Scrape","Body Slam"],"picked":"Leap","floor":0},{"not_picked":["Go for the Eyes","Consume"],"picked":"Hologram","floor":0},{"not_picked":["Turbo","Barrage"],"picked":"Bouncing Flask","floor":0},{"not_picked":["Force Field","Prepared"],"picked":"Sunder","floor":0},{"not_picked":["Catalyst","Flex"],"picked":"Rebound","floor":0},{"not_picked":["Coolheaded","Infernal Blade"],"picked":"PiercingWail","floor":0},{"not_picked":["Havoc","Corruption"],"picked":"Heavy Blade","floor":0},{"not_picked":["Poisoned Stab","Prepared"],"picked":"Skim","floor":0},{"not_picked":["Rupture","Concentrate"],"picked":"Genetic Algorithm","floor":0},{"not_picked":["Distraction","Stack"],"picked":"Quick Slash","floor":0},{"not_picked":["White Noise","Outmaneuver"],"picked":"Flame Barrier","floor":1},{"not_picked":["Clash","Blade Dance"],"picked":"Clothesline","floor":4},{"not_picked":["Catalyst","Cleave"],"picked":"Glacier","floor":5},{"not_picked":["Amplify","Limit Break"],"picked":"Offering","floor":6},{"not_picked":["Unload","Adrenaline"],"picked":"Buffer","floor":8},{"not_picked":["Clash","Barrage"],"picked":"Cold Snap","floor":10},{"not_picked":["Brutality","Multi-Cast"],"picked":"Offering","floor":11},{"not_picked":["BootSequence","Dagger Spray"],"picked":"Dash","floor":12},{"not_picked":["Warcry","Stack","Flying Knee"],"picked":"SKIP","floor":14},{"not_picked":["Juggernaut","Amplify"],"picked":"A Thousand Cuts","floor":16},{"not_picked":["Twin Strike","Acrobatics"],"picked":"Cloak And Dagger","floor":18},{"not_picked":["Dual Wield","Cloak And Dagger"],"picked":"Choke","floor":21},{"not_picked":["Conserve Battery","Dagger Spray"],"picked":"Heavy Blade","floor":22},{"not_picked":["Die Die Die","Juggernaut"],"picked":"Limit Break","floor":23},{"not_picked":["After Image","Thunder Strike"],"picked":"Offering","floor":25},{"not_picked":["Tools of the Trade","Fission"],"picked":"Echo Form","floor":27},{"not_picked":["Electrodynamics","Venomology"],"picked":"Rainbow","floor":29},{"not_picked":["Reaper","Fiend Fire","Die Die Die"],"picked":"Meteor Strike","floor":31},{"not_picked":["Seek","Glass Knife","Corpse Explosion"],"picked":"Meteor Strike","floor":33},{"not_picked":["PiercingWail","Steam+1","Anger+1"],"picked":"Malaise+1","floor":35},{"not_picked":["Auto Shields+1","Catalyst+1","Sentinel"],"picked":"Gash","floor":37},{"not_picked":["Sentinel+1","Outmaneuver","Disarm","Clash"],"picked":"SKIP","floor":38},{"not_picked":["Ball Lightning+1","Dagger Spray","Body Slam+1"],"picked":"Acrobatics+1","floor":39},{"not_picked":["Tactician","Berserk","Machine Learning"],"picked":"Rainbow","floor":40},{"not_picked":["Unload","Brutality","Offering"],"picked":"Dark Embrace","floor":42},{"not_picked":["Limit Break","Reboot","Immolate"],"picked":"Barricade","floor":44},{"not_picked":["Juggernaut","Fission","Tools of the Trade"],"picked":"Night Terror","floor":46}],"player_experience":476404,"relics_obtained":[{"floor":6,"key":"Champion Belt"},{"floor":8,"key":"Incense Burner"},{"floor":9,"key":"Charon\u0027s Ashes"},{"floor":11,"key":"Meat on the Bone"},{"floor":22,"key":"Red Mask"},{"floor":23,"key":"Sundial"},{"floor":25,"key":"Letter Opener"},{"floor":26,"key":"Happy Flower"},{"floor":27,"key":"Strawberry"},{"floor":29,"key":"Question Card"},{"floor":31,"key":"Whetstone"},{"floor":40,"key":"Ginger"},{"floor":42,"key":"Blood Vial"},{"floor":43,"key":"Pen Nib"},{"floor":44,"key":"The Courier"},{"floor":46,"key":"War Paint"},{"floor":48,"key":"Potion Belt"}],"event_choices":[{"event_name":"Big Fish","player_choice":"Donut","floor":2,"damage_taken":0},{"event_name":"The Cleric","player_choice":"Leave","floor":3,"damage_taken":0},{"event_name":"Drug Dealer","player_choice":"Ignored","floor":19,"damage_taken":0},{"event_name":"Masked Bandits","player_choice":"Fought over 75 gold","floor":22,"damage_taken":0},{"event_name":"Addict","player_choice":"Obtained Relic","floor":24,"damage_taken":0},{"event_name":"FaceTrader","player_choice":"Trade","floor":45,"damage_taken":0},{"event_name":"Falling","player_choice":"Removed Power","floor":47,"damage_taken":0}],"boss_relics":[{"not_picked":["Busted Crown","Pandora\u0027s Box"],"picked":"Runic Dome"},{"not_picked":["Orrery","White Beast Statue"],"picked":"Sozu"}],"items_purged_floors":[],"is_endless":false,"potions_floor_spawned":[1,10,11,12,16,18,21,23,29,33,37,38,40,42,44],"ascension_level":0}