{"gold_per_floor":[115,125,125,141,141,141,176,176,176,176,206,206,230,240,240,240],"floor_reached":16,"playtime":356,"items_purged":[],"score":200,"play_id":"b94e8853-c8aa-4134-8a07-2d855573faf9","local_time":"20190212222552","is_ascension_mode":true,"campfire_choices":[{"floor":6,"key":"REST"},{"floor":8,"key":"REST"},{"data":"Carnage","floor":10,"key":"SMITH"},{"data":"Bash","floor":15,"key":"SMITH"}],"neow_cost":"NONE","seed_source_timestamp":80216144056360,"circlet_count":0,"master_deck":["AscendersBane","Strike_R","Strike_R","Strike_R","Strike_R","Strike_R","Defend_R","Defend_R","Defend_R","Defend_R","Bash+1","Dropkick","Carnage+1","Bloodletting","True Grit","Anger","Battle Trance","Spot Weakness"],"relics":["Burning Blood","Lantern","Shuriken","Bottled Flame","The Courier","Bag of Marbles","Odd Mushroom"],"potions_floor_usage":[7,16],"damage_taken":[{"damage":5,"enemies":"Small Slimes","floor":1,"turns":4},{"damage":11,"enemies":"2 Louse","floor":2,"turns":3},{"damage":4,"enemies":"Jaw Worm","floor":4,"turns":3},{"damage":26,"enemies":"Lagavulin","floor":7,"turns":6},{"damage":16,"enemies":"Gremlin Nob","floor":11,"turns":3},{"damage":11,"enemies":"The Mushroom Lair","floor":13,"turns":3},{"damage":6,"enemies":"Exordium Thugs","floor":14,"turns":4},{"damage":66,"enemies":"Slime Boss","floor":16,"turns":6}],"seed_played":"6051467681517465772","potions_obtained":[{"floor":4,"key":"EssenceOfSteel"},{"floor":7,"key":"EssenceOfSteel"},{"floor":11,"key":"Regen Potion"}],"is_trial":false,"path_per_floor":["M","M","?","M","?","R","E","R","T","R","E","?","?","M","R","B"],"character_chosen":"IRONCLAD","items_purchased":[],"campfire_rested":2,"item_purchase_floors":[],"current_hp_per_floor":[69,64,64,66,40,62,42,64,64,64,54,54,49,49,49,0],"gold":240,"neow_bonus":"RANDOM_COMMON_RELIC","is_prod":false,"is_daily":false,"chose_seed":false,"campfire_upgraded":2,"win_rate":0,"timestamp":1550028352,"path_taken":["M","M","?","M","?","R","E","R","T","R","E","?","?","M","R","BOSS"],"build_version":"2019-01-23","purchased_purges":0,"victory":false,"max_hp_per_floor":[75,75,75,75,75,75,75,75,75,75,75,75,75,75,75,75],"card_choices":[{"not_picked":["Wild Strike","Entrench"],"picked":"Dropkick","floor":1},{"not_picked":["Entrench","Havoc"],"picked":"Carnage","floor":2},{"not_picked":["Twin Strike","Fire Breathing"],"picked":"Bloodletting","floor":4},{"not_picked":["Searing Blow","Ghostly Armor"],"picked":"True Grit","floor":7},{"not_picked":["Wild Strike","Seeing Red"],"picked":"Anger","floor":11},{"not_picked":["Sword Boomerang","Havoc"],"picked":"Battle Trance","floor":13},{"not_picked":["Evolve","Inflame"],"picked":"Spot Weakness","floor":14}],"player_experience":269955,"relics_obtained":[{"floor":7,"key":"Bottled Flame"},{"floor":9,"key":"The Courier"},{"floor":11,"key":"Bag of Marbles"},{"floor":13,"key":"Odd Mushroom"}],"event_choices":[{"damage_healed":0,"gold_gain":0,"player_choice":"Ignored","damage_taken":0,"max_hp_gain":0,"max_hp_loss":0,"event_name":"Shining Light","floor":3,"gold_loss":0},{"damage_healed":0,"gold_gain":0,"player_choice":"Success","damage_taken":26,"relics_obtained":["Shuriken"],"max_hp_gain":0,"max_hp_loss":0,"event_name":"Scrap Ooze","floor":5,"gold_loss":0},{"damage_healed":0,"gold_gain":0,"player_choice":"Ignored","damage_taken":0,"max_hp_gain":0,"max_hp_loss":0,"event_name":"Liars Game","floor":12,"gold_loss":0},{"damage_healed":0,"gold_gain":0,"player_choice":"Fought Mushrooms","damage_taken":0,"max_hp_gain":0,"max_hp_loss":0,"event_name":"Mushrooms","floor":13,"gold_loss":0}],"is_beta":false,"boss_relics":[],"items_purged_floors":[],"is_endless":false,"potions_floor_spawned":[4,7,11],"killed_by":"Slime Boss","ascension_level":17}