{"gold_per_floor":[15,15,29,103,117,117,148,148,148,168,168,198,36,46,46,118,118,130,0,19,19,19,19],"floor_reached":23,"playtime":1514,"items_purged":[],"score":398,"play_id":"114f5412-8355-47f0-af71-57cba15ee19a","local_time":"20190119074337","is_ascension_mode":true,"campfire_choices":[{"data":"Bash","floor":6.0,"key":"SMITH"},{"floor":8.0,"key":"REST"},{"data":"Berserk","floor":11.0,"key":"SMITH"},{"data":"Armaments","floor":15.0,"key":"SMITH"}],"neow_cost":"NO_GOLD","seed_source_timestamp":0,"circlet_count":0,"master_deck":["AscendersBane","Strike_R","Defend_R","Defend_R","Defend_R","Defend_R","Bash+1","Berserk+1","Wild Strike","Anger","Shrug It Off","Armaments+1","Rupture","Shrug It Off","Evolve+1","Shrug It Off","Shockwave","Juggernaut+1","Iron Wave"],"special_seed":0,"relics":["Burning Blood","Blue Candle","Bottled Tornado","Ancient Tea Set","Mummified Hand","Frozen Egg 2","Empty Cage","Nilry\u0027s Codex"],"potions_floor_usage":[23],"damage_taken":[{"damage":14.0,"enemies":"Jaw Worm","floor":1.0,"turns":4.0},{"damage":0.0,"enemies":"2 Louse","floor":3.0,"turns":4.0},{"damage":7.0,"enemies":"Cultist","floor":5.0,"turns":4.0},{"damage":44.0,"enemies":"3 Sentries","floor":7.0,"turns":14.0},{"damage":1.0,"enemies":"Exordium Thugs","floor":10.0,"turns":4.0},{"damage":7.0,"enemies":"Lagavulin","floor":12.0,"turns":6.0},{"damage":4.0,"enemies":"Exordium Wildlife","floor":14.0,"turns":5.0},{"damage":27.0,"enemies":"Hexaghost","floor":16.0,"turns":8.0},{"damage":14.0,"enemies":"Chosen","floor":18.0,"turns":6.0},{"damage":19.0,"enemies":"Spheric Guardian","floor":20.0,"turns":4.0},{"damage":21,"enemies":"Snake Plant","floor":23,"turns":4}],"seed_played":"-7101249196631065855","potions_obtained":[{"floor":1.0,"key":"Weak Potion"},{"floor":10.0,"key":"Weak Potion"},{"floor":16.0,"key":"LiquidBronze"}],"is_trial":false,"path_per_floor":["M","?","M","T","M","R","E","R","T","M","R","E","$","M","R","B",null,"M","?","M","?","$","M"],"character_chosen":"IRONCLAD","items_purchased":["Evolve+1","FearPotion","Shrug It Off"],"campfire_rested":1,"item_purchase_floors":[13,13,13],"current_hp_per_floor":[60,49,55,55,54,54,16,38,38,43,43,42,42,44,44,23,62,54,54,41,20,20,0],"gold":19,"neow_bonus":"TRANSFORM_TWO_CARDS","is_prod":false,"is_daily":false,"chose_seed":false,"campfire_upgraded":3,"win_rate":0,"timestamp":1547912617,"path_taken":["M","?","M","?","M","R","E","R","T","M","R","E","$","M","R","BOSS","M","?","M","?","$","M"],"build_version":"2019-01-17","purchased_purges":0,"victory":false,"max_hp_per_floor":[75,75,75,75,75,75,75,75,75,75,75,75,75,75,75,75,75,75,75,75,75,75,75],"card_choices":[{"not_picked":["Infernal Blade","Wild Strike"],"picked":"Anger","floor":1.0},{"not_picked":["Pommel Strike","Seeing Red"],"picked":"Shrug It Off","floor":3.0},{"not_picked":["Heavy Blade","Warcry"],"picked":"Armaments","floor":5.0},{"not_picked":["Anger","Dropkick","Double Tap"],"picked":"SKIP","floor":7.0},{"not_picked":["Havoc","Wild Strike"],"picked":"Rupture","floor":10.0},{"not_picked":["Headbutt","Sentinel"],"picked":"Shrug It Off","floor":12.0},{"not_picked":["Anger","Flex"],"picked":"Shockwave","floor":14.0},{"not_picked":["Reaper","Offering"],"picked":"Juggernaut+1","floor":16.0},{"not_picked":["Pommel Strike","Burning Pact","Sword Boomerang"],"picked":"SKIP","floor":18.0},{"not_picked":["Body Slam","Sentinel"],"picked":"Iron Wave","floor":20.0}],"player_experience":1254812,"relics_obtained":[{"floor":4.0,"key":"Bottled Tornado"},{"floor":7.0,"key":"Ancient Tea Set"},{"floor":9.0,"key":"Mummified Hand"},{"floor":12.0,"key":"Frozen Egg 2"},{"floor":21.0,"key":"Nilry\u0027s Codex"}],"event_choices":[{"damage_healed":0.0,"max_hp_gain":0.0,"max_hp_loss":0.0,"gold_gain":0.0,"event_name":"Scrap Ooze","player_choice":"Success","floor":2.0,"gold_loss":0.0,"damage_taken":11.0,"relics_obtained":["Blue Candle"]},{"damage_healed":0.0,"max_hp_gain":0.0,"max_hp_loss":0.0,"gold_gain":0.0,"event_name":"Masked Bandits","player_choice":"Paid Fearfully","floor":19.0,"gold_loss":130.0,"damage_taken":0.0},{"damage_healed":0.0,"max_hp_gain":0.0,"max_hp_loss":0.0,"gold_gain":0.0,"event_name":"Cursed Tome","player_choice":"Obtained Book","floor":21.0,"gold_loss":0.0,"damage_taken":21.0}],"is_beta":true,"boss_relics":[{"not_picked":["Fusion Hammer","Tiny House"],"picked":"Empty Cage"}],"items_purged_floors":[],"is_endless":false,"potions_floor_spawned":[1,10,16],"killed_by":"Snake Plant","ascension_level":20}