{"gold_per_floor":[114,114,133,133,143,143,162,162,162,178,178,210,221,236,236,331,381,396,158,148,165,180,180,206,206,206,206,131,131,131,10,10,115,115,131,131,141,141,68,100,100,111,138,138,38,57,10,39,39,39],"floor_reached":51,"playtime":2509,"items_purged":["Strike_B","Strike_B+1"],"score":876,"play_id":"7a2f9319-fad5-4b18-98ae-a928963927fa","local_time":"20180729121317","is_ascension_mode":true,"campfire_choices":[{"data":"Rainbow","floor":6,"key":"SMITH"},{"data":"Zap","floor":8,"key":"SMITH"},{"data":"Dualcast","floor":11,"key":"SMITH"},{"data":"White Noise","floor":15,"key":"SMITH"},{"floor":23,"key":"REST"},{"data":"Glacier","floor":27,"key":"SMITH"},{"data":"Double Energy","floor":29,"key":"SMITH"},{"floor":32,"key":"REST"},{"floor":41,"key":"REST"},{"floor":44,"key":"REST"},{"floor":49,"key":"REST"}],"neow_cost":"NONE","seed_source_timestamp":691736827833104,"circlet_count":0,"master_deck":["Strike_B+1","Defend_B+1","Defend_B+1","Defend_B+1","Defend_B+1","Zap+1","Dualcast+1","Rainbow+1","Barrage","Ball Lightning","Cold Snap","Cold Snap+1","Ball Lightning","White Noise+1","BootSequence","Double Energy+1","Fission","Conserve Battery","Loop+1","Capacitor","Stack","Barrage","Cold Snap+1","Ball Lightning+1","Compile Driver+1","Glacier+1","Glacier","Loop","Electrodynamics","Cold Snap+1","Bandage Up","Capacitor","Reinforced Body","Consume+1","Barrage+1","Turbo","Glacier+1"],"relics":["Cracked Core","Ornamental Fan","Meat on the Bone","Tiny House","Strawberry","DataDisk","Anchor","Fusion Hammer","Bag of Preparation","Whetstone","Bag of Marbles"],"potions_floor_usage":[10,12,16,22,24,33,40,40,48,50],"damage_taken":[{"damage":2,"enemies":"Jaw Worm","floor":1,"turns":4},{"damage":1,"enemies":"2 Louse","floor":3,"turns":3},{"damage":3,"enemies":"Cultist","floor":5,"turns":4},{"damage":4,"enemies":"2 Fungi Beasts","floor":7,"turns":2},{"damage":21,"enemies":"Exordium Thugs","floor":10,"turns":4},{"damage":2,"enemies":"Gremlin Nob","floor":12,"turns":3},{"damage":1,"enemies":"Looter","floor":13,"turns":2},{"damage":0,"enemies":"Red Slaver","floor":14,"turns":3},{"damage":8,"enemies":"Slime Boss","floor":16,"turns":8},{"damage":16,"enemies":"Spheric Guardian","floor":18,"turns":4},{"damage":7,"enemies":"2 Thieves","floor":20,"turns":4},{"damage":22,"enemies":"Snake Plant","floor":21,"turns":3},{"damage":42,"enemies":"3 Cultists","floor":22,"turns":6},{"damage":26,"enemies":"Slavers","floor":24,"turns":7},{"damage":46,"enemies":"Collector","floor":33,"turns":13},{"damage":0,"enemies":"3 Darklings","floor":35,"turns":6},{"damage":0,"enemies":"3 Shapes","floor":37,"turns":4},{"damage":32,"enemies":"Nemesis","floor":40,"turns":9},{"damage":2,"enemies":"3 Darklings","floor":42,"turns":7},{"damage":8,"enemies":"4 Shapes","floor":46,"turns":3},{"damage":40,"enemies":"2 Orb Walkers","floor":48,"turns":5},{"damage":2,"enemies":"Time Eater","floor":50,"turns":13}],"seed_played":"-8315722971974461520","potions_obtained":[{"floor":3,"key":"EssenceOfSteel"},{"floor":5,"key":"GamblersBrew"},{"floor":7,"key":"Strength Potion"},{"floor":13,"key":"Swift Potion"},{"floor":17,"key":"SpeedPotion"},{"floor":20,"key":"Weak Potion"},{"floor":22,"key":"Explosive Potion"},{"floor":24,"key":"Explosive Potion"},{"floor":35,"key":"Regen Potion"},{"floor":40,"key":"Poison Potion"},{"floor":42,"key":"Dexterity Potion"},{"floor":46,"key":"Swift Potion"}],"is_trial":false,"path_per_floor":["M","?","M","?","M","R","M","R","T","M","R","E","M","M","R","B",null,"M","$","M","M","M","R","E","?","T","R","$","R","?","$","R","B",null,"M","?","M","?","$","E","R","M","T","R","$","M","$","E","R","B"],"character_chosen":"DEFECT","items_purchased":["Capacitor","Strawberry","Stack","Glacier","Loop","Reinforced Body","Turbo"],"campfire_rested":5,"item_purchase_floors":[19,19,19,31,31,39,47],"current_hp_per_floor":[73,66,65,65,62,62,58,58,58,37,37,35,46,46,46,38,80,64,71,64,54,31,57,43,43,43,43,43,43,43,43,69,35,87,87,87,87,87,87,80,87,87,87,87,87,79,79,51,77,79],"gold":39,"neow_bonus":"ONE_RANDOM_RARE_CARD","is_prod":false,"is_daily":false,"chose_seed":false,"campfire_upgraded":6,"win_rate":0,"timestamp":1532880797,"path_taken":["M","?","?","?","M","R","M","R","T","M","R","E","M","?","R","BOSS","M","$","M","M","M","R","E","?","T","R","$","R","?","$","R","BOSS","M","?","M","?","$","E","R","M","T","R","$","M","$","E","R","BOSS"],"build_version":"2018-07-26","purchased_purges":2,"victory":true,"max_hp_per_floor":[75,75,75,75,75,75,75,75,75,75,75,75,75,75,75,75,80,80,87,87,87,87,87,87,87,87,87,87,87,87,87,87,87,87,87,87,87,87,87,87,87,87,87,87,87,87,87,87,87,87],"card_choices":[{"not_picked":["Stack","Hologram"],"picked":"Barrage","floor":1},{"not_picked":["Conserve Battery","Genetic Algorithm"],"picked":"Ball Lightning","floor":3},{"not_picked":["Steam","Melter"],"picked":"Cold Snap","floor":5},{"not_picked":["Gash","Coolheaded"],"picked":"Cold Snap","floor":7},{"not_picked":["Hologram","Go for the Eyes"],"picked":"Ball Lightning","floor":10},{"not_picked":["Skim","Multi-Cast"],"picked":"White Noise","floor":12},{"not_picked":["Skim","Turbo"],"picked":"BootSequence","floor":13},{"not_picked":["Beam Cell","Hello World"],"picked":"Double Energy","floor":14},{"not_picked":["Reboot","Rainbow"],"picked":"Fission","floor":16},{"not_picked":["Sunder","Coolheaded"],"picked":"Conserve Battery","floor":17},{"not_picked":["Gash","Go for the Eyes+1"],"picked":"Loop+1","floor":18},{"not_picked":["Beam Cell","Scrape"],"picked":"Barrage","floor":20},{"not_picked":["Rebound+1","Lockon"],"picked":"Cold Snap+1","floor":21},{"not_picked":["Core Surge","Beam Cell"],"picked":"Ball Lightning+1","floor":22},{"not_picked":["Lockon","Hologram"],"picked":"Compile Driver","floor":24},{"not_picked":["Buffer","Core Surge"],"picked":"Electrodynamics","floor":33},{"not_picked":["Doom and Gloom","Gash+1"],"picked":"Cold Snap+1","floor":35},{"not_picked":["Deep Breath","Madness"],"picked":"Bandage Up","floor":36},{"not_picked":["Cold Snap","Streamline+1","Steam"],"picked":"SKIP","floor":37},{"not_picked":["Reinforced Body+1","Coolheaded+1"],"picked":"Consume+1","floor":40},{"not_picked":["Rebound+1","Beam Cell","Blizzard"],"picked":"SKIP","floor":42},{"not_picked":["Steam","Fusion+1"],"picked":"Barrage+1","floor":46},{"not_picked":["Amplify","Gash+1"],"picked":"Glacier+1","floor":48}],"player_experience":675806,"relics_obtained":[{"floor":9,"key":"Ornamental Fan"},{"floor":12,"key":"Meat on the Bone"},{"floor":24,"key":"DataDisk"},{"floor":26,"key":"Anchor"},{"floor":40,"key":"Bag of Preparation"},{"floor":43,"key":"Whetstone"},{"floor":48,"key":"Bag of Marbles"}],"event_choices":[{"event_name":"Golden Wing","player_choice":"Card Removal","floor":2,"damage_taken":0},{"event_name":"Liars Game","player_choice":"disagreed","floor":4,"damage_taken":0},{"event_name":"The Library","player_choice":"Read","floor":25,"damage_taken":0},{"event_name":"Back to Basics","player_choice":"Simplicity","floor":30,"damage_taken":0},{"event_name":"SensoryStone","player_choice":"Memory 1","floor":36,"damage_taken":0},{"event_name":"Duplicator","player_choice":"One dupe","floor":38,"damage_taken":0}],"is_beta":true,"boss_relics":[{"not_picked":["White Beast Statue","Empty Cage"],"picked":"Tiny House"},{"not_picked":["Orrery","Nuclear Battery"],"picked":"Fusion Hammer"}],"items_purged_floors":[28,45],"is_endless":false,"potions_floor_spawned":[3,5,7,13,20,22,24,35,40,42,46],"ascension_level":3}