{"path_per_floor":["M","M","?","M","$","R","M","E","T","E","R","M","T","M","R","B",null,"M","$","?","T","?"],"character_chosen":"IRONCLAD","items_purchased":["Evolve","Swift Strike","Shovel"],"gold_per_floor":[209,225,225,242,81,81,101,136,136,165,165,178,201,216,216,311,341,358,49,49,49,49,49],"floor_reached":23,"campfire_rested":1,"playtime":1418,"current_hp_per_floor":[80,80,80,75,75,75,71,51,51,34,58,49,49,53,53,14,85,33,33,33,33,33,0],"items_purged":[],"gold":49,"score":229,"play_id":"af4b3189-a71e-467e-a643-97ab116d4c0e","local_time":"20180406225127","is_prod":false,"is_daily":false,"is_ascension_mode":true,"campfire_upgraded":2,"timestamp":1523069487,"path_taken":["M","M","?","?","$","R","M","E","T","E","R","M","?","?","R","BOSS","M","$","?","?","?","E"],"build_version":"2018-04-05","purchased_purges":0,"victory":false,"master_deck":["Strike_R+1","Strike_R+1","Strike_R+1","Strike_R+1","Strike_R+1","Defend_R+1","Defend_R+1","Defend_R+1","Defend_R+1","Bash","Twin Strike","Bloodletting+1","Wild Strike","Evolve+1","Swift Strike","Perfected Strike","Ghostly Armor","Reaper","Armaments+1","Shrug It Off","Demon Form","Clothesline","Shrug It Off+1"],"max_hp_per_floor":[80,80,80,80,80,80,80,80,80,80,80,80,80,80,80,80,85,85,85,85,85,85,85],"relics":["Burning Blood","Omamori","Calipers","Bottled Flame","Vajra","Tiny House","Shovel","Gremlin Horn"],"card_choices":[{"not_picked":["Havoc","Fire Breathing"],"picked":"Twin Strike","floor":1},{"not_picked":["Cleave","Perfected Strike"],"picked":"Bloodletting","floor":2},{"not_picked":["Blood for Blood","Twin Strike"],"picked":"Wild Strike","floor":4},{"not_picked":["Body Slam","Bloodletting"],"picked":"Perfected Strike","floor":7},{"not_picked":["Headbutt","Wild Strike"],"picked":"Ghostly Armor","floor":8},{"not_picked":["Fire Breathing","Pommel Strike"],"picked":"Reaper","floor":10},{"not_picked":["Warcry","Infernal Blade"],"picked":"Armaments","floor":12},{"not_picked":["Reaper","Clash"],"picked":"Shrug It Off","floor":14},{"not_picked":["Immolate","Berserk"],"picked":"Demon Form","floor":16},{"not_picked":["Metallicize","Bloodletting"],"picked":"Clothesline","floor":17},{"not_picked":["Twin Strike","Havoc"],"picked":"Shrug It Off","floor":18}],"player_experience":95377,"potions_floor_usage":[16,23,23],"damage_taken":[{"damage":4,"enemies":"Small Slimes","floor":1,"turns":4},{"damage":6,"enemies":"Cultist","floor":2,"turns":4},{"damage":11,"enemies":"2 Louse","floor":4,"turns":3},{"damage":10,"enemies":"Looter","floor":7,"turns":3},{"damage":26,"enemies":"3 Sentries","floor":8,"turns":6},{"damage":23,"enemies":"Lagavulin","floor":10,"turns":4},{"damage":23,"enemies":"Exordium Thugs","floor":12,"turns":5},{"damage":12,"enemies":"3 Louse","floor":14,"turns":3},{"damage":45,"enemies":"Hexaghost","floor":16,"turns":11},{"damage":64,"enemies":"3 Byrds","floor":18,"turns":8},{"damage":34,"enemies":"Slavers","floor":23,"turns":3}],"event_choices":[{"event_name":"Upgrade Shrine","player_choice":"Upgraded","floor":3,"damage_taken":0},{"event_name":"Back to Basics","player_choice":"Simplicity","floor":20,"damage_taken":0},{"event_name":"Beggar","player_choice":"Ignored","floor":22,"damage_taken":0}],"boss_relics":[{"not_picked":["White Beast Statue","Lizard Tail"],"picked":"Tiny House"}],"potions_floor_spawned":[4,8,10,12,18],"seed_played":"-153763607307407935","killed_by":"Slavers","ascension_level":3,"is_trial":false}