{"path_per_floor":["M","M","M","?","$","E","R","M","T","E","?","M","R","M","R","B",null,"M","?","M","?","M","R","E","R","T","M","R","M","M","?","R","B",null,"M","M","?","?","M","E","$","M","T","M","R","$","R","M","R","B"],"character_chosen":"THE_SILENT","items_purchased":["Tools of the Trade","Panache","Shovel","Outmaneuver","PiercingWail","Caltrops"],"gold_per_floor":[112,125,144,144,63,90,90,107,107,141,141,160,160,170,170,267,267,286,286,298,298,308,308,342,342,342,355,355,372,389,389,389,493,523,533,550,550,650,668,697,1,11,11,25,25,25,25,44,44,44],"floor_reached":51,"campfire_rested":1,"playtime":4334,"current_hp_per_floor":[70,68,68,68,68,55,55,54,54,62,48,41,41,41,62,58,70,68,68,67,67,66,66,65,65,65,70,70,70,63,63,63,51,75,75,75,75,75,75,75,75,74,74,57,57,57,57,71,71,51],"items_purged":["Strike_G"],"gold":44,"score":736,"play_id":"b894fb69-f15d-418d-88e8-0e021c8c642e","local_time":"20180311162739","is_prod":false,"is_daily":false,"is_ascension_mode":false,"campfire_upgraded":6,"timestamp":1520800059,"path_taken":["M","M","M","?","$","E","R","M","T","E","?","M","R","M","R","BOSS","M","?","M","?","?","R","E","R","T","M","R","M","M","?","R","BOSS","M","M","?","?","M","E","$","M","T","?","R","?","R","M","R","BOSS"],"build_version":"2018-03-09","purchased_purges":1,"victory":true,"master_deck":["Defend_G","Defend_G","Defend_G+1","Defend_G","Defend_G","Strike_G+1","Survivor","Neutralize+1","Bouncing Flask+1","Escape Plan","Footwork+1","Tools of the Trade+1","Dagger Spray","Catalyst+1","Noxious Fumes+1","Escape Plan+1","Bane","Night Terror","Prepared+1","Well Laid Plans","Cloak And Dagger+1","Acrobatics","Blur+1","Bane","Adrenaline","Expertise","Blur","Backflip+1","Dodge and Roll+1","Panache","Outmaneuver","PiercingWail","Caltrops","Backflip+1","Backstab+1","Malaise+1"],"max_hp_per_floor":[70,70,70,70,70,70,70,70,70,70,70,70,70,70,70,70,70,70,70,70,70,70,70,70,70,70,70,70,70,70,70,70,70,75,75,75,75,75,75,75,75,75,75,75,75,75,75,75,75,75],"relics":["Ring of the Snake","Pen Nib","Torii","Dead Branch","Ninja Scroll","Sozu","Art of War","Bird Faced Urn","Tiny House","Snake Skull","Shovel","Calipers","Happy Flower","Letter Opener","Meat on the Bone"],"card_choices":[{"not_picked":["Sucker Punch","PiercingWail"],"picked":"Bouncing Flask"},{"not_picked":["Acrobatics","Bane"],"picked":"Escape Plan"},{"not_picked":["Terror","Deflect"],"picked":"Footwork"},{"not_picked":["Die Die Die","Deadly Poison"],"picked":"Dagger Spray"},{"not_picked":["Underhanded Strike","Finisher"],"picked":"Catalyst"},{"not_picked":["Dagger Spray","Caltrops"],"picked":"Noxious Fumes"},{"not_picked":["Skewer","Deadly Poison"],"picked":"Escape Plan"},{"not_picked":["Poisoned Stab","Deflect"],"picked":"Bane"},{"not_picked":["Grand Finale","Unload"],"picked":"Night Terror"},{"not_picked":["Underhanded Strike","Bane"],"picked":"Prepared"},{"not_picked":["Slice","Corpse Explosion"],"picked":"Well Laid Plans"},{"not_picked":["Slice","Acrobatics"],"picked":"Cloak And Dagger"},{"not_picked":["Dash","Noxious Fumes"],"picked":"Acrobatics"},{"not_picked":["Cloak And Dagger","Prepared"],"picked":"Blur"},{"not_picked":["Tools of the Trade","Phantasmal Killer"],"picked":"Adrenaline"},{"not_picked":["Well Laid Plans","Acrobatics"],"picked":"Expertise"},{"not_picked":["Deadly Poison","PiercingWail"],"picked":"Blur"},{"not_picked":["Footwork","Poisoned Stab"],"picked":"Backflip"},{"not_picked":["Backflip","Poisoned Stab"],"picked":"Dodge and Roll"},{"not_picked":["Dagger Throw","Caltrops"],"picked":"Backflip"},{"not_picked":["Venomology","Choke"],"picked":"Backstab"},{"not_picked":["Poisoned Stab","Reflex"],"picked":"Malaise"}],"player_experience":535656,"potions_floor_usage":[6,10,10,16,16],"damage_taken":[{"damage":0,"enemies":"Cultist","floor":1,"turns":4},{"damage":2,"enemies":"2 Louse","floor":2,"turns":4},{"damage":0,"enemies":"Jaw Worm","floor":3,"turns":4},{"damage":13,"enemies":"Gremlin Nob","floor":6,"turns":4},{"damage":1,"enemies":"2 Fungi Beasts","floor":8,"turns":4},{"damage":7,"enemies":"Lagavulin","floor":10,"turns":5},{"damage":7,"enemies":"Exordium Thugs","floor":12,"turns":6},{"damage":0,"enemies":"Looter","floor":14,"turns":4},{"damage":4,"enemies":"Hexaghost","floor":16,"turns":5},{"damage":2,"enemies":"3 Byrds","floor":18,"turns":4},{"damage":1,"enemies":"Chosen","floor":20,"turns":4},{"damage":1,"enemies":"Snecko","floor":22,"turns":4},{"damage":1,"enemies":"Gremlin Leader","floor":24,"turns":7},{"damage":2,"enemies":"Chosen and Byrds","floor":27,"turns":5},{"damage":2,"enemies":"Snake Plant","floor":29,"turns":4},{"damage":9,"enemies":"3 Cultists","floor":30,"turns":5},{"damage":19,"enemies":"Automaton","floor":33,"turns":9},{"damage":3,"enemies":"3 Darklings","floor":35,"turns":8},{"damage":2,"enemies":"3 Shapes","floor":36,"turns":4},{"damage":0,"enemies":"Maw","floor":39,"turns":6},{"damage":0,"enemies":"Giant Head","floor":40,"turns":5},{"damage":1,"enemies":"4 Shapes","floor":42,"turns":5},{"damage":24,"enemies":"3 Darklings","floor":44,"turns":5},{"damage":0,"enemies":"Sphere and 2 Shapes","floor":48,"turns":5},{"damage":32,"enemies":"Awakened One","floor":50,"turns":22}],"event_choices":[{"event_name":"Purifier","player_choice":"One Purge","floor":4,"damage_taken":0},{"event_name":"Shining Light","player_choice":"Entered Light","floor":11,"damage_taken":0},{"event_name":"Drug Dealer","player_choice":"Ignored","floor":19,"damage_taken":0},{"event_name":"Wheel of Change","player_choice":"Card Removal","floor":21,"damage_taken":0},{"event_name":"Transmorgrifier","player_choice":"Transform","floor":31,"damage_taken":0},{"event_name":"Tomb of Lord Red Mask","player_choice":"Ignored","floor":37,"damage_taken":0},{"event_name":"Golden Shrine","player_choice":"Pray","floor":38,"damage_taken":0}],"boss_relics":[{"not_picked":["Velvet Choker","Pandora\u0027s Box"],"picked":"Sozu"},{"not_picked":["Lizard Tail","Black Star"],"picked":"Tiny House"}],"potions_floor_spawned":[3,6,8,12,20,22,29,33,35,40,42],"seed_played":"-1278622012513195400","ascension_level":0,"is_trial":false}