{"path_per_floor":["M","M","?","M","$","E","R","M","T","?","R","?","R","E","R","B",null,"M","$","?","M","M","R","E","?","T","$","?","M","R","M","R"],"character_chosen":"THE_SILENT","items_purchased":["Footwork","Escape Plan","Setup","Glass Knife"],"gold_per_floor":[111,131,131,143,26,53,53,68,95,95,95,95,95,128,128,259,297,321,206,206,224,239,239,282,282,282,28,28,51,51,74,74],"floor_reached":33,"campfire_rested":5,"playtime":1935,"current_hp_per_floor":[63,63,63,63,63,36,54,54,54,47,47,47,63,47,47,13,68,58,58,68,54,42,62,22,22,22,22,22,15,35,31,51],"items_purged":["Injury","Defend_G"],"gold":74,"score":314,"play_id":"42f865e6-5ed6-49aa-a413-7c424692b49f","local_time":"20180305173002","is_prod":false,"is_daily":false,"is_ascension_mode":true,"campfire_upgraded":2,"timestamp":1520289002,"path_taken":["M","M","?","M","?","E","R","M","T","?","R","?","R","E","R","BOSS","M","$","?","M","M","R","E","?","T","$","?","?","R","M","R","BOSS"],"build_version":"2018-03-01-PROD1","purchased_purges":2,"victory":false,"master_deck":["Defend_G+1","Defend_G+1","Defend_G+1","Strike_G+1","Strike_G+1","Strike_G+1","Survivor","Neutralize+1","Skewer+1","Flying Knee+1","Cloak And Dagger","Footwork","Escape Plan","Calculated Gamble","Envenom","PiercingWail","Outmaneuver","Setup","Flechettes+1","Cloak And Dagger+1","Glass Knife","Prepared+1","Slice+1"],"max_hp_per_floor":[63,63,63,63,63,63,63,63,63,63,63,63,63,63,63,63,68,68,68,68,68,68,68,68,68,68,68,68,68,68,68,68],"relics":["Ring of the Snake","Orichalcum","Oddly Smooth Stone","Golden Idol","Centennial Puzzle","Tiny House","Happy Flower","Pen Nib"],"card_choices":[{"not_picked":["Unload","Backflip"],"picked":"Skewer"},{"not_picked":["Poisoned Stab","Well Laid Plans"],"picked":"Flying Knee"},{"not_picked":["Choke","Distraction"],"picked":"Cloak And Dagger"},{"not_picked":["Dagger Throw","Deflect"],"picked":"Calculated Gamble"},{"not_picked":["Tactician","Night Terror"],"picked":"Envenom"},{"not_picked":["Underhanded Strike","Quick Slash"],"picked":"PiercingWail"},{"not_picked":["Prepared","Expertise"],"picked":"Outmaneuver"},{"not_picked":["Envenom","Quick Slash"],"picked":"Flechettes"},{"not_picked":["Dagger Throw","Prepared"],"picked":"Cloak And Dagger"},{"not_picked":["Endless Agony","Setup"],"picked":"Prepared"},{"not_picked":["Predator","Envenom"],"picked":"Slice"}],"player_experience":410625,"potions_floor_usage":[6,8,14,16,21,21,24,33],"damage_taken":[{"damage":0,"enemies":"Small Slimes","floor":1,"turns":3},{"damage":0,"enemies":"Cultist","floor":2,"turns":3},{"damage":0,"enemies":"2 Louse","floor":4,"turns":2},{"damage":42,"enemies":"Lagavulin","floor":6,"turns":10},{"damage":0,"enemies":"Exordium Thugs","floor":8,"turns":4},{"damage":16,"enemies":"Gremlin Nob","floor":14,"turns":4},{"damage":34,"enemies":"Slime Boss","floor":16,"turns":13},{"damage":10,"enemies":"2 Thieves","floor":18,"turns":5},{"damage":14,"enemies":"Chosen","floor":21,"turns":8},{"damage":12,"enemies":"Centurion and Healer","floor":22,"turns":5},{"damage":40,"enemies":"Slavers","floor":24,"turns":13},{"damage":7,"enemies":"Snecko","floor":29,"turns":4},{"damage":4,"enemies":"Cultist and Chosen","floor":31,"turns":6},{"damage":57,"enemies":"Automaton","floor":33,"turns":6}],"event_choices":[{"event_name":"The Lab","player_choice":"Got Potions","floor":3,"damage_taken":0},{"event_name":"Golden Wing","player_choice":"Card Removal","floor":10,"damage_taken":0},{"event_name":"Golden Idol","player_choice":"Take Wound","floor":12,"damage_taken":0},{"event_name":"The Library","player_choice":"Heal","floor":20,"damage_taken":0},{"event_name":"Cursed Tome","player_choice":"Ignored","floor":25,"damage_taken":0},{"event_name":"Back to Basics","player_choice":"Simplicity","floor":28,"damage_taken":0}],"boss_relics":[{"not_picked":["White Beast Statue","Question Card"],"picked":"Tiny House"}],"potions_floor_spawned":[1,2,6,16,18,24],"seed_played":"-5157727656097594353","killed_by":"Automaton","ascension_level":3,"is_trial":false}