{"path_per_floor":["M","M","M","M","M","R","?","M","T","?","$","E","M","M","R","B",null,"M","?","M","M","?","R","?","R","T","R","?","M","M","$","R"],"character_chosen":"IRONCLAD","items_purchased":["Seeing Red","Happy Flower","Offering"],"gold_per_floor":[118,133,144,162,172,172,172,188,267,267,37,72,86,100,100,197,197,217,217,234,254,154,154,154,154,177,177,177,197,214,70,70],"floor_reached":33,"campfire_rested":4,"playtime":2103,"current_hp_per_floor":[78,80,80,74,69,69,69,73,73,73,73,69,57,54,78,47,80,80,65,47,24,24,49,49,49,49,74,74,59,35,35,60],"items_purged":["Strike_R"],"gold":70,"score":251,"play_id":"3afc9409-7842-4fed-885f-13b08cee1742","is_prod":false,"is_daily":false,"is_ascension_mode":false,"campfire_upgraded":2,"path_taken":["M","M","M","M","M","R","?","M","T","?","$","E","M","?","R","BOSS","M","?","M","M","?","R","?","R","T","R","?","M","M","$","R","BOSS"],"build_version":"2018-02-15-PROD1","purchased_purges":1,"victory":false,"master_deck":["Strike_R","Strike_R","Strike_R","Defend_R","Defend_R","Defend_R","Defend_R","Bash","Uppercut+1","Twin Strike","Flex","Cleave","Mind Blast","Flex","Bash","Seeing Red","Headbutt","Cleave","Armaments+1","Burning Pact+1","Headbutt","Inflame","Flex","Offering","Rampage"],"max_hp_per_floor":[80,80,80,80,80,80,80,80,80,80,80,80,80,80,80,80,80,80,85,85,85,85,85,85,85,85,85,85,85,85,85,85],"relics":["Burning Blood","Bottled Flame","Happy Flower","Bag of Marbles","Velvet Choker","Gremlin Horn","Dream Catcher","Juzu Bracelet"],"card_choices":[{"not_picked":["Clothesline","Thunderclap"],"picked":"Uppercut"},{"not_picked":["Hemokinesis","Body Slam"],"picked":"Twin Strike"},{"not_picked":["Disarm","Bloodletting"],"picked":"Flex"},{"not_picked":["Body Slam","Fiend Fire"],"picked":"Cleave"},{"not_picked":["Pommel Strike","Feed"],"picked":"Headbutt"},{"not_picked":["Warcry","Clash"],"picked":"Cleave"},{"not_picked":["Headbutt","Twin Strike"],"picked":"Armaments"},{"not_picked":["Sword Boomerang","Warcry"],"picked":"Burning Pact"},{"not_picked":["Rage","Flex"],"picked":"Headbutt"},{"not_picked":["Twin Strike","Cleave"],"picked":"Inflame"},{"not_picked":["Clash","Reckless Charge"],"picked":"Flex"},{"not_picked":["Reckless Charge","Sever Soul"],"picked":"Rampage"}],"player_experience":47321,"potions_floor_usage":[5,13,16,20,21,29,33],"damage_taken":[{"damage":8,"enemies":"Jaw Worm","floor":1,"turns":5},{"damage":1,"enemies":"Cultist","floor":2,"turns":4},{"damage":5,"enemies":"Small Slimes","floor":3,"turns":4},{"damage":12,"enemies":"Blue Slaver","floor":4,"turns":6},{"damage":11,"enemies":"Lots of Slimes","floor":5,"turns":2},{"damage":2,"enemies":"3 Louse","floor":8,"turns":2},{"damage":10,"enemies":"Gremlin Nob","floor":12,"turns":3},{"damage":18,"enemies":"Gremlin Gang","floor":13,"turns":5},{"damage":9,"enemies":"2 Fungi Beasts","floor":14,"turns":2},{"damage":37,"enemies":"Hexaghost","floor":16,"turns":8},{"damage":2,"enemies":"Chosen","floor":18,"turns":3},{"damage":24,"enemies":"2 Thieves","floor":20,"turns":3},{"damage":29,"enemies":"Centurion and Healer","floor":21,"turns":4},{"damage":21,"enemies":"Snake Plant","floor":29,"turns":4},{"damage":30,"enemies":"Snecko","floor":30,"turns":5},{"damage":66,"enemies":"Champ","floor":33,"turns":8}],"event_choices":[{"event_name":"Match and Keep!","player_choice":"3 cards matched","floor":7,"damage_taken":0},{"event_name":"Purifier","player_choice":"One Purge","floor":10,"damage_taken":0},{"event_name":"Forgotten Altar","player_choice":"Shed Blood","floor":19,"damage_taken":0},{"event_name":"Drug Dealer","player_choice":"Got JAXXED","floor":22,"damage_taken":0},{"event_name":"Addict","player_choice":"Gave JAX","floor":24,"damage_taken":0},{"event_name":"The Mausoleum","player_choice":"Yes","floor":28,"damage_taken":0}],"boss_relics":[{"not_picked":["Runic Cube","Lizard Tail"],"picked":"Velvet Choker"}],"potions_floor_spawned":[2,5,8,12,18,21,30],"seed_played":"-7563915765235181452","killed_by":"Champ","ascension_level":0,"is_trial":false}