{"path_per_floor":["M","?","?","$","?","R","E","R","T","E","?","M","M","M","R","B",null,"M","$","?","M","$","R","M","R","T","M","M","E","?","M","R"],"character_chosen":"IRONCLAD","items_purchased":["Dropkick","Question Card","Feel No Pain"],"gold_per_floor":[113,113,213,132,82,82,115,115,139,171,194,206,217,228,228,330,330,349,22,22,40,4,4,18,18,18,34,48,79,79,98,98,98],"floor_reached":33,"campfire_rested":4,"playtime":1586,"current_hp_per_floor":[73,57,57,57,57,57,25,49,49,28,34,40,46,52,76,22,66,55,55,55,55,55,55,26,42,42,38,49,31,31,37,53,0],"items_purged":["Injury"],"gold":98,"score":369,"play_id":"92304895-7dd4-4d50-a5d4-e48ab95628b4","local_time":"20180415013348","is_prod":false,"is_daily":false,"chose_seed":false,"is_ascension_mode":true,"campfire_upgraded":2,"timestamp":1523770428,"path_taken":["M","?","?","$","?","R","E","R","T","E","?","M","M","M","R","BOSS","M","$","?","M","?","R","M","R","T","M","?","E","?","M","R","BOSS"],"build_version":"2018-04-13","seed_source_timestamp":232672211135628,"purchased_purges":1,"victory":false,"master_deck":["Defend_R","Defend_R","Defend_R","Defend_R+1","Bash","Body Slam+1","Dropkick","Battle Trance","Ghostly Armor","Thunderclap","Iron Wave+1","Battle Trance","Armaments","Juggernaut","True Grit","Bite","Bite+1","Bite","Bite","Bite","Infernal Blade","Feel No Pain+1","Feel No Pain+1","Disarm","Metallicize","Iron Wave"],"max_hp_per_floor":[80,80,80,80,80,80,80,80,80,80,80,80,80,80,80,80,80,80,80,56,56,56,56,56,56,56,56,56,56,56,56,56,56],"relics":["Black Blood","Champion Belt","Bronze Scales","Bag of Preparation","Omamori","Odd Mushroom","Question Card","Meat on the Bone","Whetstone"],"card_choices":[{"not_picked":["Flex","Rupture"],"picked":"Body Slam","floor":1},{"not_picked":["Flex","Limit Break"],"picked":"Battle Trance","floor":7},{"not_picked":["Power Through","Combust"],"picked":"Ghostly Armor","floor":10},{"not_picked":["Heavy Blade","Blood for Blood"],"picked":"Thunderclap","floor":11},{"not_picked":["Reckless Charge","Armaments"],"picked":"Iron Wave","floor":12},{"not_picked":["Iron Wave","Cleave"],"picked":"Battle Trance","floor":13},{"not_picked":["Iron Wave","Burning Pact"],"picked":"Armaments","floor":14},{"not_picked":["Berserk","Dark Embrace"],"picked":"Juggernaut","floor":16},{"not_picked":["Blood for Blood","Uppercut"],"picked":"True Grit","floor":18},{"not_picked":["Ghostly Armor","Pommel Strike","Iron Wave"],"picked":"Infernal Blade","floor":21},{"not_picked":["Shrug It Off","Rampage","Shockwave"],"picked":"Feel No Pain","floor":24},{"not_picked":["Pommel Strike","Anger","Cleave"],"picked":"Disarm","floor":27},{"not_picked":["Perfected Strike","Wild Strike","Infernal Blade"],"picked":"Metallicize","floor":29},{"not_picked":["Headbutt","Perfected Strike","Corruption"],"picked":"Iron Wave","floor":31}],"player_experience":198505,"potions_floor_usage":[10,16,24,27,28,29,33,33],"damage_taken":[{"damage":13,"enemies":"Small Slimes","floor":1,"turns":4},{"damage":38,"enemies":"3 Sentries","floor":7,"turns":12},{"damage":27,"enemies":"Lagavulin","floor":10,"turns":5},{"damage":0,"enemies":"The Mushroom Lair","floor":11,"turns":4},{"damage":0,"enemies":"2 Louse","floor":12,"turns":1},{"damage":0,"enemies":"Cultist","floor":13,"turns":2},{"damage":0,"enemies":"2 Fungi Beasts","floor":14,"turns":2},{"damage":60,"enemies":"Slime Boss","floor":16,"turns":14},{"damage":21,"enemies":"Shell Parasite","floor":18,"turns":7},{"damage":19,"enemies":"Chosen","floor":21,"turns":6},{"damage":43,"enemies":"3 Cultists","floor":24,"turns":6},{"damage":32,"enemies":"Snake Plant","floor":27,"turns":5},{"damage":13,"enemies":"Chosen and Byrds","floor":28,"turns":5},{"damage":48,"enemies":"Book of Stabbing","floor":29,"turns":6},{"damage":29,"enemies":"3 Cultists","floor":31,"turns":7},{"damage":77,"enemies":"Champ","floor":33,"turns":16}],"event_choices":[{"event_name":"Shining Light","player_choice":"Entered Light","floor":2,"damage_taken":0},{"event_name":"Wheel of Change","player_choice":"Gold","floor":3,"damage_taken":0},{"event_name":"The Cleric","player_choice":"Card Removal","floor":5,"damage_taken":0},{"event_name":"Mushrooms","player_choice":"Fought Mushrooms","floor":11,"damage_taken":0},{"event_name":"Vampires","player_choice":"Became a vampire","floor":20,"damage_taken":0},{"event_name":"Addict","player_choice":"Ignored","floor":30,"damage_taken":0}],"boss_relics":[{"not_picked":["Lizard Tail","Philosopher\u0027s Stone"],"picked":"Black Blood"}],"potions_floor_spawned":[1,7,10,13,16,21,24,27,28,31],"seed_played":"-3373765019472549867","killed_by":"Champ","ascension_level":5,"is_trial":false}