{"path_per_floor":["M","M","M","M","?","R","E","?","T","M","M","M","$","M","R"],"character_chosen":"THE_SILENT","items_purchased":["Burst","Footwork"],"gold_per_floor":[112,123,137,151,101,101,134,190,190,209,225,245,17,30,30],"floor_reached":16,"campfire_rested":0,"playtime":1265,"current_hp_per_floor":[70,66,66,65,65,65,59,59,73,73,70,69,69,69,69],"items_purged":[],"gold":30,"score":106,"play_id":"7a3d80c2-8ea0-4fb4-9ffa-fc971fcbba41","is_prod":false,"is_daily":false,"is_ascension_mode":false,"campfire_upgraded":2,"path_taken":["M","M","M","M","?","R","E","?","T","M","M","M","$","M","R","BOSS"],"build_version":"2018-02-15-PROD1","purchased_purges":0,"victory":false,"master_deck":["Defend_G","Defend_G","Defend_G","Defend_G","Defend_G","Strike_G","Strike_G","Strike_G","Strike_G","Survivor","Neutralize","Acrobatics","Sucker Punch+1","Sucker Punch","All Out Attack","Outmaneuver","Prepared","Escape Plan","Poisoned Stab","Burst+1","Footwork"],"max_hp_per_floor":[70,70,70,70,70,70,70,70,84,84,84,84,84,84,84],"relics":["Ring of the Snake","Anchor","Vajra","Mango"],"card_choices":[{"not_picked":["Deadly Poison","Expertise"],"picked":"Acrobatics"},{"not_picked":["PiercingWail","Choke"],"picked":"Sucker Punch"},{"not_picked":["Quick Slash","Distraction"],"picked":"Sucker Punch"},{"not_picked":["Flechettes","Dagger Spray"],"picked":"All Out Attack"},{"not_picked":["Deflect","Bouncing Flask"],"picked":"Outmaneuver"},{"not_picked":["Dagger Spray","Underhanded Strike"],"picked":"Prepared"},{"not_picked":["Noxious Fumes","Deflect"],"picked":"Escape Plan"},{"not_picked":["Slice","Acrobatics"],"picked":"Poisoned Stab"}],"player_experience":74351,"potions_floor_usage":[7,7,16],"damage_taken":[{"damage":0,"enemies":"2 Louse","floor":1,"turns":4},{"damage":4,"enemies":"Jaw Worm","floor":2,"turns":4},{"damage":0,"enemies":"Small Slimes","floor":3,"turns":4},{"damage":1,"enemies":"2 Fungi Beasts","floor":4,"turns":5},{"damage":6,"enemies":"3 Sentries","floor":7,"turns":6},{"damage":0,"enemies":"Blue Slaver","floor":10,"turns":3},{"damage":3,"enemies":"Exordium Wildlife","floor":11,"turns":3},{"damage":1,"enemies":"Lots of Slimes","floor":12,"turns":3},{"damage":0,"enemies":"Blue Slaver","floor":14,"turns":3},{"damage":69,"enemies":"The Guardian","floor":16,"turns":10}],"event_choices":[{"event_name":"The Cleric","player_choice":"Card Removal","floor":5,"damage_taken":0},{"event_name":"Golden Wing","player_choice":"Gained Gold","floor":8,"damage_taken":0}],"boss_relics":[],"potions_floor_spawned":[3,4,7],"seed_played":"-4435646206331507955","killed_by":"The Guardian","ascension_level":0,"is_trial":false}