{"gold_per_floor":[213,227,227,239,259,259,294,310,310,320,320,320,337,31,31,108,108,118,133,152,152,251,251,276,286,286,286,286,298,298,1,1,79,79,94,94,0,0,11,37,37,53,53,53,53,83,94,94,94,94],"floor_reached":51,"playtime":3019,"items_purged":["Strike_B"],"score":1250,"play_id":"35fe45d8-46e9-4fd6-8c5a-f77d9519bacc","local_time":"20190102190158","is_ascension_mode":true,"campfire_choices":[{"floor":6,"key":"REST"},{"data":"Echo Form","floor":12,"key":"SMITH"},{"data":"Sunder","floor":15,"key":"SMITH"},{"floor":23,"key":"RECALL"},{"floor":27,"key":"REST"},{"floor":30,"key":"REST"},{"floor":32,"key":"REST"},{"floor":41,"key":"REST"},{"floor":44,"key":"REST"},{"floor":49,"key":"REST"}],"neow_cost":"NONE","seed_source_timestamp":166554394510706,"circlet_count":0,"master_deck":["AscendersBane","Strike_B","Strike_B","Strike_B","Defend_B","Defend_B","Defend_B","Defend_B","Zap","Dualcast","Sweeping Beam","Electrodynamics","Consume","Sunder+1","Hologram","Conserve Battery","Echo Form+1","Self Repair","Capacitor","Meteor Strike","Leap","Genetic Algorithm+1","Reinforced Body","Skim","Glacier","Steam","Loop","Ball Lightning","Self Repair","Machine Learning","Electrodynamics","Ball Lightning","Dark Shackles","Storm+1","BootSequence+1","Cold Snap+1","Loop","Blizzard+1","Stack+1","Capacitor","Cold Snap+1"],"relics":["Cracked Core","Dream Catcher","Meat on the Bone","Symbiotic Virus","Bag of Marbles","Fusion Hammer","Bottled Tornado","Question Card","Mummified Hand","Runic Pyramid","Red Mask","Pen Nib","Matryoshka","Regal Pillow","Pantograph","Sundial","The Courier","Mercury Hourglass"],"potions_floor_usage":[7,16,16,24,50,50],"damage_taken":[{"damage":12,"enemies":"Small Slimes","floor":1,"turns":3},{"damage":0,"enemies":"Cultist","floor":2,"turns":4},{"damage":4,"enemies":"2 Louse","floor":4,"turns":3},{"damage":8,"enemies":"Blue Slaver","floor":5,"turns":3},{"damage":35,"enemies":"3 Sentries","floor":7,"turns":5},{"damage":2,"enemies":"3 Louse","floor":8,"turns":3},{"damage":16,"enemies":"Exordium Thugs","floor":10,"turns":4},{"damage":6,"enemies":"Blue Slaver","floor":13,"turns":3},{"damage":18,"enemies":"Slime Boss","floor":16,"turns":8},{"damage":7,"enemies":"2 Thieves","floor":18,"turns":3},{"damage":8,"enemies":"3 Byrds","floor":19,"turns":3},{"damage":0,"enemies":"Snecko","floor":20,"turns":3},{"damage":52,"enemies":"Book of Stabbing","floor":24,"turns":5},{"damage":24,"enemies":"Snake Plant","floor":25,"turns":4},{"damage":16,"enemies":"Cultist and Chosen","floor":29,"turns":9},{"damage":26,"enemies":"Collector","floor":33,"turns":11},{"damage":6,"enemies":"3 Shapes","floor":35,"turns":3},{"damage":24,"enemies":"3 Darklings","floor":39,"turns":4},{"damage":0,"enemies":"Nemesis","floor":40,"turns":7},{"damage":8,"enemies":"Transient","floor":42,"turns":5},{"damage":0,"enemies":"Reptomancer","floor":46,"turns":4},{"damage":13,"enemies":"Spire Growth","floor":47,"turns":3},{"damage":47,"enemies":"Awakened One","floor":50,"turns":15}],"seed_played":"3298652440651615062","potions_obtained":[{"floor":5,"key":"PowerPotion"},{"floor":7,"key":"SpeedPotion"},{"floor":10,"key":"Block Potion"},{"floor":18,"key":"LiquidBronze"},{"floor":20,"key":"Explosive Potion"},{"floor":29,"key":"EssenceOfSteel"},{"floor":35,"key":"LiquidBronze"}],"is_trial":false,"path_per_floor":["M","M","?","M","M","R","E","M","T","M","?","R","M","$","R","B",null,"M","M","M","?","?","R","E","M","T","R","?","M","R","$","R","B",null,"M","?","?","T","M","E","R","M","T","R","?","E","M","T","R","B",null],"character_chosen":"DEFECT","items_purchased":["Fire Potion","Capacitor","Bag of Marbles","Mummified Hand","Self Repair"],"campfire_rested":7,"item_purchase_floors":[14,14,14,31,31],"current_hp_per_floor":[56,56,44,40,32,54,19,29,29,25,75,75,69,69,69,51,69,62,54,54,75,75,75,35,30,30,52,52,55,75,75,75,63,72,73,73,73,73,63,75,75,75,75,75,75,75,69,69,75,54],"gold":94,"neow_bonus":"HUNDRED_GOLD","is_prod":false,"is_daily":false,"chose_seed":false,"campfire_upgraded":2,"win_rate":0,"timestamp":1546473718,"path_taken":["M","M","?","M","M","R","E","M","T","M","?","R","M","$","R","BOSS","M","?","M","?","?","R","E","M","T","R","?","?","R","$","R","BOSS","M","?","?","?","M","E","R","?","T","R","?","E","M","?","R","BOSS"],"build_version":"2019-01-01v2","purchased_purges":1,"victory":true,"max_hp_per_floor":[75,75,75,75,75,75,75,75,75,75,75,75,75,75,75,75,75,75,75,75,75,75,75,75,75,75,75,75,75,75,75,75,75,75,75,75,75,75,75,75,75,75,75,75,75,75,75,75,75,75],"card_choices":[{"not_picked":["Steam","Scrape"],"picked":"Beam Cell","floor":1},{"not_picked":["Barrage","Gash"],"picked":"Sweeping Beam","floor":2},{"not_picked":["Compile Driver","Redo"],"picked":"Electrodynamics","floor":4},{"not_picked":["Steam","Streamline"],"picked":"Consume","floor":5},{"not_picked":["Force Field","Ball Lightning"],"picked":"Sunder","floor":6},{"not_picked":["Sweeping Beam","Steam Power"],"picked":"Hologram","floor":7},{"not_picked":["Go for the Eyes","Rebound"],"picked":"Conserve Battery","floor":8},{"not_picked":["Hologram","Coolheaded"],"picked":"Echo Form","floor":10},{"not_picked":["Fusion","Reinforced Body"],"picked":"Self Repair","floor":13},{"not_picked":["Fission","Creative AI"],"picked":"Meteor Strike","floor":16},{"not_picked":["Ball Lightning","Sweeping Beam"],"picked":"Leap","floor":18},{"not_picked":["Conserve Battery","Hologram"],"picked":"Genetic Algorithm+1","floor":19},{"not_picked":["Compile Driver","Go for the Eyes"],"picked":"Reinforced Body","floor":20},{"not_picked":["Tempest","Go for the Eyes"],"picked":"Skim","floor":24},{"not_picked":["Cold Snap","Leap"],"picked":"Glacier","floor":25},{"not_picked":["Turbo","Hologram","Streamline"],"picked":"Steam","floor":27},{"not_picked":["Beam Cell","Rebound+1","Sweeping Beam"],"picked":"Loop","floor":29},{"not_picked":["Blizzard","FTL+1","Self Repair"],"picked":"Ball Lightning","floor":30},{"not_picked":["Chaos","Conserve Battery","Genetic Algorithm"],"picked":"Machine Learning","floor":32},{"not_picked":["Rainbow","Machine Learning","Seek"],"picked":"Electrodynamics","floor":33},{"not_picked":["Blizzard","Compile Driver+1","Darkness"],"picked":"Ball Lightning","floor":35},{"not_picked":["HandOfGreed","Purity","Sadistic Nature"],"picked":"Dark Shackles","floor":36},{"not_picked":["Gash","Ball Lightning+1","Barrage"],"picked":"Storm+1","floor":39},{"not_picked":["Cold Snap","Barrage","Reinforced Body"],"picked":"BootSequence+1","floor":40},{"not_picked":["Stack","Barrage+1","Steam"],"picked":"Cold Snap+1","floor":41},{"not_picked":["Sweeping Beam","Ball Lightning+1","Steam+1"],"picked":"Loop","floor":42},{"not_picked":["Hologram","Barrage","Compile Driver"],"picked":"Blizzard+1","floor":44},{"not_picked":["Multi-Cast","Turbo","Doom and Gloom"],"picked":"Stack+1","floor":46},{"not_picked":["Coolheaded","Scrape+1","Doom and Gloom"],"picked":"Capacitor","floor":47},{"not_picked":["Ball Lightning","Steam","Beam Cell"],"picked":"Cold Snap+1","floor":49}],"player_experience":1134393,"relics_obtained":[{"floor":7,"key":"Meat on the Bone"},{"floor":9,"key":"Symbiotic Virus"},{"floor":24,"key":"Bottled Tornado"},{"floor":26,"key":"Question Card"},{"floor":38,"key":"Pen Nib"},{"floor":40,"key":"Matryoshka"},{"floor":43,"key":"Regal Pillow"},{"floor":43,"key":"Pantograph"},{"floor":46,"key":"Sundial"},{"floor":48,"key":"The Courier"},{"floor":48,"key":"Mercury Hourglass"}],"event_choices":[{"damage_healed":0,"gold_gain":0,"player_choice":"Success","damage_taken":12,"relics_obtained":["Dream Catcher"],"max_hp_gain":0,"max_hp_loss":0,"event_name":"Scrap Ooze","floor":3,"gold_loss":0},{"damage_healed":50,"gold_gain":0,"player_choice":"Full Heal","damage_taken":0,"max_hp_gain":0,"max_hp_loss":0,"event_name":"Wheel of Change","floor":11,"gold_loss":0},{"damage_healed":25,"gold_gain":0,"player_choice":"Heal","damage_taken":0,"max_hp_gain":0,"max_hp_loss":0,"event_name":"The Library","floor":21,"gold_loss":0},{"damage_healed":0,"gold_gain":99,"player_choice":"Stole From Cult","damage_taken":0,"max_hp_gain":0,"max_hp_loss":0,"event_name":"Nest","floor":22,"gold_loss":0},{"damage_healed":0,"gold_gain":0,"player_choice":"Ignored","damage_taken":0,"max_hp_gain":0,"max_hp_loss":0,"event_name":"Ghosts","floor":28,"gold_loss":0},{"damage_healed":0,"gold_gain":0,"player_choice":"Memory 1","damage_taken":0,"max_hp_gain":0,"max_hp_loss":0,"event_name":"SensoryStone","floor":36,"gold_loss":0},{"damage_healed":0,"gold_gain":0,"player_choice":"Paid","damage_taken":0,"relics_obtained":["Red Mask"],"max_hp_gain":0,"max_hp_loss":0,"event_name":"Tomb of Lord Red Mask","floor":37,"gold_loss":94},{"cards_removed":["Beam Cell"],"damage_healed":0,"gold_gain":0,"player_choice":"Removed Attack","damage_taken":0,"max_hp_gain":0,"max_hp_loss":0,"event_name":"Falling","floor":45,"gold_loss":0}],"is_beta":true,"boss_relics":[{"not_picked":["Cursed Key","Runic Dome"],"picked":"Fusion Hammer"},{"not_picked":["Pandora\u0027s Box","Orrery"],"picked":"Runic Pyramid"}],"items_purged_floors":[14],"is_endless":false,"potions_floor_spawned":[5,7,10,13,18,20,29,33,35,46],"ascension_level":13}