{"path_per_floor":["M","M","M","?","M","R","E","?","T","M","R","M","R","$","R","B",null,"M","M","M","?","M","R","M","R","T","M","R","?","M","E","R","B",null,"M","?","?","M","?","M","$","M","T","?","R","M","?","M","R"],"character_chosen":"IRONCLAD","items_purchased":["Evolve","Infernal Blade"],"gold_per_floor":[114,134,145,145,165,165,190,155,155,166,166,179,179,35,35,138,138,93,93,93,93,93,93,93,93,93,93,93,93,93,93,93,93,93,93,93,93,93,93,93,17,17,17,17,17,17,0,0,0],"floor_reached":50,"campfire_rested":3,"playtime":2874,"current_hp_per_floor":[75,74,74,67,66,66,41,61,61,52,76,66,66,66,66,26,80,76,64,58,43,42,42,48,48,48,54,54,54,24,27,52,16,85,47,47,95,93,75,74,74,75,75,63,63,68,68,73,95],"items_purged":["Evolve"],"gold":0,"score":536,"play_id":"0555310f-fc06-4856-a94a-12dfbe257a91","local_time":"20180302212725","is_prod":false,"is_daily":false,"is_ascension_mode":true,"campfire_upgraded":7,"timestamp":1520044045,"path_taken":["M","?","M","?","?","R","E","?","T","M","R","?","R","$","R","BOSS","M","M","M","?","M","R","M","R","T","M","R","?","?","E","R","BOSS","M","?","?","M","?","?","$","M","T","?","R","M","?","?","R","BOSS"],"build_version":"2018-03-01-PROD1","purchased_purges":1,"victory":false,"master_deck":["Strike_R","Strike_R","Strike_R","Strike_R","Strike_R","Defend_R","Defend_R","Defend_R","Immolate","Wild Strike+1","Armaments+1","Battle Trance","Perfected Strike","Perfected Strike+1","Shrug It Off+1","Flame Barrier+1","Perfected Strike+1","Thunderclap+1","Wild Strike+1","Sentinel+1","Metallicize+1","Whirlwind+1","Rage+1","Wild Strike","Seeing Red+1","Headbutt","Infernal Blade","Madness","Madness","Wild Strike+1","Anger+1"],"max_hp_per_floor":[80,80,80,80,80,80,80,80,80,80,80,80,80,80,80,80,80,80,80,80,85,85,85,85,85,85,85,85,85,85,85,85,85,85,85,85,95,95,95,95,95,95,95,95,95,95,95,95,95],"relics":["Burning Blood","Bronze Scales","Du-Vu Doll","Ectoplasm","Ginger","Letter Opener","Centennial Puzzle","Mark of Pain","Thread and Needle","Dodecahedron","Red Mask"],"card_choices":[{"not_picked":["Combust","Havoc"],"picked":"Wild Strike"},{"not_picked":["Combust","Anger"],"picked":"Armaments"},{"not_picked":["Rupture","Iron Wave"],"picked":"Battle Trance"},{"not_picked":["Warcry","Searing Blow"],"picked":"Perfected Strike"},{"not_picked":["Thunderclap","Cleave"],"picked":"Perfected Strike"},{"not_picked":["Perfected Strike","Carnage"],"picked":"Shrug It Off"},{"not_picked":["Reckless Charge","Sentinel"],"picked":"Flame Barrier"},{"not_picked":["Rupture","Thunderclap"],"picked":"Perfected Strike"},{"not_picked":["Metallicize","Warcry"],"picked":"Thunderclap"},{"not_picked":["Sword Boomerang","Pommel Strike"],"picked":"Wild Strike"},{"not_picked":["Twin Strike","Clash"],"picked":"Sentinel"},{"not_picked":["Havoc","Dark Embrace"],"picked":"Metallicize"},{"not_picked":["Warcry","Dropkick"],"picked":"Whirlwind"},{"not_picked":["Impervious","Dark Embrace"],"picked":"Juggernaut"},{"not_picked":["Thunderclap","Clash"],"picked":"Rage"},{"not_picked":["Second Wind","Anger"],"picked":"Wild Strike"},{"not_picked":["Pommel Strike","Carnage"],"picked":"Seeing Red"},{"not_picked":["Hemokinesis","Body Slam"],"picked":"Headbutt"},{"not_picked":["Battle Trance","Warcry"],"picked":"Wild Strike"},{"not_picked":["Burning Pact","Flex"],"picked":"Anger"}],"player_experience":333480,"potions_floor_usage":[18,19,22,27,30,35,39,42,50,50],"damage_taken":[{"damage":11,"enemies":"Cultist","floor":1,"turns":4},{"damage":7,"enemies":"Jaw Worm","floor":2,"turns":3},{"damage":6,"enemies":"2 Louse","floor":3,"turns":3},{"damage":7,"enemies":"Looter","floor":5,"turns":3},{"damage":31,"enemies":"Lagavulin","floor":7,"turns":6},{"damage":15,"enemies":"Gremlin Gang","floor":10,"turns":3},{"damage":16,"enemies":"Lots of Slimes","floor":12,"turns":4},{"damage":46,"enemies":"Slime Boss","floor":16,"turns":10},{"damage":10,"enemies":"2 Thieves","floor":18,"turns":3},{"damage":18,"enemies":"Shell Parasite","floor":19,"turns":4},{"damage":12,"enemies":"Chosen and Byrds","floor":20,"turns":6},{"damage":7,"enemies":"Sentry and Sphere","floor":22,"turns":4},{"damage":0,"enemies":"Snecko","floor":24,"turns":3},{"damage":0,"enemies":"3 Cultists","floor":27,"turns":4},{"damage":36,"enemies":"Slaver and Parasite","floor":30,"turns":5},{"damage":3,"enemies":"Slavers","floor":31,"turns":4},{"damage":42,"enemies":"Champ","floor":33,"turns":13},{"damage":44,"enemies":"3 Darklings","floor":35,"turns":9},{"damage":8,"enemies":"3 Shapes","floor":38,"turns":3},{"damage":24,"enemies":"Mysterious Sphere","floor":39,"turns":5},{"damage":7,"enemies":"Sphere and 2 Shapes","floor":40,"turns":5},{"damage":5,"enemies":"3 Darklings","floor":42,"turns":3},{"damage":1,"enemies":"Maw","floor":46,"turns":6},{"damage":1,"enemies":"Sphere and 2 Shapes","floor":48,"turns":3},{"damage":95,"enemies":"Awakened One","floor":50,"turns":12}],"event_choices":[{"event_name":"Golden Wing","player_choice":"Card Removal","floor":4,"damage_taken":0},{"event_name":"The Cleric","player_choice":"Healed","floor":8,"damage_taken":0},{"event_name":"Forgotten Altar","player_choice":"Shed Blood","floor":21,"damage_taken":0},{"event_name":"The Mausoleum","player_choice":"Yes","floor":29,"damage_taken":0},{"event_name":"Bonfire Elementals","player_choice":"RARE","floor":37,"damage_taken":0},{"event_name":"Mysterious Sphere","player_choice":"Fight","floor":39,"damage_taken":0},{"event_name":"Winding Halls","player_choice":"Embrace Madness","floor":44,"damage_taken":0},{"event_name":"Tomb of Lord Red Mask","player_choice":"Paid","floor":47,"damage_taken":0}],"boss_relics":[{"not_picked":["Philosopher\u0027s Stone","Question Card"],"picked":"Ectoplasm"},{"not_picked":["Runic Cube","Cursed Key"],"picked":"Mark of Pain"}],"potions_floor_spawned":[3,7,16,18,19,22,33,38,40,46],"seed_played":"-4213669868081366319","killed_by":"Awakened One","ascension_level":2,"is_trial":false}