{"path_per_floor":["M","?","M","M","M","R","E","R","T","M","$","M","$","?","R","B",null,"M","?","M","$","?","E","R","E","T","R","M","E","$","E","R"],"character_chosen":"THE_SILENT","items_purchased":["Cloak And Dagger","Glass Knife","Adrenaline","Infinite Blades"],"gold_per_floor":[114,114,127,140,155,155,185,185,185,198,22,35,35,35,35,158,158,172,97,120,43,43,77,77,113,163,163,177,210,137,180,180,180],"floor_reached":33,"campfire_rested":2,"playtime":2029,"item_purchase_floors":[11,11,21,30],"current_hp_per_floor":[56,56,56,55,55,55,8,29,29,36,36,36,36,36,36,40,63,60,60,48,48,35,25,25,26,26,40,40,37,37,24,38,0],"items_purged":[],"gold":180,"score":518,"play_id":"db57f4be-3d72-4f46-8795-ff66c222ecf5","local_time":"20180603211419","is_prod":false,"is_daily":false,"chose_seed":true,"is_ascension_mode":true,"campfire_upgraded":2,"win_rate":0,"timestamp":1528074859,"campfire_choices":[{"data":"Wraith Form v2","floor":6,"key":"SMITH"},{"floor":8,"key":"REST"},{"data":"Glass Knife","floor":15,"key":"SMITH"},{"floor":24,"key":"DIG"},{"floor":27,"key":"DIG"},{"floor":32,"key":"REST"}],"path_taken":["M","?","?","?","M","R","E","R","T","M","$","M","?","?","R","BOSS","M","?","M","?","?","E","R","E","T","R","M","E","$","E","R","BOSS"],"build_version":"2018-05-30v2","seed_source_timestamp":35181755094538,"purchased_purges":0,"victory":false,"master_deck":["Defend_G","Defend_G","Defend_G","Defend_G","Defend_G","Strike_G","Strike_G","Strike_G","Strike_G","Survivor","Neutralize+1","Tools of the Trade","Backflip","Wraith Form v2+1","Quick Slash","Accuracy","Dagger Throw","Noxious Fumes","Cloak And Dagger","Glass Knife+1","Malaise","Injury","Night Terror","Setup+1","PiercingWail+1","Adrenaline","Ghostly","Ghostly","Ghostly","Ghostly+1","Ghostly","Outmaneuver+1","Noxious Fumes","Bane+1","Malaise","Infinite Blades","Acrobatics"],"max_hp_per_floor":[70,70,70,70,70,70,70,70,70,70,70,70,70,70,70,70,70,70,70,70,70,35,35,35,35,35,49,49,49,49,49,49,49],"relics":["Ring of the Snake","Ninja Scroll","Meat on the Bone","Golden Idol","Sozu","Shovel","Bottled Flame","Boot","Orichalcum","Mango","War Paint","Darkstone Periapt"],"card_choices":[{"not_picked":["Deflect","Accuracy"],"picked":"Backflip","floor":1},{"not_picked":["Dodge and Roll","Prepared"],"picked":"Wraith Form v2","floor":3},{"not_picked":["Acrobatics","Deflect"],"picked":"Quick Slash","floor":4},{"not_picked":["Dodge and Roll","Deadly Poison"],"picked":"Accuracy","floor":5},{"not_picked":["Skewer","Prepared"],"picked":"Dagger Throw","floor":7},{"not_picked":["Underhanded Strike","Cloak And Dagger"],"picked":"Noxious Fumes","floor":10},{"not_picked":["Crippling Poison","Flying Knee"],"picked":"Malaise","floor":12},{"not_picked":["Tactician","Burst"],"picked":"Night Terror","floor":16},{"not_picked":["Deadly Poison","Distraction+1"],"picked":"Setup+1","floor":18},{"not_picked":["Eviscerate","Prepared+1"],"picked":"PiercingWail","floor":20},{"not_picked":["Reflex","Slice"],"picked":"Outmaneuver+1","floor":23},{"not_picked":["Heel Hook","Blade Dance"],"picked":"Noxious Fumes","floor":25},{"not_picked":["Flying Knee","Acrobatics+1"],"picked":"Bane+1","floor":28},{"not_picked":["Masterful Stab","Sucker Punch+1"],"picked":"Malaise","floor":29},{"not_picked":["Expertise","Prepared"],"picked":"Acrobatics","floor":31}],"player_experience":391913,"potions_floor_usage":[7,31,33],"damage_taken":[{"damage":7,"enemies":"2 Louse","floor":1,"turns":3},{"damage":0,"enemies":"Cultist","floor":3,"turns":3},{"damage":1,"enemies":"Jaw Worm","floor":4,"turns":5},{"damage":0,"enemies":"Red Slaver","floor":5,"turns":6},{"damage":47,"enemies":"Lagavulin","floor":7,"turns":10},{"damage":5,"enemies":"Gremlin Gang","floor":10,"turns":4},{"damage":0,"enemies":"Exordium Thugs","floor":12,"turns":4},{"damage":8,"enemies":"Hexaghost","floor":16,"turns":15},{"damage":3,"enemies":"Spheric Guardian","floor":18,"turns":3},{"damage":12,"enemies":"Shell Parasite","floor":20,"turns":7},{"damage":10,"enemies":"Slavers","floor":23,"turns":12},{"damage":11,"enemies":"Gremlin Leader","floor":25,"turns":9},{"damage":0,"enemies":"Snecko","floor":28,"turns":10},{"damage":3,"enemies":"Book of Stabbing","floor":29,"turns":8},{"damage":25,"enemies":"Slavers","floor":31,"turns":6},{"damage":70,"enemies":"Automaton","floor":33,"turns":6}],"relics_obtained":[{"floor":7,"key":"Ninja Scroll"},{"floor":9,"key":"Meat on the Bone"},{"floor":23,"key":"Shovel"},{"floor":24,"key":"Bottled Flame"},{"floor":25,"key":"Boot"},{"floor":26,"key":"Orichalcum"},{"floor":27,"key":"Mango"},{"floor":29,"key":"War Paint"},{"floor":31,"key":"Darkstone Periapt"}],"event_choices":[{"event_name":"Upgrade Shrine","player_choice":"Upgraded","floor":2,"damage_taken":0},{"event_name":"Golden Idol","player_choice":"Take Wound","floor":14,"damage_taken":0},{"event_name":"Beggar","player_choice":"Gave Gold","floor":19,"damage_taken":0},{"event_name":"Ghosts","player_choice":"Became a Ghost","floor":22,"damage_taken":0}],"boss_relics":[{"not_picked":["Eternal Feather","Runic Pyramid"],"picked":"Sozu"}],"items_purged_floors":[],"potions_floor_spawned":[3,12,16,20,28],"seed_played":"-8623042705149605899","killed_by":"Automaton","ascension_level":9,"potions_obtained":[{"floor":3,"key":"PowerPotion"},{"floor":12,"key":"SpeedPotion"},{"floor":16,"key":"GamblersBrew"}],"is_trial":false}