{"gold_per_floor":[118,118,118,131,150,184,184,203,203,203,229,229,68,68,68,144,144,158,158,138,154,165,165,196,208,208,208,9,9,37,50,50,121,121,138,154,171,187,187,187,187,221,247,247,267,267,24,57,57,57],"floor_reached":51,"playtime":1459,"items_purged":["Writhe","Shame"],"score":1324,"play_id":"749449e6-0610-4995-8c30-7259994eeda1","local_time":"20190207230840","is_ascension_mode":true,"campfire_choices":[{"floor":7.0,"key":"REST"},{"floor":10.0,"key":"REST"},{"data":"Heavy Blade","floor":12.0,"key":"SMITH"},{"data":"Spot Weakness","floor":15.0,"key":"SMITH"},{"data":"Immolate","floor":23.0,"key":"SMITH"},{"data":"Heavy Blade","floor":27.0,"key":"SMITH"},{"floor":29.0,"key":"REST"},{"floor":32.0,"key":"REST"},{"floor":40.0,"key":"REST"},{"floor":46,"key":"REST"},{"floor":49,"key":"REST"}],"neow_cost":"NONE","seed_source_timestamp":0,"circlet_count":0,"master_deck":["AscendersBane","Strike_R+1","Strike_R","Strike_R","Defend_R","Defend_R","Defend_R","Defend_R","Bash","Shrug It Off","Pommel Strike+1","Spot Weakness+1","Heavy Blade+1","Limit Break","Iron Wave","Immolate+1","Clothesline+1","Combust+1","Heavy Blade+1","Clumsy","Shockwave","Offering","Metallicize","Intimidate","Spot Weakness"],"special_seed":0,"relics":["Burning Blood","Whetstone","Kunai","Incense Burner","Cursed Key","Ginger","Art of War","Sundial","Dream Catcher","Velvet Choker","Gambling Chip","Anchor","The Courier"],"potions_floor_usage":[45,45,50],"damage_taken":[{"damage":10.0,"enemies":"2 Louse","floor":1.0,"turns":2.0},{"damage":4.0,"enemies":"Small Slimes","floor":4.0,"turns":4.0},{"damage":0.0,"enemies":"Cultist","floor":5.0,"turns":3.0},{"damage":40.0,"enemies":"Gremlin Nob","floor":6.0,"turns":4.0},{"damage":15.0,"enemies":"3 Louse","floor":8.0,"turns":4.0},{"damage":28.0,"enemies":"Lagavulin","floor":11.0,"turns":6.0},{"damage":31.0,"enemies":"Hexaghost","floor":16.0,"turns":7.0},{"damage":6.0,"enemies":"Shell Parasite","floor":18.0,"turns":3.0},{"damage":0.0,"enemies":"Spheric Guardian","floor":21.0,"turns":3.0},{"damage":19.0,"enemies":"Snake Plant","floor":22.0,"turns":4.0},{"damage":10.0,"enemies":"Book of Stabbing","floor":24.0,"turns":5.0},{"damage":17.0,"enemies":"Shelled Parasite and Fungi","floor":25.0,"turns":3.0},{"damage":41.0,"enemies":"Gremlin Leader","floor":30.0,"turns":4.0},{"damage":9.0,"enemies":"3 Cultists","floor":31.0,"turns":4.0},{"damage":48.0,"enemies":"Collector","floor":33.0,"turns":6.0},{"damage":10.0,"enemies":"3 Shapes","floor":35.0,"turns":4.0},{"damage":12.0,"enemies":"3 Darklings","floor":36.0,"turns":3.0},{"damage":12.0,"enemies":"Transient","floor":37.0,"turns":5.0},{"damage":16.0,"enemies":"Spire Growth","floor":38.0,"turns":4.0},{"damage":14.0,"enemies":"Giant Head","floor":42.0,"turns":6.0},{"damage":18,"enemies":"Maw","floor":45,"turns":7},{"damage":30,"enemies":"Reptomancer","floor":48,"turns":5},{"damage":71,"enemies":"Time Eater","floor":50,"turns":6}],"seed_played":"8464002170522762973","potions_obtained":[{"floor":1.0,"key":"Strength Potion"},{"floor":4.0,"key":"GamblersBrew"},{"floor":8.0,"key":"Block Potion"},{"floor":16.0,"key":"SpeedPotion"},{"floor":20.0,"key":"AttackPotion"},{"floor":22.0,"key":"SkillPotion"},{"floor":31.0,"key":"AttackPotion"},{"floor":38.0,"key":"BloodPotion"},{"floor":48,"key":"PowerPotion"}],"is_trial":false,"path_per_floor":["M","?","?","M","M","E","R","M","T","R","E","R","$","?","R","B",null,"M","?","?","M","M","R","E","M","T","R","$","R","E","M","R","B",null,"M","M","M","M","?","R","?","E","T","?","M","R","$","E","R","B",null],"character_chosen":"IRONCLAD","items_purchased":["Limit Break","Iron Wave","Regen Potion","Explosive Potion","Spot Weakness","Explosive Potion","Swift Potion"],"campfire_rested":7,"item_purchase_floors":[13,13,28,28,47,47,47],"current_hp_per_floor":[71,64,64,66,72,38,62,53,53,77,55,55,55,55,55,30,69,69,69,69,75,62,62,58,47,47,47,47,71,45,42,66,24,68,64,58,52,42,42,65,65,57,57,57,52,75,75,51,74,9],"gold":57,"neow_bonus":"TEN_PERCENT_HP_BONUS","is_prod":false,"is_daily":false,"chose_seed":false,"campfire_upgraded":4,"win_rate":0,"timestamp":1549598920,"path_taken":["M","?","?","M","?","E","R","M","T","R","E","R","$","?","R","BOSS","M","?","?","M","?","R","E","M","T","R","$","R","E","M","R","BOSS","M","M","?","M","?","R","?","E","T","?","M","R","?","E","R","BOSS"],"build_version":"2019-01-23","purchased_purges":2,"victory":true,"max_hp_per_floor":[82,82,82,82,82,82,82,82,82,82,82,82,82,82,82,82,82,82,82,82,82,82,82,82,82,82,82,82,82,82,82,82,82,82,82,82,82,82,78,78,78,78,78,78,78,78,78,78,78,78],"card_choices":[{"not_picked":["Sever Soul","Thunderclap"],"picked":"Shrug It Off","floor":1.0},{"not_picked":["Entrench","Sword Boomerang"],"picked":"Pommel Strike","floor":4.0},{"not_picked":["Sentinel","Combust"],"picked":"Spot Weakness","floor":5.0},{"not_picked":["Warcry","Whirlwind","Fire Breathing"],"picked":"SKIP","floor":6.0},{"not_picked":["Inflame","Wild Strike","Whirlwind"],"picked":"SKIP","floor":8.0},{"not_picked":["Thunderclap","Feel No Pain"],"picked":"Heavy Blade","floor":11.0},{"not_picked":["Fiend Fire","Impervious"],"picked":"Immolate","floor":16.0},{"not_picked":["Iron Wave","Wild Strike+1","Sword Boomerang"],"picked":"SKIP","floor":18.0},{"not_picked":["Armaments","Whirlwind"],"picked":"Clothesline+1","floor":21.0},{"not_picked":["Clash","Flex","Headbutt"],"picked":"SKIP","floor":22.0},{"not_picked":["Hemokinesis","Havoc"],"picked":"Combust+1","floor":24.0},{"not_picked":["Twin Strike","Thunderclap"],"picked":"Heavy Blade","floor":25.0},{"not_picked":["Anger+1","Whirlwind","Searing Blow"],"picked":"SKIP","floor":30.0},{"not_picked":["Anger","Pommel Strike","Rupture"],"picked":"SKIP","floor":31.0},{"not_picked":["Armaments","Cleave"],"picked":"Shockwave","floor":32.0},{"not_picked":["Impervious","Fiend Fire"],"picked":"Offering","floor":33.0},{"not_picked":["Thunderclap","Infernal Blade","Dual Wield"],"picked":"SKIP","floor":35.0},{"not_picked":["Searing Blow","Shrug It Off"],"picked":"Metallicize","floor":36.0},{"not_picked":["Rage","Warcry","Clash+1"],"picked":"SKIP","floor":37.0},{"not_picked":["Dual Wield+1","Body Slam+1","True Grit"],"picked":"SKIP","floor":38.0},{"not_picked":["Demon Form","Searing Blow","Juggernaut"],"picked":"SKIP","floor":42.0},{"not_picked":["Sword Boomerang","Seeing Red","Flex"],"picked":"SKIP","floor":45},{"not_picked":["True Grit","Twin Strike+1"],"picked":"Intimidate","floor":46},{"not_picked":["Clash","Anger+1","Havoc"],"picked":"SKIP","floor":48}],"player_experience":250344,"relics_obtained":[{"floor":6.0,"key":"Whetstone"},{"floor":9.0,"key":"Kunai"},{"floor":11.0,"key":"Incense Burner"},{"floor":24.0,"key":"Art of War"},{"floor":26.0,"key":"Sundial"},{"floor":30.0,"key":"Dream Catcher"},{"floor":42.0,"key":"Gambling Chip"},{"floor":43.0,"key":"Anchor"},{"floor":48,"key":"The Courier"}],"event_choices":[{"cards_removed":["Strike_R"],"damage_healed":0.0,"max_hp_gain":0.0,"max_hp_loss":0.0,"gold_gain":0.0,"event_name":"Golden Wing","player_choice":"Card Removal","floor":2.0,"gold_loss":0.0,"damage_taken":7.0},{"cards_removed":["Strike_R"],"damage_healed":0.0,"max_hp_gain":0.0,"max_hp_loss":0.0,"gold_gain":0.0,"event_name":"Purifier","player_choice":"Purged","floor":3.0,"gold_loss":0.0,"damage_taken":0.0},{"damage_healed":0.0,"max_hp_gain":0.0,"max_hp_loss":0.0,"gold_gain":0.0,"event_name":"Shining Light","player_choice":"Ignored","floor":14.0,"gold_loss":0.0,"damage_taken":0.0},{"damage_healed":0.0,"max_hp_gain":0.0,"max_hp_loss":0.0,"gold_gain":0.0,"event_name":"The Mausoleum","player_choice":"Opened","floor":19.0,"gold_loss":0.0,"damage_taken":0.0,"relics_obtained":["Ginger"],"cards_obtained":["Writhe"]},{"damage_healed":0.0,"max_hp_gain":0.0,"max_hp_loss":0.0,"gold_gain":0.0,"event_name":"The Woman in Blue","player_choice":"Bought 1 Potion","floor":20.0,"gold_loss":0.0,"damage_taken":0.0},{"damage_healed":0.0,"max_hp_gain":0.0,"max_hp_loss":4.0,"gold_gain":0.0,"event_name":"Winding Halls","player_choice":"Max HP","floor":39.0,"gold_loss":0.0,"damage_taken":0.0},{"damage_healed":0.0,"max_hp_gain":0.0,"max_hp_loss":0.0,"gold_gain":0.0,"event_name":"Mysterious Sphere","player_choice":"Ignored","floor":41.0,"gold_loss":0.0,"damage_taken":0.0},{"damage_healed":0.0,"max_hp_gain":0.0,"max_hp_loss":0.0,"gold_gain":0.0,"event_name":"SensoryStone","player_choice":"Memory 1","floor":44.0,"gold_loss":0.0,"damage_taken":0.0}],"is_beta":false,"boss_relics":[{"not_picked":["Black Star","Pandora\u0027s Box"],"picked":"Cursed Key"},{"not_picked":["Astrolabe","Orrery"],"picked":"Velvet Choker"}],"items_purged_floors":[28,47],"is_endless":false,"potions_floor_spawned":[1,4,8,16,21,22,31,36,38,48],"ascension_level":15}