{"gold_per_floor":[118,118,83,98,110,139,152,167,167,167,196,218,230,253,265,277],"floor_reached":16,"playtime":631,"items_purged":[],"score":182,"play_id":"1ce56bbb-a863-49fe-b5a8-842f2553507d","local_time":"20181215213155","is_ascension_mode":true,"campfire_choices":[{"floor":10,"key":"REST"},{"data":"Rampage","floor":13,"key":"SMITH"},{"data":"Juggernaut","floor":15,"key":"SMITH"}],"neow_cost":"NONE","seed_source_timestamp":34662290751641,"circlet_count":0,"master_deck":["AscendersBane","Strike_R","Strike_R","Strike_R","Strike_R","Strike_R","Defend_R","Defend_R","Defend_R","Bash","Thunderclap","Feel No Pain","Rampage+1","Rage","Juggernaut+1","Body Slam","Armaments","Feel No Pain","Spot Weakness"],"relics":["Burning Blood","NeowsBlessing","Turnip","Mercury Hourglass","MawBank"],"potions_floor_usage":[16],"damage_taken":[{"damage":0,"enemies":"Cultist","floor":1,"turns":1},{"damage":0,"enemies":"Small Slimes","floor":4,"turns":1},{"damage":0,"enemies":"2 Louse","floor":5,"turns":1},{"damage":25,"enemies":"3 Sentries","floor":6,"turns":11},{"damage":10,"enemies":"Large Slime","floor":7,"turns":5},{"damage":21,"enemies":"Lots of Slimes","floor":8,"turns":6},{"damage":17,"enemies":"Gremlin Nob","floor":11,"turns":4},{"damage":0,"enemies":"Exordium Wildlife","floor":12,"turns":3},{"damage":17,"enemies":"Red Slaver","floor":14,"turns":4},{"damage":68,"enemies":"Slime Boss","floor":16,"turns":7}],"seed_played":"-2967407922189910325","potions_obtained":[{"floor":4,"key":"Weak Potion"},{"floor":5,"key":"FairyPotion"}],"is_trial":false,"path_per_floor":["M","?","?","M","M","E","M","M","T","R","E","M","R","M","R","B"],"character_chosen":"IRONCLAD","items_purchased":[],"campfire_rested":1,"item_purchase_floors":[],"current_hp_per_floor":[78,71,80,80,80,61,57,42,42,66,55,61,61,50,50,0],"gold":277,"neow_bonus":"THREE_ENEMY_KILL","is_prod":false,"is_daily":false,"chose_seed":false,"campfire_upgraded":2,"win_rate":0,"timestamp":1544927515,"path_taken":["M","?","?","M","M","E","M","M","T","R","E","M","R","M","R","BOSS"],"build_version":"2018-12-13","purchased_purges":0,"victory":false,"max_hp_per_floor":[80,80,80,80,80,80,80,80,80,80,80,80,80,80,80,80],"card_choices":[{"not_picked":["Havoc","Searing Blow"],"picked":"Thunderclap","floor":1},{"not_picked":["Sword Boomerang","Twin Strike"],"picked":"Feel No Pain","floor":4},{"not_picked":["Flex","Seeing Red"],"picked":"Rampage","floor":5},{"not_picked":["Perfected Strike","Sword Boomerang"],"picked":"Rage","floor":6},{"not_picked":["Rupture","Intimidate"],"picked":"Juggernaut","floor":7},{"not_picked":["Flex","Thunderclap"],"picked":"Body Slam","floor":8},{"not_picked":["Sentinel","Dark Embrace"],"picked":"Armaments","floor":11},{"not_picked":["Sword Boomerang","Headbutt"],"picked":"Feel No Pain","floor":12},{"not_picked":["Wild Strike","Ghostly Armor"],"picked":"Spot Weakness","floor":14}],"player_experience":983897,"relics_obtained":[{"floor":6,"key":"Turnip"},{"floor":9,"key":"Mercury Hourglass"},{"floor":11,"key":"MawBank"}],"event_choices":[{"cards_removed":["Defend_R"],"damage_healed":0,"gold_gain":0,"player_choice":"Card Removal","damage_taken":7,"max_hp_gain":0,"max_hp_loss":0,"event_name":"Golden Wing","floor":2,"gold_loss":0},{"damage_healed":20,"gold_gain":0,"player_choice":"Healed","damage_taken":0,"max_hp_gain":0,"max_hp_loss":0,"event_name":"The Cleric","floor":3,"gold_loss":35}],"is_beta":true,"boss_relics":[],"items_purged_floors":[],"is_endless":false,"potions_floor_spawned":[4,5,6,7,12],"killed_by":"Slime Boss","ascension_level":12}