{"gold_per_floor":[111,111,126,74,74,114,17,17,17,51,27,27,61,74,74,193,193,206,225,225,240,46,85,85,106,131,145,145,145,145,156,156,256,256,273,273,273,41,41],"floor_reached":39,"playtime":1700,"items_purged":[],"score":707,"play_id":"191d4088-937d-42a0-883d-597eec5c2c2e","local_time":"20181227210035","is_ascension_mode":true,"campfire_choices":[{"data":"Glacier","floor":8,"key":"SMITH"},{"floor":12,"key":"REST"},{"floor":15,"key":"REST"},{"floor":24,"key":"REST"},{"floor":29,"key":"REST"},{"floor":32,"key":"REST"}],"neow_cost":"NONE","seed_source_timestamp":1068561965904478,"circlet_count":0,"master_deck":["AscendersBane","Strike_B","Strike_B+1","Strike_B","Defend_B+1","Defend_B","Defend_B","Defend_B","Dualcast","Gash","Glacier+1","Gash","FTL","Go for the Eyes","Sweeping Beam","Compile Driver","Cold Snap","Beam Cell","Scrape","Sweeping Beam","Glacier","Buffer","Ball Lightning","Consume+1","Gash","Beam Cell","Coolheaded+1","Undo","BootSequence","Loop","Loop","Redo+1","Undo","Self Repair","Echo Form","Hologram","FTL","Capacitor"],"relics":["Cracked Core","NeowsBlessing","Bloody Idol","Shuriken","Dream Catcher","Darkstone Periapt","Omamori","Fusion Hammer","Potion Belt","Juzu Bracelet","Pen Nib","Empty Cage","Orichalcum"],"potions_floor_usage":[13,18,21,23,33,39],"damage_taken":[{"damage":0,"enemies":"2 Louse","floor":1,"turns":1},{"damage":0,"enemies":"Small Slimes","floor":3,"turns":1},{"damage":0,"enemies":"Gremlin Nob","floor":6,"turns":1},{"damage":17,"enemies":"3 Sentries","floor":10,"turns":7},{"damage":6,"enemies":"Gremlin Nob","floor":13,"turns":4},{"damage":2,"enemies":"Jaw Worm","floor":14,"turns":2},{"damage":9,"enemies":"Slime Boss","floor":16,"turns":8},{"damage":0,"enemies":"3 Byrds","floor":18,"turns":5},{"damage":23,"enemies":"Shell Parasite","floor":19,"turns":5},{"damage":18,"enemies":"Sentry and Sphere","floor":21,"turns":5},{"damage":35,"enemies":"Slavers","floor":23,"turns":4},{"damage":1,"enemies":"Cultist and Chosen","floor":25,"turns":6},{"damage":0,"enemies":"Centurion and Healer","floor":27,"turns":6},{"damage":14,"enemies":"Snake Plant","floor":31,"turns":5},{"damage":16,"enemies":"Champ","floor":33,"turns":12},{"damage":14,"enemies":"Orb Walker","floor":35,"turns":6},{"damage":72,"enemies":"2 Orb Walkers","floor":39,"turns":6}],"seed_played":"-8157422107485461872","potions_obtained":[{"floor":3,"key":"FocusPotion"},{"floor":6,"key":"Poison Potion"},{"floor":16,"key":"SkillPotion"},{"floor":19,"key":"Strength Potion"},{"floor":21,"key":"SteroidPotion"},{"floor":23,"key":"Energy Potion"},{"floor":25,"key":"Dexterity Potion"}],"is_trial":false,"path_per_floor":["M","?","M","$","?","E","$","R","T","E","$","R","E","M","R","B",null,"M","M","?","M","$","E","R","M","T","M","?","R","?","M","R","B",null,"M","?","?","$","?"],"character_chosen":"DEFECT","items_purchased":["Gash","Go for the Eyes","Sweeping Beam","Cold Snap","Potion Belt","Beam Cell","Orichalcum","Capacitor"],"campfire_rested":5,"item_purchase_floors":[4,7,7,11,22,22,38,38],"current_hp_per_floor":[68,53,53,53,53,53,53,53,53,36,36,58,52,50,72,63,72,72,49,74,56,56,21,43,42,42,42,42,64,64,55,75,71,74,72,72,72,72,0],"gold":41,"neow_bonus":"THREE_ENEMY_KILL","is_prod":false,"is_daily":false,"chose_seed":false,"campfire_upgraded":1,"win_rate":0,"timestamp":1545962435,"path_taken":["M","?","M","$","?","E","?","R","T","E","$","R","E","M","R","BOSS","M","M","?","M","$","E","R","M","T","M","?","R","?","M","R","BOSS","M","?","?","$","?"],"build_version":"2018-12-25","purchased_purges":0,"victory":false,"max_hp_per_floor":[75,75,75,75,75,75,75,75,75,75,75,75,75,75,75,75,75,75,75,75,75,75,75,75,75,75,75,75,75,75,75,75,75,75,75,75,75,75,75],"card_choices":[{"not_picked":["Stack","Turbo"],"picked":"Gash","floor":1},{"not_picked":["Turbo","Rebound"],"picked":"Glacier","floor":3},{"not_picked":["Fission","Tempest"],"picked":"FTL","floor":6},{"not_picked":["Streamline","Rainbow"],"picked":"Compile Driver","floor":10},{"not_picked":["Hologram","Reprogram"],"picked":"Beam Cell","floor":12},{"not_picked":["Go for the Eyes","Turbo"],"picked":"Scrape","floor":13},{"not_picked":["Barrage","Meteor Strike"],"picked":"Sweeping Beam","floor":14},{"not_picked":["Ball Lightning","Streamline"],"picked":"Glacier","floor":15},{"not_picked":["Amplify","Thunder Strike"],"picked":"Buffer","floor":16},{"not_picked":["Coolheaded","Redo"],"picked":"Ball Lightning","floor":18},{"not_picked":["Sweeping Beam","Static Discharge"],"picked":"Consume+1","floor":19},{"not_picked":["Leap","FTL"],"picked":"Gash","floor":21},{"not_picked":["Rip and Tear","Rebound"],"picked":"Coolheaded+1","floor":23},{"not_picked":["Ball Lightning","Stack"],"picked":"Undo","floor":24},{"not_picked":["Redo","Beam Cell+1"],"picked":"BootSequence","floor":25},{"not_picked":["Fusion","Defragment"],"picked":"Loop","floor":27},{"not_picked":["Core Surge","Rebound"],"picked":"Redo+1","floor":29},{"not_picked":["Sweeping Beam","Go for the Eyes"],"picked":"Undo","floor":31},{"not_picked":["Stack+1","Ball Lightning+1"],"picked":"Self Repair","floor":32},{"not_picked":["Amplify","Buffer"],"picked":"Echo Form","floor":33},{"not_picked":["Chaos","Leap+1"],"picked":"Hologram","floor":35}],"player_experience":1036044,"relics_obtained":[{"floor":6,"key":"Shuriken"},{"floor":9,"key":"Dream Catcher"},{"floor":10,"key":"Darkstone Periapt"},{"floor":13,"key":"Omamori"},{"floor":23,"key":"Juzu Bracelet"},{"floor":26,"key":"Pen Nib"}],"event_choices":[{"damage_healed":0,"gold_gain":0,"player_choice":"Entered Light","damage_taken":15,"max_hp_gain":0,"max_hp_loss":0,"event_name":"Shining Light","floor":2,"gold_loss":0,"cards_upgraded":["Strike_B","Defend_B"]},{"damage_healed":0,"gold_gain":0,"player_choice":"Take Wound","damage_taken":0,"relics_obtained":["Golden Idol"],"max_hp_gain":0,"max_hp_loss":0,"event_name":"Golden Idol","floor":5,"gold_loss":0,"cards_obtained":["Injury"]},{"damage_healed":25,"gold_gain":0,"player_choice":"Heal","damage_taken":0,"max_hp_gain":0,"max_hp_loss":0,"event_name":"The Library","floor":20,"gold_loss":0},{"damage_healed":0,"gold_gain":0,"player_choice":"Copied","damage_taken":0,"max_hp_gain":0,"max_hp_loss":0,"event_name":"Duplicator","floor":28,"gold_loss":0,"cards_obtained":["Loop"]},{"damage_healed":0,"gold_gain":0,"player_choice":"Gave Idol","damage_taken":0,"relics_obtained":["Bloody Idol"],"max_hp_gain":0,"max_hp_loss":0,"event_name":"Forgotten Altar","floor":30,"relics_lost":["Golden Idol"],"gold_loss":0},{"damage_healed":0,"gold_gain":0,"cards_transformed":["Strike_B"],"player_choice":"Transformed","damage_taken":0,"max_hp_gain":0,"max_hp_loss":0,"event_name":"Transmorgrifier","floor":36,"gold_loss":0,"cards_obtained":["FTL"]},{"damage_healed":0,"gold_gain":0,"player_choice":"Ignored","damage_taken":0,"max_hp_gain":0,"max_hp_loss":0,"event_name":"Tomb of Lord Red Mask","floor":37,"gold_loss":0},{"damage_healed":0,"gold_gain":0,"player_choice":"Fight","damage_taken":0,"max_hp_gain":0,"max_hp_loss":0,"event_name":"Mysterious Sphere","floor":39,"gold_loss":0}],"is_beta":true,"boss_relics":[{"not_picked":["FrozenCore","Lizard Tail"],"picked":"Fusion Hammer"},{"not_picked":["Philosopher\u0027s Stone","Black Star"],"picked":"Empty Cage"}],"items_purged_floors":[],"is_endless":false,"potions_floor_spawned":[3,6,16,19,21,23,25],"killed_by":"2 Orb Walkers","ascension_level":11}