{"gold_per_floor":[111,111,122,25,37,37,37,37,37,65,83,83,97,97,97,200,200,215,11,11,26,26,26,43,43,124,124,124,124,135,153,153,253,253,253,304,319,319,335,361,372,385,385,401,64,64,79,90,90,90,90,90,10,38,38],"floor_reached":55,"playtime":4092,"items_purged":[],"score":1023,"play_id":"ab17f070-00a7-4451-a584-728bea3eb899","local_time":"20190120191518","is_ascension_mode":true,"campfire_choices":[{"data":"Neutralize","floor":6.0,"key":"SMITH"},{"data":"Backstab","floor":8.0,"key":"SMITH"},{"floor":12.0,"key":"REST"},{"floor":15,"key":"REST"},{"floor":23,"key":"REST"},{"floor":25,"key":"REST"},{"floor":27,"key":"RECALL"},{"floor":32,"key":"REST"},{"floor":46,"key":"REST"},{"floor":49,"key":"REST"},{"floor":52,"key":"REST"}],"neow_cost":"NONE","seed_source_timestamp":11134680722544,"circlet_count":0,"master_deck":["Defend_G","Defend_G","Defend_G","Defend_G","Defend_G","Strike_G","Strike_G","Strike_G","Strike_G","Survivor","Neutralize+1","Wraith Form v2","Backstab+1","Dagger Spray+1","Well Laid Plans+1","Acrobatics","Venomology","Envenom+1","Bouncing Flask+1","Catalyst+1","Parasite","Night Terror+1","Backstab","Deadly Poison+1","Dodge and Roll+1","Strike_B","Footwork+1","Madness+1","Neutralize","Corpse Explosion+1","Cloak And Dagger+1","Noxious Fumes+1","Night Terror+1","Apotheosis+1","Noxious Fumes+1","Dagger Spray","Dagger Spray+1","Acrobatics+1","Sadistic Nature+1","Deadly Poison+1","Footwork+1","Well Laid Plans+1"],"special_seed":0,"relics":["Ring of the Snake","Frozen Egg 2","Toxic Egg 2","Orichalcum","Fusion Hammer","Bronze Scales","Pear","Busted Crown","Turnip","Gremlin Horn","Bag of Preparation","Tingsha"],"potions_floor_usage":[16,16,18,21,24,24,29,33,33,33,35,36,39,40,41,44,47,50,50,54,54,55,55],"damage_taken":[{"damage":0.0,"enemies":"Small Slimes","floor":1.0,"turns":5.0},{"damage":0.0,"enemies":"Jaw Worm","floor":3.0,"turns":5.0},{"damage":0.0,"enemies":"2 Louse","floor":5.0,"turns":2.0},{"damage":44.0,"enemies":"3 Sentries","floor":10.0,"turns":7.0},{"damage":3.0,"enemies":"Blue Slaver","floor":11.0,"turns":4.0},{"damage":6.0,"enemies":"Large Slime","floor":13.0,"turns":6.0},{"damage":20,"enemies":"Hexaghost","floor":16,"turns":7},{"damage":19,"enemies":"Shell Parasite","floor":18,"turns":5},{"damage":0,"enemies":"Spheric Guardian","floor":21,"turns":3},{"damage":8,"enemies":"Chosen and Byrds","floor":24,"turns":5},{"damage":10,"enemies":"Gremlin Leader","floor":29,"turns":3},{"damage":11,"enemies":"Snake Plant","floor":30,"turns":2},{"damage":7,"enemies":"Cultist and Chosen","floor":31,"turns":4},{"damage":6,"enemies":"Collector","floor":33,"turns":9},{"damage":0,"enemies":"3 Shapes","floor":35,"turns":1},{"damage":0,"enemies":"2 Orb Walkers","floor":36,"turns":3},{"damage":0,"enemies":"3 Darklings","floor":37,"turns":2},{"damage":2,"enemies":"Jaw Worm Horde","floor":39,"turns":2},{"damage":0,"enemies":"Reptomancer","floor":40,"turns":6},{"damage":19,"enemies":"Transient","floor":41,"turns":5},{"damage":7,"enemies":"3 Darklings","floor":42,"turns":3},{"damage":27,"enemies":"Writhing Mass","floor":44,"turns":6},{"damage":2,"enemies":"Spire Growth","floor":47,"turns":5},{"damage":3,"enemies":"Sphere and 2 Shapes","floor":48,"turns":6},{"damage":25,"enemies":"Donu and Deca","floor":50,"turns":7},{"damage":46,"enemies":"Shield and Spear","floor":54,"turns":4},{"damage":48,"enemies":"The Heart","floor":55,"turns":5}],"seed_played":"-2268791677799032319","potions_obtained":[{"floor":1.0,"key":"SkillPotion"},{"floor":10.0,"key":"SpeedPotion"},{"floor":21,"key":"Ancient Potion"},{"floor":33,"key":"Fruit Juice"},{"floor":37,"key":"Weak Potion"},{"floor":42,"key":"LiquidBronze"},{"floor":47,"key":"Explosive Potion"}],"is_trial":false,"path_per_floor":["M","?","M","$","M","R","?","R","T","E","M","R","M","?","R","B",null,"M","$","?","M","?","R","M","R","T","R","?","E","M","M","R","B",null,"M","?","M","?","M","E","M","M","T","M","$","R","M","M","R","B",null,"R","$","E","B"],"character_chosen":"THE_SILENT","items_purchased":["Well Laid Plans+1","Acrobatics","Bronze Scales","Deadly Poison+1","Bag of Preparation","Sadistic Nature+1","Well Laid Plans+1"],"campfire_rested":8,"item_purchase_floors":[4,4,19,19,45,45,53],"current_hp_per_floor":[63,56,56,56,56,56,56,56,56,12,9,30,24,41,62,42,63,44,44,44,44,44,65,57,70,80,80,80,70,59,52,76,75,83,83,83,83,83,81,81,62,55,55,28,28,53,51,48,73,48,76,85,85,39,0],"gold":38,"neow_bonus":"ONE_RANDOM_RARE_CARD","is_prod":false,"is_daily":false,"chose_seed":false,"campfire_upgraded":2,"win_rate":0,"timestamp":1548029718,"path_taken":["M","?","M","?","M","R","?","R","T","E","M","R","M","?","R","BOSS","M","$","?","M","?","R","?","R","T","R","?","E","?","M","R","BOSS","M","?","M","?","?","E","M","M","T","M","$","R","?","M","R","BOSS","R","$","E","BOSS"],"build_version":"2019-01-19","purchased_purges":0,"victory":false,"max_hp_per_floor":[70,70,70,70,70,70,70,70,70,70,70,70,70,70,70,70,70,70,70,70,70,70,70,70,70,80,80,80,80,80,80,80,85,85,85,85,85,85,85,85,85,85,85,85,85,85,85,85,85,85,85,85,85,85,85],"card_choices":[{"not_picked":["Blade Dance","Acrobatics"],"picked":"Backstab","floor":1.0},{"not_picked":["Prepared","Dodge and Roll"],"picked":"Dagger Spray","floor":3.0},{"not_picked":["Prepared","Backflip"],"picked":"Venomology","floor":5.0},{"not_picked":["Dagger Throw","Bane"],"picked":"Envenom+1","floor":10.0},{"not_picked":["Bane","Acrobatics+1"],"picked":"Bouncing Flask+1","floor":11.0},{"not_picked":["Deflect+1","Skewer"],"picked":"Catalyst+1","floor":13.0},{"not_picked":["A Thousand Cuts+1","Glass Knife"],"picked":"Night Terror+1","floor":16},{"not_picked":["Sucker Punch","Outmaneuver+1"],"picked":"Backstab","floor":18},{"not_picked":["Sucker Punch","Prepared+1"],"picked":"Dodge and Roll+1","floor":21},{"not_picked":["Blur+1","Backflip+1"],"picked":"Footwork+1","floor":24},{"not_picked":["Sucker Punch","Noxious Fumes+1"],"picked":"Cloak And Dagger+1","floor":30},{"not_picked":["Quick Slash+1","Acrobatics+1"],"picked":"Noxious Fumes+1","floor":31},{"not_picked":["Tools of the Trade+1","Unload"],"picked":"Night Terror+1","floor":33},{"not_picked":["Deflect+1"],"picked":"SKIP","floor":37},{"not_picked":[],"picked":"Apotheosis+1","floor":38},{"not_picked":["Skewer"],"picked":"SKIP","floor":39},{"not_picked":[],"picked":"Noxious Fumes+1","floor":40},{"not_picked":[],"picked":"Dagger Spray","floor":41},{"not_picked":[],"picked":"Dagger Spray+1","floor":42},{"not_picked":[],"picked":"Acrobatics+1","floor":44},{"not_picked":[],"picked":"Deadly Poison+1","floor":47},{"not_picked":[],"picked":"Footwork+1","floor":48},{"not_picked":["Outmaneuver+1"],"picked":"SKIP","floor":54}],"player_experience":1290903,"relics_obtained":[{"floor":9.0,"key":"Toxic Egg 2"},{"floor":10.0,"key":"Orichalcum"},{"floor":26,"key":"Pear"},{"floor":36,"key":"Turnip"},{"floor":40,"key":"Gremlin Horn"},{"floor":54,"key":"Tingsha"}],"event_choices":[{"damage_healed":0.0,"max_hp_gain":0.0,"max_hp_loss":0.0,"gold_gain":0.0,"event_name":"Scrap Ooze","player_choice":"Success","floor":2.0,"gold_loss":0.0,"damage_taken":7.0,"relics_obtained":["Frozen Egg 2"]},{"damage_healed":0.0,"max_hp_gain":0.0,"max_hp_loss":0.0,"gold_gain":0.0,"event_name":"Living Wall","player_choice":"Grow","floor":7.0,"gold_loss":0.0,"damage_taken":0.0,"cards_upgraded":["Dagger Spray"]},{"damage_healed":17,"gold_gain":0,"player_choice":"Healed and dodged fight","damage_taken":0,"max_hp_gain":0,"max_hp_loss":0,"event_name":"Mushrooms","floor":14,"gold_loss":0,"cards_obtained":["Parasite"]},{"damage_healed":0,"gold_gain":0,"player_choice":"Ignored","damage_taken":0,"max_hp_gain":0,"max_hp_loss":0,"event_name":"Beggar","floor":20,"gold_loss":0},{"cards_removed":["Strike_G"],"damage_healed":0,"gold_gain":0,"player_choice":"Took Card","damage_taken":0,"max_hp_gain":0,"max_hp_loss":0,"event_name":"NoteForYourself","floor":22,"gold_loss":0,"cards_obtained":["Strike_B"]},{"damage_healed":0,"gold_gain":0,"player_choice":"3 cards matched","damage_taken":0,"max_hp_gain":0,"max_hp_loss":0,"event_name":"Match and Keep!","floor":28,"gold_loss":0,"cards_obtained":["Madness","Neutralize","Corpse Explosion"]},{"damage_healed":0,"gold_gain":0,"player_choice":"Fight","damage_taken":0,"max_hp_gain":0,"max_hp_loss":0,"event_name":"Mysterious Sphere","floor":36,"gold_loss":0},{"damage_healed":0,"gold_gain":0,"player_choice":"Memory 1","damage_taken":0,"max_hp_gain":0,"max_hp_loss":0,"event_name":"SensoryStone","floor":38,"gold_loss":0}],"is_beta":true,"boss_relics":[{"not_picked":["Black Star","Tiny House"],"picked":"Fusion Hammer"},{"not_picked":["White Beast Statue","WristBlade"],"picked":"Busted Crown"}],"items_purged_floors":[],"is_endless":false,"potions_floor_spawned":[1,10,11,21,33,37,42,47],"killed_by":"The Heart","ascension_level":7}