{"path_per_floor":["M","M","?","$","M","R","M","E","T","R","?","E","M","$","R","B",null,"M","M","?","?","M","E","R","E","T","R","?","M","E","M","R","B",null,"M","$","?","M","?","R","M","?","T","M","?","M"],"character_chosen":"THE_SILENT","items_purchased":["Cloak And Dagger","Apotheosis","Caltrops","Accuracy","Burst","Bag of Marbles","Bandage Up"],"gold_per_floor":[112,131,131,85,101,101,112,146,169,169,269,297,312,20,20,123,123,136,154,154,154,171,206,206,233,309,309,309,319,347,365,365,462,462,481,84,84,101,101,101,121,121,174,187,0,20,20],"floor_reached":47,"campfire_rested":5,"playtime":2515,"current_hp_per_floor":[70,70,63,63,63,63,63,49,49,70,70,70,70,70,70,70,70,70,54,54,70,67,44,65,32,32,53,53,55,28,30,53,29,78,62,62,52,54,44,68,44,44,44,20,20,20,0],"items_purged":[],"gold":20,"score":709,"play_id":"c28f1cc0-a156-4c49-9e38-fa6c1a104478","local_time":"20180407133400","is_prod":false,"is_daily":false,"is_ascension_mode":true,"campfire_upgraded":2,"timestamp":1523122440,"path_taken":["M","M","?","$","?","R","M","E","T","R","?","E","?","$","R","BOSS","M","M","?","?","M","E","R","E","T","R","?","M","E","?","R","BOSS","M","$","?","M","?","R","?","?","T","?","?","M","M"],"build_version":"2018-04-05","purchased_purges":1,"victory":false,"master_deck":["Defend_G+1","Defend_G+1","Defend_G+1","Defend_G+1","Strike_G+1","Strike_G+1","Survivor","Neutralize+1","Dagger Spray","Malaise","Malaise","Acrobatics","Dagger Spray","PiercingWail","All Out Attack","Cloak And Dagger","Dash+1","Adrenaline","Heel Hook","Well Laid Plans","Backflip","Apotheosis+1","Caltrops","Bullet Time","Infinite Blades+1","Skewer+1","Backflip+1","Backstab+1","Slice","Escape Plan","Slice","Tools of the Trade","Outmaneuver","Accuracy","Burst","Bandage Up","Madness","Madness","Swift Strike","Panache","Good Instincts","Decay","Cloak And Dagger"],"max_hp_per_floor":[70,70,70,70,70,70,70,70,70,70,70,70,70,70,70,70,70,70,70,70,70,70,72,72,72,72,72,72,74,76,78,78,78,78,78,78,78,80,80,80,82,82,82,84,84,84,84],"relics":["Orrery","Bag of Preparation","Whetstone","Kunai","Astrolabe","Singing Bowl","Vajra","Shuriken","Ancient Tea Set","Lizard Tail","Bag of Marbles","Tiny Chest","Red Mask"],"card_choices":[{"not_picked":["Cloak And Dagger","Accuracy"],"picked":"Dagger Spray","floor":0},{"not_picked":["Dagger Spray","Underhanded Strike"],"picked":"Malaise","floor":0},{"not_picked":["Dodge and Roll","Distraction"],"picked":"Malaise","floor":0},{"not_picked":["Distraction","Reflex"],"picked":"Acrobatics","floor":0},{"not_picked":["Choke","Bane"],"picked":"Dagger Spray","floor":0},{"not_picked":["Skewer","Sucker Punch"],"picked":"PiercingWail","floor":1},{"not_picked":["Bouncing Flask","Masterful Stab"],"picked":"All Out Attack","floor":2},{"not_picked":["Slice","Underhanded Strike"],"picked":"Dash","floor":5},{"not_picked":["Noxious Fumes","Dagger Throw"],"picked":"Adrenaline","floor":7},{"not_picked":["Deadly Poison","Leg Sweep"],"picked":"Heel Hook","floor":8},{"not_picked":["Dagger Throw","Deadly Poison"],"picked":"Well Laid Plans","floor":12},{"not_picked":["Dagger Throw","Predator"],"picked":"Backflip","floor":13},{"not_picked":["Wraith Form","Tools of the Trade"],"picked":"Bullet Time","floor":16},{"not_picked":["Dagger Spray","All Out Attack"],"picked":"Backflip","floor":18},{"not_picked":["Reflex","Sucker Punch"],"picked":"Backstab","floor":19},{"not_picked":["Dagger Throw","Dagger Spray"],"picked":"Slice","floor":22},{"not_picked":["Dagger Spray","Envenom"],"picked":"Escape Plan","floor":25},{"not_picked":["Die Die Die","Doppelganger"],"picked":"Tools of the Trade","floor":33},{"not_picked":["Endless Agony","Backflip"],"picked":"Outmaneuver","floor":35},{"not_picked":["Transmutation","Deep Breath"],"picked":"Swift Strike","floor":39},{"not_picked":["Secret Technique","Bandage Up"],"picked":"Panache","floor":39},{"not_picked":["Bandage Up","Dark Shackles"],"picked":"Good Instincts","floor":39},{"not_picked":["Dagger Spray","Dagger Throw"],"picked":"Cloak And Dagger","floor":46}],"player_experience":112005,"potions_floor_usage":[8,8,12,19,23,29,31,44,47],"damage_taken":[{"damage":0,"enemies":"2 Louse","floor":1,"turns":3},{"damage":0,"enemies":"Small Slimes","floor":2,"turns":2},{"damage":0,"enemies":"Cultist","floor":5,"turns":4},{"damage":0,"enemies":"Red Slaver","floor":7,"turns":5},{"damage":14,"enemies":"Lagavulin","floor":8,"turns":10},{"damage":0,"enemies":"3 Sentries","floor":12,"turns":5},{"damage":0,"enemies":"Looter","floor":13,"turns":3},{"damage":0,"enemies":"The Guardian","floor":16,"turns":11},{"damage":0,"enemies":"Shell Parasite","floor":18,"turns":7},{"damage":16,"enemies":"Chosen","floor":19,"turns":7},{"damage":3,"enemies":"Snecko","floor":22,"turns":4},{"damage":25,"enemies":"Slavers","floor":23,"turns":6},{"damage":33,"enemies":"Book of Stabbing","floor":25,"turns":6},{"damage":0,"enemies":"Snake Plant","floor":29,"turns":4},{"damage":29,"enemies":"Gremlin Leader","floor":30,"turns":6},{"damage":0,"enemies":"Centurion and Healer","floor":31,"turns":6},{"damage":24,"enemies":"Champ","floor":33,"turns":9},{"damage":16,"enemies":"Orb Walker","floor":35,"turns":3},{"damage":0,"enemies":"3 Shapes","floor":38,"turns":3},{"damage":30,"enemies":"Sphere and 2 Shapes","floor":41,"turns":6},{"damage":26,"enemies":"Flame Bruiser 2 Orb","floor":44,"turns":5},{"damage":53,"enemies":"Spire Growth","floor":46,"turns":5},{"damage":25,"enemies":"4 Shapes","floor":47,"turns":2}],"event_choices":[{"event_name":"Golden Wing","player_choice":"Card Removal","floor":3,"damage_taken":0},{"event_name":"Golden Shrine","player_choice":"Pray","floor":11,"damage_taken":0},{"event_name":"Back to Basics","player_choice":"Simplicity","floor":20,"damage_taken":0},{"event_name":"The Library","player_choice":"Heal","floor":21,"damage_taken":0},{"event_name":"Transmorgrifier","player_choice":"Transform","floor":28,"damage_taken":0},{"event_name":"Winding Halls","player_choice":"Embrace Madness","floor":37,"damage_taken":0},{"event_name":"SensoryStone","player_choice":"Memory 3","floor":39,"damage_taken":0},{"event_name":"Wheel of Change","player_choice":"Curse","floor":42,"damage_taken":0},{"event_name":"Tomb of Lord Red Mask","player_choice":"Paid","floor":45,"damage_taken":0}],"boss_relics":[{"not_picked":["Calling Bell","Black Star"],"picked":"Astrolabe"},{"not_picked":["Eternal Feather","Tiny House"],"picked":"Lizard Tail"}],"potions_floor_spawned":[2,7,8,16,22,23,30,41,46],"seed_played":"-4357525596730001942","killed_by":"4 Shapes","ascension_level":4,"is_trial":false}