{"path_per_floor":["M","?","$","M","M","E","R","M","T","R","?","?","M","M","R","B",null,"M","$","?","?","M","M","R","M","T","M","$","M","R","$","R"],"character_chosen":"IRONCLAD","items_purchased":["Feel No Pain","Oddly Smooth Stone","Mercury Hourglass","Havoc","Searing Blow"],"gold_per_floor":[118,118,118,137,162,193,193,216,243,243,318,318,342,358,358,478,478,497,26,26,26,39,52,52,71,71,90,68,93,93,24,24,24],"floor_reached":33,"campfire_rested":2,"playtime":1314,"item_purchase_floors":[19,19,19,28,31],"current_hp_per_floor":[80,74,74,74,74,66,66,72,79,79,68,43,49,55,55,30,81,57,57,57,57,55,57,57,49,49,31,31,14,38,38,62,0],"items_purged":[],"gold":24,"score":374,"play_id":"75208a4b-473c-42c6-91e1-822ff46ad12f","local_time":"20180617162256","daily_mods":["Draft"],"is_prod":false,"is_daily":false,"chose_seed":true,"is_ascension_mode":false,"campfire_upgraded":4,"win_rate":0,"timestamp":1529266976,"campfire_choices":[{"data":"Armaments","floor":7,"key":"SMITH"},{"data":"Shrug It Off","floor":10,"key":"SMITH"},{"data":"Clothesline","floor":15,"key":"SMITH"},{"data":"Barricade","floor":24,"key":"SMITH"},{"floor":30,"key":"REST"},{"floor":32,"key":"REST"}],"path_taken":["M","?","$","M","M","E","R","M","T","R","?","?","M","M","R","BOSS","M","?","?","?","?","M","R","M","T","?","$","M","R","$","R","BOSS"],"build_version":"2018-06-14v2","seed_source_timestamp":242042824372278,"purchased_purges":0,"victory":false,"master_deck":["Armaments+1","Entrench","Inflame","Wild Strike","Rage","Flame Barrier","Pummel","True Grit","Shrug It Off+1","Warcry","Twin Strike","Thunderclap","Cleave","Twin Strike","Heavy Blade","Infernal Blade","Shrug It Off","Headbutt","Dual Wield","Second Wind","Ghostly Armor","Clothesline+1","Barricade+1","Sword Boomerang","Shockwave","Feel No Pain","Cleave","Uppercut","Feel No Pain","Shrug It Off","Seeing Red+1","Metallicize+1","Feed","Havoc","Sentinel+1","Searing Blow"],"max_hp_per_floor":[80,74,74,74,74,74,74,74,81,81,81,81,81,81,81,81,81,81,81,81,81,81,81,81,81,81,81,81,81,81,81,81,81],"special_seed":20635678,"relics":["Burning Blood","Golden Idol","Bag of Marbles","Strawberry","Boot","Orrery","Oddly Smooth Stone","Mercury Hourglass","Omamori","Happy Flower"],"card_choices":[{"not_picked":["Body Slam","Sentinel"],"picked":"Armaments","floor":0},{"not_picked":["Twin Strike","Heavy Blade"],"picked":"Entrench","floor":0},{"not_picked":["Bloodletting","Twin Strike"],"picked":"Inflame","floor":0},{"not_picked":["Carnage","Havoc"],"picked":"Wild Strike","floor":0},{"not_picked":["Warcry","Perfected Strike"],"picked":"Rage","floor":0},{"not_picked":["Havoc","Cleave"],"picked":"Flame Barrier","floor":0},{"not_picked":["Flex","Reckless Charge"],"picked":"Pummel","floor":0},{"not_picked":["Cleave","Inflame"],"picked":"True Grit","floor":0},{"not_picked":["Seeing Red","Body Slam"],"picked":"Shrug It Off","floor":0},{"not_picked":["Heavy Blade","Armaments"],"picked":"Warcry","floor":0},{"not_picked":["Havoc","Flex"],"picked":"Twin Strike","floor":0},{"not_picked":["Heavy Blade","Anger"],"picked":"Thunderclap","floor":0},{"not_picked":["Sword Boomerang","Body Slam"],"picked":"Cleave","floor":0},{"not_picked":["Warcry","Havoc"],"picked":"Twin Strike","floor":0},{"not_picked":["Twin Strike","Anger"],"picked":"Heavy Blade","floor":0},{"not_picked":["Combust","Iron Wave"],"picked":"Infernal Blade","floor":1},{"not_picked":["Perfected Strike","Cleave"],"picked":"Shrug It Off","floor":4},{"not_picked":["Perfected Strike","Flex"],"picked":"Headbutt","floor":5},{"not_picked":["Flex","Anger"],"picked":"Dual Wield","floor":6},{"not_picked":["Warcry","Cleave"],"picked":"Second Wind","floor":8},{"not_picked":["Havoc","Second Wind"],"picked":"Ghostly Armor","floor":13},{"not_picked":["Cleave","True Grit"],"picked":"Clothesline","floor":14},{"not_picked":["Double Tap","Brutality"],"picked":"Barricade","floor":16},{"not_picked":["Twin Strike","Barricade"],"picked":"Sword Boomerang","floor":17},{"not_picked":["Twin Strike","Flex"],"picked":"Shockwave","floor":17},{"not_picked":["Evolve","Anger"],"picked":"Feel No Pain","floor":17},{"not_picked":["Anger","Clash"],"picked":"Infernal Blade","floor":17},{"not_picked":["Searing Blow","Clash"],"picked":"Cleave","floor":17},{"not_picked":["Anger","Clash"],"picked":"Uppercut","floor":18},{"not_picked":["Cleave","True Grit+1"],"picked":"Shrug It Off","floor":22},{"not_picked":["Dual Wield","Shrug It Off"],"picked":"Seeing Red+1","floor":23},{"not_picked":["Dual Wield","Heavy Blade"],"picked":"Metallicize+1","floor":25},{"not_picked":["Carnage","Rage+1"],"picked":"Feed","floor":27},{"not_picked":["Infernal Blade","Armaments"],"picked":"Sentinel+1","floor":29}],"player_experience":449908,"potions_floor_usage":[16,16,25],"damage_taken":[{"damage":0,"enemies":"Small Slimes","floor":1,"turns":3},{"damage":2,"enemies":"Jaw Worm","floor":4,"turns":2},{"damage":0,"enemies":"2 Louse","floor":5,"turns":1},{"damage":14,"enemies":"Gremlin Nob","floor":6,"turns":3},{"damage":0,"enemies":"2 Fungi Beasts","floor":8,"turns":2},{"damage":0,"enemies":"Large Slime","floor":13,"turns":2},{"damage":0,"enemies":"Lots of Slimes","floor":14,"turns":1},{"damage":46,"enemies":"The Guardian","floor":16,"turns":10},{"damage":30,"enemies":"Spheric Guardian","floor":18,"turns":9},{"damage":8,"enemies":"3 Byrds","floor":22,"turns":4},{"damage":4,"enemies":"Centurion and Healer","floor":23,"turns":7},{"damage":14,"enemies":"Chosen and Byrds","floor":25,"turns":6},{"damage":24,"enemies":"Snake Plant","floor":27,"turns":5},{"damage":23,"enemies":"Sentry and Sphere","floor":29,"turns":8},{"damage":75,"enemies":"Automaton","floor":33,"turns":12}],"relics_obtained":[{"floor":6,"key":"Bag of Marbles"},{"floor":9,"key":"Strawberry"},{"floor":26,"key":"Happy Flower"}],"event_choices":[{"event_name":"Golden Idol","player_choice":"Lose Max HP","floor":2,"damage_taken":0},{"event_name":"World of Goop","player_choice":"Gather Gold","floor":11,"damage_taken":0},{"event_name":"Scrap Ooze","player_choice":"success","floor":12,"damage_taken":25},{"event_name":"Back to Basics","player_choice":"Elegance","floor":20,"damage_taken":0},{"event_name":"The Mausoleum","player_choice":"Yes","floor":21,"damage_taken":0}],"boss_relics":[{"not_picked":["Runic Cube","Empty Cage"],"picked":"Orrery"}],"items_purged_floors":[],"is_endless":true,"potions_floor_spawned":[4,6,8,22],"seed_played":"4428854455734273440","killed_by":"Automaton","ascension_level":0,"potions_obtained":[{"floor":4,"key":"Regen Potion"},{"floor":6,"key":"SteroidPotion"},{"floor":8,"key":"PowerPotion"},{"floor":22,"key":"LiquidBronze"}],"is_trial":true}