{"gold_per_floor":[115,115,115,135,149,149,178,192,216,216],"floor_reached":10,"playtime":262,"items_purged":[],"score":92,"play_id":"115e6dcb-c7d9-4321-9615-694cf1bc8640","local_time":"20190202160733","is_ascension_mode":true,"campfire_choices":[{"data":"Disarm","floor":6,"key":"SMITH"}],"neow_cost":"TEN_PERCENT_HP_LOSS","seed_source_timestamp":502696539505615,"circlet_count":0,"master_deck":["Strike_R","Strike_R","Strike_R","Strike_R","Strike_R","Defend_R","Defend_R","Defend_R+1","Defend_R","Bash+1","Dropkick","Disarm+1","Thunderclap","Shrug It Off","Headbutt"],"relics":["Burning Blood","StoneCalendar","Juzu Bracelet","Smiling Mask","Anchor"],"potions_floor_usage":[8],"damage_taken":[{"damage":3,"enemies":"2 Louse","floor":1,"turns":4},{"damage":4,"enemies":"Jaw Worm","floor":4,"turns":2},{"damage":0,"enemies":"Small Slimes","floor":5,"turns":3},{"damage":36,"enemies":"Lagavulin","floor":7,"turns":7},{"damage":22,"enemies":"Exordium Wildlife","floor":8,"turns":6},{"damage":10,"enemies":"Blue Slaver","floor":10,"turns":3}],"seed_played":"4446440510645970048","potions_obtained":[{"floor":4,"key":"Weak Potion"},{"floor":5,"key":"EssenceOfSteel"},{"floor":7,"key":"Explosive Potion"}],"is_trial":false,"path_per_floor":["M","?","?","M","M","R","E","M","T","M"],"character_chosen":"IRONCLAD","items_purchased":[],"campfire_rested":0,"item_purchase_floors":[],"current_hp_per_floor":[72,58,46,48,54,54,24,8,8,0],"gold":216,"neow_bonus":"ONE_RARE_RELIC","is_prod":false,"is_daily":false,"chose_seed":false,"campfire_upgraded":1,"win_rate":0,"timestamp":1549141653,"path_taken":["M","?","?","M","M","R","E","M","T","M"],"build_version":"2019-01-23","purchased_purges":0,"victory":false,"max_hp_per_floor":[72,72,72,72,72,72,72,72,72,72],"card_choices":[{"not_picked":["Iron Wave","Shrug It Off"],"picked":"Dropkick","floor":1},{"not_picked":["Clash","Shrug It Off"],"picked":"Disarm","floor":4},{"not_picked":["Seeing Red","Dual Wield"],"picked":"Thunderclap","floor":5},{"not_picked":["Inflame","Clash"],"picked":"Shrug It Off","floor":7},{"not_picked":["Bloodletting","Combust"],"picked":"Headbutt","floor":8}],"player_experience":1361472,"relics_obtained":[{"floor":7,"key":"Smiling Mask"},{"floor":9,"key":"Anchor"}],"event_choices":[{"damage_healed":0,"gold_gain":0,"player_choice":"Entered Light","damage_taken":14,"max_hp_gain":0,"max_hp_loss":0,"event_name":"Shining Light","floor":2,"gold_loss":0,"cards_upgraded":["Defend_R","Bash"]},{"damage_healed":0,"gold_gain":0,"player_choice":"Success","damage_taken":12,"relics_obtained":["Juzu Bracelet"],"max_hp_gain":0,"max_hp_loss":0,"event_name":"Scrap Ooze","floor":3,"gold_loss":0}],"is_beta":true,"boss_relics":[],"items_purged_floors":[],"is_endless":false,"potions_floor_spawned":[4,5,7],"killed_by":"Blue Slaver","ascension_level":7}