{"path_per_floor":["M","M","$","M","M","R","M","R","T","?","M","M","M","M","R","B",null,"M","M","?","$","?","R","?","M","T","?","R","M","M","M","R"],"character_chosen":"DEFECT","items_purchased":["Echo Form","Gash","Ancient Tea Set"],"gold_per_floor":[118,137,13,33,43,43,57,57,57,57,73,85,99,115,115,216,216,236,248,163,17,17,17,17,31,31,31,31,49,59,76,76,76],"floor_reached":33,"campfire_rested":4,"playtime":1322,"item_purchase_floors":[3,3,21],"current_hp_per_floor":[81,81,81,81,81,81,67,67,67,51,39,39,29,29,53,19,82,74,59,59,59,43,67,67,47,47,41,65,35,10,3,27,0],"items_purged":[],"gold":76,"score":245,"play_id":"475ed90c-b7ce-48e7-8cf7-eec0399a4188","local_time":"20180624170005","is_prod":false,"is_daily":false,"chose_seed":false,"is_ascension_mode":false,"campfire_upgraded":2,"win_rate":0,"timestamp":1529874005,"campfire_choices":[{"data":"Echo Form","floor":6,"key":"SMITH"},{"data":"Sunder","floor":8,"key":"SMITH"},{"floor":15,"key":"REST"},{"floor":23,"key":"REST"},{"floor":28,"key":"REST"},{"floor":32,"key":"REST"}],"path_taken":["M","M","$","M","M","R","M","R","T","?","M","M","M","M","R","BOSS","M","M","?","$","?","R","?","M","T","?","R","M","?","M","R","BOSS"],"build_version":"2018-06-21","seed_source_timestamp":849104700760848,"purchased_purges":0,"circlet_count":0,"victory":false,"master_deck":["Strike_B","Strike_B+1","Strike_B","Defend_B","Defend_B","Defend_B","Defend_B","Zap","Dualcast","Beam Cell","Conserve Battery","Echo Form+1","Gash+1","Consume","Go for the Eyes","Sunder+1","Undo","Cold Snap","Doom and Gloom","Scrape","Creative AI","Glacier+1","Auto Shields","Rebound","Decay","RitualDagger","Echo Form","Blizzard+1","Rebound+1"],"max_hp_per_floor":[82,82,82,82,82,82,82,82,82,82,82,82,82,82,82,82,82,82,82,82,82,82,82,82,82,82,82,82,82,82,82,82,82],"relics":["Cracked Core","Cables","Cursed Key","Oddly Smooth Stone","Ancient Tea Set","Bottled Flame"],"card_choices":[{"not_picked":["Chill","Go for the Eyes"],"picked":"Beam Cell","floor":1},{"not_picked":["Reinforced Body","Skim"],"picked":"Conserve Battery","floor":2},{"not_picked":["Gash","Turbo"],"picked":"Consume","floor":4},{"not_picked":["Compile Driver","Stack"],"picked":"Go for the Eyes","floor":5},{"not_picked":["Leap","Capacitor"],"picked":"Sunder","floor":7},{"not_picked":["Hologram","White Noise"],"picked":"Undo","floor":11},{"not_picked":["Turbo","Rip and Tear"],"picked":"Cold Snap","floor":12},{"not_picked":["Aggregate","Fusion"],"picked":"Doom and Gloom","floor":13},{"not_picked":["Consume","Electrodynamics"],"picked":"Scrape","floor":14},{"not_picked":["Rainbow","Meteor Strike"],"picked":"Creative AI","floor":16},{"not_picked":["Beam Cell","Streamline"],"picked":"Glacier+1","floor":18},{"not_picked":["Consume","BootSequence"],"picked":"Auto Shields","floor":19},{"not_picked":["Sweeping Beam","Turbo+1"],"picked":"Rebound","floor":25},{"not_picked":["Streamline","Darkness"],"picked":"Echo Form","floor":29},{"not_picked":["Steam","Cold Snap"],"picked":"Blizzard+1","floor":30},{"not_picked":["Go for the Eyes+1","Recycle"],"picked":"Rebound+1","floor":31}],"player_experience":461615,"potions_floor_usage":[14,16,16,30,30,31,33],"damage_taken":[{"damage":1,"enemies":"Jaw Worm","floor":1,"turns":3},{"damage":0,"enemies":"Cultist","floor":2,"turns":2},{"damage":0,"enemies":"2 Louse","floor":4,"turns":2},{"damage":0,"enemies":"Large Slime","floor":5,"turns":5},{"damage":14,"enemies":"Looter","floor":7,"turns":4},{"damage":12,"enemies":"Gremlin Gang","floor":11,"turns":5},{"damage":0,"enemies":"2 Fungi Beasts","floor":12,"turns":2},{"damage":10,"enemies":"Looter","floor":13,"turns":3},{"damage":0,"enemies":"Lots of Slimes","floor":14,"turns":2},{"damage":34,"enemies":"Hexaghost","floor":16,"turns":5},{"damage":8,"enemies":"3 Byrds","floor":18,"turns":4},{"damage":15,"enemies":"Shell Parasite","floor":19,"turns":5},{"damage":20,"enemies":"Snecko","floor":25,"turns":5},{"damage":30,"enemies":"Cultist and Chosen","floor":29,"turns":7},{"damage":25,"enemies":"Snake Plant","floor":30,"turns":4},{"damage":7,"enemies":"3 Cultists","floor":31,"turns":5},{"damage":30,"enemies":"Automaton","floor":33,"turns":5}],"relics_obtained":[{"floor":9,"key":"Cables"},{"floor":26,"key":"Bottled Flame"}],"event_choices":[{"event_name":"Shining Light","player_choice":"Entered Light","floor":10,"damage_taken":0},{"event_name":"Addict","player_choice":"Obtained Relic","floor":20,"damage_taken":0},{"event_name":"Knowing Skull","player_choice":"POTION ","floor":22,"damage_taken":0},{"event_name":"Purifier","player_choice":"One Purge","floor":24,"damage_taken":0},{"event_name":"Nest","player_choice":"Joined the Cult","floor":27,"damage_taken":0}],"boss_relics":[{"not_picked":["Sozu","Philosopher\u0027s Stone"],"picked":"Cursed Key"}],"items_purged_floors":[],"is_endless":false,"potions_floor_spawned":[1,4,11,13,19,29,31],"seed_played":"8454803383756991122","killed_by":"Automaton","ascension_level":0,"potions_obtained":[{"floor":1,"key":"Strength Potion"},{"floor":4,"key":"Weak Potion"},{"floor":11,"key":"Fire Potion"},{"floor":13,"key":"PowerPotion"},{"floor":19,"key":"GamblersBrew"},{"floor":29,"key":"Energy Potion"},{"floor":31,"key":"AttackPotion"}],"is_trial":false}