{"gold_per_floor":[116,116,127,140,150,180,180,209,209,234,257,282,80,80,80,185,185,200,300,300,300,75,75,92,92,92,118,143,171,171,206,206,307,307,320,5,25,39,94,128,128,161,184,196,227,227,254,266,278,290],"floor_reached":51,"playtime":1971,"items_purged":[],"score":1221,"play_id":"6aa9bb4b-7f7b-49ca-aef9-5916beaddba7","local_time":"20180901135300","daily_mods":["Draft","Diverse","Heirloom","Time Dilation","Elite Swarm","Vintage"],"is_ascension_mode":true,"campfire_choices":[{"floor":7,"key":"DIG"},{"floor":15,"key":"DIG"},{"floor":23,"key":"DIG"},{"floor":25,"key":"DIG"},{"floor":30,"key":"DIG"},{"floor":32,"key":"DIG"},{"floor":41,"key":"DIG"},{"floor":49,"key":"DIG"}],"neow_cost":"","seed_source_timestamp":0,"circlet_count":0,"master_deck":["Demon Form","Wraith Form v2","Echo Form","Dagger Spray","Rampage","Power Through","Cloak And Dagger","Whirlwind+1","True Grit","Metallicize","Storm","Genetic Algorithm","Go for the Eyes","Barrage","Masterful Stab","Quick Slash","Force Field","Ball Lightning+1","Electrodynamics","Adrenaline","Bludgeon+1","Consume","Immolate+1","Leap","Tempest","Feed+1","Blade Dance","Heatsinks","Reaper+1","Steam","A Thousand Cuts","Feed+1","Tools of the Trade","Defragment","Barricade","After Image"],"relics":["Cracked Core","Shovel","Bottled Flame","Bronze Scales","Molten Egg 2","Whetstone","Happy Flower","Omamori","Turnip","Symbiotic Virus","Regal Pillow","Odd Mushroom","Bottled Tornado","DataDisk","Gremlin Horn","Juzu Bracelet","Nuclear Battery","Ancient Tea Set","Peace Pipe","Matryoshka","MutagenicStrength","Chemical X","Cables","Centennial Puzzle","Ornamental Fan","Art of War","Dream Catcher","Vajra","Red Mask","Orichalcum","Potion Belt","Oddly Smooth Stone","Bag of Preparation","Mercury Hourglass","Fusion Hammer","Meat on the Bone","Singing Bowl","Pantograph","Calipers","Ice Cream","Anchor","Torii","Boot","Letter Opener","Bag of Marbles","Strawberry","Question Card","Pen Nib","MawBank","Kunai"],"potions_floor_usage":[6,10,12,16,27,29,38,45,50,50],"damage_taken":[{"damage":0,"enemies":"Jaw Worm","floor":1,"turns":3},{"damage":0,"enemies":"Small Slimes","floor":3,"turns":1},{"damage":6,"enemies":"Cultist","floor":4,"turns":3},{"damage":2,"enemies":"Looter","floor":5,"turns":3},{"damage":2,"enemies":"Gremlin Nob","floor":6,"turns":3},{"damage":9,"enemies":"3 Sentries","floor":8,"turns":3},{"damage":0,"enemies":"Gremlin Nob","floor":10,"turns":2},{"damage":7,"enemies":"The Mushroom Lair","floor":11,"turns":2},{"damage":6,"enemies":"3 Sentries","floor":12,"turns":3},{"damage":3,"enemies":"The Guardian","floor":16,"turns":8},{"damage":0,"enemies":"3 Byrds","floor":18,"turns":2},{"damage":0,"enemies":"Colosseum Slavers","floor":19,"turns":1},{"damage":0,"enemies":"Colosseum Nobs","floor":19,"turns":2},{"damage":10,"enemies":"Chosen","floor":24,"turns":2},{"damage":0,"enemies":"Gremlin Leader","floor":27,"turns":2},{"damage":0,"enemies":"Masked Bandits","floor":28,"turns":1},{"damage":5,"enemies":"Book of Stabbing","floor":29,"turns":3},{"damage":0,"enemies":"Gremlin Leader","floor":31,"turns":2},{"damage":0,"enemies":"Champ","floor":33,"turns":7},{"damage":0,"enemies":"3 Darklings","floor":35,"turns":2},{"damage":3,"enemies":"3 Shapes","floor":37,"turns":4},{"damage":0,"enemies":"Transient","floor":38,"turns":5},{"damage":0,"enemies":"Mysterious Sphere","floor":39,"turns":1},{"damage":0,"enemies":"Nemesis","floor":40,"turns":3},{"damage":0,"enemies":"2 Orb Walkers","floor":42,"turns":1},{"damage":0,"enemies":"Jaw Worm Horde","floor":44,"turns":1},{"damage":0,"enemies":"Nemesis","floor":45,"turns":3},{"damage":0,"enemies":"Giant Head","floor":47,"turns":5},{"damage":26,"enemies":"Time Eater","floor":50,"turns":6}],"seed_played":"5201189705212870334","potions_obtained":[{"floor":1,"key":"Explosive Potion"},{"floor":4,"key":"Block Potion"},{"floor":5,"key":"AttackPotion"},{"floor":6,"key":"Poison Potion"},{"floor":11,"key":"Explosive Potion"},{"floor":18,"key":"Dexterity Potion"},{"floor":19,"key":"Ancient Potion"},{"floor":27,"key":"PowerPotion"},{"floor":29,"key":"Ancient Potion"},{"floor":31,"key":"SkillPotion"},{"floor":35,"key":"SpeedPotion"},{"floor":37,"key":"PowerPotion"},{"floor":44,"key":"SpeedPotion"},{"floor":45,"key":"SpeedPotion"},{"floor":47,"key":"FocusPotion"}],"is_trial":true,"path_per_floor":["M","?","M","M","M","E","R","E","T","E","?","E","$","?","R","B",null,"M","?","?","?","$","R","M","R","T","E","?","E","R","E","R","B",null,"M","$","M","M","?","E","R","E","T","M","E","?","E","?","R","B"],"character_chosen":"DEFECT","items_purchased":["DataDisk","Leap","Chemical X","Heatsinks","Defragment","Singing Bowl"],"campfire_rested":0,"item_purchase_floors":[13,13,22,22,36,36],"current_hp_per_floor":[75,75,75,69,67,65,65,56,56,56,49,43,43,43,43,40,75,75,75,75,61,61,61,51,51,51,51,51,46,46,50,50,56,84,84,84,85,85,91,93,93,93,93,100,100,100,100,100,100,77],"gold":302,"neow_bonus":"","is_prod":false,"is_daily":false,"chose_seed":false,"campfire_upgraded":0,"win_rate":0,"timestamp":1535824380,"path_taken":["M","?","M","M","?","E","R","E","T","E","?","E","$","?","R","BOSS","M","?","?","?","$","R","M","R","T","E","?","E","R","E","R","BOSS","M","?","M","M","?","E","R","E","T","M","E","?","E","?","R","BOSS"],"build_version":"2018-08-30","purchased_purges":0,"victory":true,"max_hp_per_floor":[75,75,75,75,75,75,75,75,75,75,75,75,75,75,75,75,75,75,75,75,80,80,80,80,80,80,80,80,80,80,84,84,84,84,84,84,88,88,94,96,96,96,96,103,103,103,103,103,103,103],"card_choices":[{"not_picked":["Finisher","Anger"],"picked":"Dagger Spray","floor":0},{"not_picked":["Leap","PiercingWail"],"picked":"Rampage","floor":0},{"not_picked":["Fire Breathing","Prepared"],"picked":"Power Through","floor":0},{"not_picked":["Flechettes","PiercingWail"],"picked":"Cloak And Dagger","floor":0},{"not_picked":["Havoc","Thunderclap"],"picked":"Whirlwind","floor":0},{"not_picked":["Dropkick","Inflame"],"picked":"True Grit","floor":0},{"not_picked":["Outmaneuver","Melter"],"picked":"Metallicize","floor":0},{"not_picked":["Eviscerate","Endless Agony"],"picked":"Storm","floor":0},{"not_picked":["Recycle","Stack"],"picked":"Genetic Algorithm","floor":0},{"not_picked":["Perfected Strike","Streamline"],"picked":"Go for the Eyes","floor":0},{"not_picked":["Tactician","Choke"],"picked":"Barrage","floor":0},{"not_picked":["Wild Strike","Sweeping Beam"],"picked":"Masterful Stab","floor":0},{"not_picked":["Whirlwind","Clash"],"picked":"Quick Slash","floor":0},{"not_picked":["Prepared","Thunderclap"],"picked":"Force Field","floor":0},{"not_picked":["Clothesline","Clash"],"picked":"Ball Lightning","floor":0},{"not_picked":["Fiend Fire+1","Amplify"],"picked":"Electrodynamics","floor":6},{"not_picked":["Storm of Steel","Malaise"],"picked":"Adrenaline","floor":8},{"not_picked":["Grand Finale+1","A Thousand Cuts"],"picked":"Bludgeon+1","floor":10},{"not_picked":["Blade Dance","Leap"],"picked":"Consume","floor":11},{"not_picked":["Seek","Limit Break"],"picked":"Immolate+1","floor":12},{"not_picked":["Reboot","Amplify"],"picked":"Feed+1","floor":16},{"not_picked":["Wild Strike+1","Deflect"],"picked":"Blade Dance","floor":19},{"not_picked":["Exhume","Immolate+1"],"picked":"Reaper+1","floor":27},{"not_picked":["Outmaneuver","Bane+1"],"picked":"Steam","floor":28},{"not_picked":["Phantasmal Killer","Demon Form"],"picked":"A Thousand Cuts","floor":29},{"not_picked":["Core Surge+1","Biased Cognition"],"picked":"Feed+1","floor":31},{"not_picked":["Grand Finale+1","Doppelganger"],"picked":"Tools of the Trade","floor":33},{"not_picked":["Uppercut+1","Quick Slash+1","Fusion"],"picked":"Singing Bowl","floor":39},{"not_picked":["Phantasmal Killer","Bludgeon+1","Core Surge+1"],"picked":"Singing Bowl","floor":40},{"not_picked":["Envenom","Wraith Form v2"],"picked":"Corpse Explosion","floor":42},{"not_picked":["Brutality","Impervious"],"picked":"Barricade","floor":45},{"not_picked":["Immolate+1","Envenom","All For One+1"],"picked":"After Image","floor":47}],"player_experience":833600,"relics_obtained":[{"floor":1,"key":"Bottled Flame"},{"floor":3,"key":"Bronze Scales"},{"floor":4,"key":"Molten Egg 2"},{"floor":5,"key":"Whetstone"},{"floor":6,"key":"Happy Flower"},{"floor":7,"key":"Omamori"},{"floor":8,"key":"Turnip"},{"floor":9,"key":"Symbiotic Virus"},{"floor":10,"key":"Regal Pillow"},{"floor":11,"key":"Odd Mushroom"},{"floor":12,"key":"Bottled Tornado"},{"floor":15,"key":"Gremlin Horn"},{"floor":16,"key":"Juzu Bracelet"},{"floor":18,"key":"Ancient Tea Set"},{"floor":19,"key":"Peace Pipe"},{"floor":19,"key":"Matryoshka"},{"floor":23,"key":"Cables"},{"floor":24,"key":"Centennial Puzzle"},{"floor":25,"key":"Ornamental Fan"},{"floor":26,"key":"Art of War"},{"floor":26,"key":"Dream Catcher"},{"floor":27,"key":"Vajra"},{"floor":28,"key":"Red Mask"},{"floor":29,"key":"Orichalcum"},{"floor":30,"key":"Potion Belt"},{"floor":31,"key":"Oddly Smooth Stone"},{"floor":32,"key":"Bag of Preparation"},{"floor":33,"key":"Mercury Hourglass"},{"floor":35,"key":"Meat on the Bone"},{"floor":37,"key":"Pantograph"},{"floor":38,"key":"Calipers"},{"floor":39,"key":"Ice Cream"},{"floor":40,"key":"Anchor"},{"floor":41,"key":"Torii"},{"floor":42,"key":"Boot"},{"floor":43,"key":"Letter Opener"},{"floor":43,"key":"Bag of Marbles"},{"floor":44,"key":"Strawberry"},{"floor":45,"key":"Question Card"},{"floor":47,"key":"MawBank"},{"floor":49,"key":"Kunai"}],"event_choices":[{"event_name":"Liars Game","player_choice":"disagreed","floor":2,"damage_taken":0},{"event_name":"Mushrooms","player_choice":"Fought Mushrooms","floor":11,"damage_taken":0},{"event_name":"Match and Keep!","player_choice":"1 cards matched","floor":14,"damage_taken":0},{"event_name":"Colosseum","player_choice":"Fight","floor":19,"damage_taken":0},{"event_name":"Colosseum","player_choice":"Fought Nobs","floor":19,"damage_taken":0},{"event_name":"Drug Dealer","player_choice":"Inject Mutagens","floor":20,"damage_taken":0},{"event_name":"Forgotten Altar","player_choice":"Shed Blood","floor":21,"damage_taken":0},{"event_name":"Masked Bandits","player_choice":"Fought Bandits","floor":28,"damage_taken":0},{"event_name":"Mysterious Sphere","player_choice":"Fight","floor":39,"damage_taken":0},{"event_name":"Accursed Blacksmith","player_choice":"Rummage","floor":46,"damage_taken":0},{"event_name":"Falling","player_choice":"Removed Skill","floor":48,"damage_taken":0}],"is_beta":true,"boss_relics":[{"not_picked":["Tiny House","White Beast Statue"],"picked":"Nuclear Battery"},{"not_picked":["Snecko Eye","Sozu"],"picked":"Fusion Hammer"}],"items_purged_floors":[],"is_endless":false,"potions_floor_spawned":[1,4,5,6,11,18,19,27,29,31,35,37,44,45,47],"ascension_level":1}