{"path_per_floor":["M","$","M","M","M","E","M","E","T","M","M","?","R","?","R","B",null,"M","M","?","M","?","R","E","R","T","M","$","M","M","M","R","B",null,"M","?","M","?","M","R","M","M","T","R","M","M","R","?","R"],"character_chosen":"DEFECT","items_purchased":["All For One","Beam Cell","Thread and Needle","Unceasing Top","Beam Cell"],"gold_per_floor":[215,90,102,118,138,172,191,222,270,281,296,296,296,296,296,399,399,414,430,430,447,477,477,509,509,509,522,12,26,36,56,56,154,154,174,174,188,410,421,421,440,455,480,480,497,515,515,515,515,515],"floor_reached":50,"campfire_rested":8,"playtime":2326,"current_hp_per_floor":[74,74,74,74,69,55,56,44,44,44,41,41,63,68,68,27,80,64,50,50,41,18,42,24,48,48,49,49,58,47,49,73,33,80,80,80,41,41,11,35,44,46,46,70,63,7,31,31,55,0],"items_purged":[],"gold":515,"score":557,"play_id":"64c64e23-008b-487f-b386-71c579260e2d","local_time":"20180506215136","is_prod":false,"is_daily":false,"chose_seed":false,"is_ascension_mode":false,"campfire_upgraded":1,"timestamp":1525657896,"path_taken":["M","$","M","M","M","E","M","E","T","M","M","?","R","?","R","BOSS","M","M","?","M","?","R","E","R","T","M","$","M","M","M","R","BOSS","M","?","M","?","M","R","M","M","T","R","M","M","R","?","R","BOSS"],"build_version":"2018-05-03","seed_source_timestamp":2119617171524761,"purchased_purges":0,"victory":false,"master_deck":["Strike_B","Strike_B","Strike_B","Strike_B","Defend_B","Defend_B","Defend_B","Defend_B","Zap","Dualcast","Leap","All For One+1","Beam Cell","FTL","Streamline","Rebound","Beam Cell","All For One","Beam Cell","Sweeping Beam","Reprogram","Reboot","Streamline","Self Repair","Genetic Algorithm","Turbo","Undo","Rebound","Beam Cell","Reinforced Body","Cold Snap","Glacier+1","All For One","Leap","Leap","Glacier+1","Loop+1","Go for the Eyes","Rip and Tear+1","Hologram+1","Go for the Eyes+1"],"max_hp_per_floor":[75,75,75,75,75,75,75,75,75,75,75,75,75,80,80,80,80,80,80,80,80,80,80,80,80,80,80,80,80,80,80,80,80,80,80,80,80,80,80,80,80,80,80,80,80,80,80,80,80,80],"relics":["Cracked Core","Blood Vial","The Courier","Pen Nib","Nuclear Battery","Red Mask","Dodecahedron","Question Card","Thread and Needle","Unceasing Top","Lizard Tail","Vajra"],"card_choices":[{"not_picked":["Melter","Blizzard"],"picked":"Leap","floor":1},{"not_picked":["Sweeping Beam","Hologram"],"picked":"FTL","floor":3},{"not_picked":["Skim","Rebound"],"picked":"Streamline","floor":4},{"not_picked":["Barrage","Chaos"],"picked":"Rebound","floor":5},{"not_picked":["Rebound","Capacitor"],"picked":"Beam Cell","floor":6},{"not_picked":["Genetic Algorithm","Cold Snap"],"picked":"All For One","floor":7},{"not_picked":["BootSequence","Lockon"],"picked":"Beam Cell","floor":8},{"not_picked":["Hologram","Streamline"],"picked":"Sweeping Beam","floor":10},{"not_picked":["Tempest","Recycle"],"picked":"Reprogram","floor":11},{"not_picked":["Nova","Thunder Strike"],"picked":"Reboot","floor":16},{"not_picked":["Rebound","Capacitor"],"picked":"Streamline","floor":18},{"not_picked":["Hologram","Impulse"],"picked":"Self Repair","floor":19},{"not_picked":["Sweeping Beam","Storm"],"picked":"Genetic Algorithm","floor":21},{"not_picked":["Skim","Storm"],"picked":"Turbo","floor":22},{"not_picked":["Chaos","Turbo"],"picked":"Undo","floor":24},{"not_picked":["Chaos","Streamline","Blizzard"],"picked":"Rebound","floor":27},{"not_picked":["Static Discharge","Defragment","Force Field"],"picked":"Reinforced Body","floor":29},{"not_picked":["Double Energy","Capacitor","Ball Lightning"],"picked":"Cold Snap","floor":30},{"not_picked":["Amplify","Conserve Battery","Genetic Algorithm"],"picked":"Glacier","floor":31},{"not_picked":["Reboot","Machine Learning","Fission"],"picked":"All For One","floor":33},{"not_picked":["Barrage","Static Discharge","Loop"],"picked":"Leap","floor":35},{"not_picked":["Sweeping Beam","Cold Snap","Conserve Battery"],"picked":"Glacier","floor":37},{"not_picked":["Rebound","Impulse","Sweeping Beam"],"picked":"Loop","floor":39},{"not_picked":["Leap","Skim","Gash"],"picked":"Go for the Eyes","floor":41},{"not_picked":["Steam Power","Ball Lightning","BootSequence"],"picked":"Rip and Tear","floor":42},{"not_picked":["Rip and Tear","All For One","Coolheaded"],"picked":"Hologram","floor":45},{"not_picked":["Chaos","Beam Cell","Blizzard"],"picked":"Go for the Eyes","floor":46}],"player_experience":348892,"potions_floor_usage":[18,22,29,33,39,41,50,50],"damage_taken":[{"damage":1,"enemies":"Jaw Worm","floor":1,"turns":4},{"damage":0,"enemies":"2 Louse","floor":3,"turns":2},{"damage":0,"enemies":"Small Slimes","floor":4,"turns":3},{"damage":5,"enemies":"3 Louse","floor":5,"turns":3},{"damage":14,"enemies":"Gremlin Nob","floor":6,"turns":3},{"damage":1,"enemies":"Exordium Wildlife","floor":7,"turns":3},{"damage":14,"enemies":"3 Sentries","floor":8,"turns":7},{"damage":2,"enemies":"Blue Slaver","floor":10,"turns":3},{"damage":5,"enemies":"3 Louse","floor":11,"turns":2},{"damage":43,"enemies":"Hexaghost","floor":16,"turns":7},{"damage":16,"enemies":"2 Thieves","floor":18,"turns":3},{"damage":16,"enemies":"3 Byrds","floor":19,"turns":4},{"damage":18,"enemies":"Sentry and Sphere","floor":21,"turns":4},{"damage":32,"enemies":"Masked Bandits","floor":22,"turns":4},{"damage":27,"enemies":"Gremlin Leader","floor":24,"turns":7},{"damage":14,"enemies":"3 Cultists","floor":27,"turns":5},{"damage":0,"enemies":"Chosen and Byrds","floor":29,"turns":4},{"damage":13,"enemies":"Snake Plant","floor":30,"turns":4},{"damage":6,"enemies":"Cultist and Chosen","floor":31,"turns":3},{"damage":49,"enemies":"Champ","floor":33,"turns":12},{"damage":0,"enemies":"Orb Walker","floor":35,"turns":4},{"damage":39,"enemies":"3 Shapes","floor":37,"turns":4},{"damage":79,"enemies":"Flame Bruiser 2 Orb","floor":39,"turns":12},{"damage":0,"enemies":"Sphere and 2 Shapes","floor":41,"turns":6},{"damage":0,"enemies":"3 Darklings","floor":42,"turns":7},{"damage":21,"enemies":"Maw","floor":45,"turns":8},{"damage":58,"enemies":"Sphere and 2 Shapes","floor":46,"turns":6},{"damage":70,"enemies":"Time Eater","floor":50,"turns":12}],"event_choices":[{"event_name":"Liars Game","player_choice":"disagreed","floor":12,"damage_taken":0},{"event_name":"Big Fish","player_choice":"Donut","floor":14,"damage_taken":0},{"event_name":"Drug Dealer","player_choice":"Ignored","floor":20,"damage_taken":0},{"event_name":"Masked Bandits","player_choice":"Fought over 447 gold","floor":22,"damage_taken":0},{"event_name":"Duplicator","player_choice":"One dupe","floor":36,"damage_taken":0},{"event_name":"Tomb of Lord Red Mask","player_choice":"Wore Mask","floor":38,"damage_taken":0},{"event_name":"Mysterious Sphere","player_choice":"Ignore","floor":48,"damage_taken":0}],"boss_relics":[{"not_picked":["Astrolabe","Runic Pyramid"],"picked":"Nuclear Battery"},{"not_picked":["Runic Dome","Tiny House"],"picked":"Lizard Tail"}],"potions_floor_spawned":[1,6,7,8,18,21,29,30,37,41],"seed_played":"-6328306875301661876","killed_by":"Time Eater","ascension_level":0,"is_trial":false}