{"gold_per_floor":[19,19,19,34,34,68,68,86,113,113,124,124,199,26,26,128,128,145,46,46,46,46,76,76,93,116,116,31,31,130,130,130,229,229,229],"floor_reached":35,"playtime":2089,"items_purged":[],"score":569,"play_id":"2289a275-fae8-43e3-9a83-be9a41a5863d","local_time":"20180722143441","is_ascension_mode":true,"campfire_choices":[{"floor":7,"key":"REST"},{"data":"Neutralize","floor":10,"key":"SMITH"},{"data":"After Image","floor":12,"key":"SMITH"},{"floor":15,"key":"REST"},{"floor":24,"key":"REST"},{"data":"Footwork","floor":29,"key":"SMITH"},{"data":"Predator","floor":32,"key":"SMITH"}],"neow_cost":"NO_GOLD","seed_source_timestamp":95778959306464,"circlet_count":0,"master_deck":["Defend_G","Defend_G","Defend_G","Defend_G","Strike_G","Strike_G","Strike_G","Survivor","Neutralize+1","AscendersBane","Terror+1","Burst","Dagger Spray","Dagger Throw","Poisoned Stab","Predator+1","After Image+1","Leg Sweep","Bandage Up","Adrenaline","Skewer","Footwork+1","Dodge and Roll","Adrenaline","Endless Agony","Slice+1","PiercingWail","Predator","Tools of the Trade"],"relics":["Ring of the Snake","Happy Flower","Juzu Bracelet","Cursed Key","Omamori","Ancient Tea Set","Blood Vial","Snecko Eye"],"potions_floor_usage":[16,16,23,23,33,35],"damage_taken":[{"damage":1,"enemies":"Jaw Worm","floor":1,"turns":6},{"damage":1,"enemies":"2 Louse","floor":4,"turns":3},{"damage":27,"enemies":"3 Sentries","floor":6,"turns":6},{"damage":0,"enemies":"Cultist","floor":8,"turns":2},{"damage":0,"enemies":"Blue Slaver","floor":11,"turns":3},{"damage":22,"enemies":"Slime Boss","floor":16,"turns":13},{"damage":0,"enemies":"Shell Parasite","floor":18,"turns":5},{"damage":46,"enemies":"Slavers","floor":23,"turns":8},{"damage":0,"enemies":"3 Byrds","floor":25,"turns":5},{"damage":78,"enemies":"Automaton","floor":33,"turns":16},{"damage":68,"enemies":"3 Darklings","floor":35,"turns":8}],"seed_played":"-7817895846978874552","potions_obtained":[{"floor":4,"key":"GamblersBrew"},{"floor":5,"key":"EntropicBrew"},{"floor":5,"key":"GhostInAJar"},{"floor":18,"key":"Fruit Juice"},{"floor":25,"key":"Explosive Potion"},{"floor":33,"key":"Block Potion"}],"is_trial":false,"path_per_floor":["M","?","$","M","?","E","R","M","T","R","M","R","?","$","R","B",null,"M","$","?","$","?","E","R","M","T","?","?","R","?","?","R","B",null],"character_chosen":"THE_SILENT","items_purchased":["Leg Sweep","Bandage Up","Footwork","Dodge and Roll"],"campfire_rested":3,"item_purchase_floors":[14,14,19,19],"current_hp_per_floor":[62,62,62,61,61,34,55,55,55,55,55,55,44,44,65,47,64,68,68,68,68,68,31,53,57,57,57,57,57,57,75,75,1,57,0],"gold":229,"neow_bonus":"TRANSFORM_TWO_CARDS","is_prod":false,"is_daily":false,"chose_seed":false,"campfire_upgraded":4,"win_rate":0,"timestamp":1532284481,"path_taken":["M","?","$","M","?","E","R","M","T","R","M","R","?","?","R","BOSS","M","?","?","$","?","E","R","M","T","?","?","R","?","?","R","BOSS","M"],"build_version":"2018-07-19","purchased_purges":0,"victory":false,"max_hp_per_floor":[70,70,70,70,70,70,70,70,70,70,70,70,70,70,70,70,70,70,70,70,70,70,75,75,75,75,75,75,75,75,75,75,75,75,75],"card_choices":[{"not_picked":["Acrobatics","Setup"],"picked":"Dagger Spray","floor":1},{"not_picked":["Outmaneuver","Dodge and Roll"],"picked":"Dagger Throw","floor":4},{"not_picked":["Bane","Dodge and Roll"],"picked":"Poisoned Stab","floor":6},{"not_picked":["Crippling Poison","Sucker Punch"],"picked":"Predator","floor":8},{"not_picked":["Underhanded Strike","Sucker Punch"],"picked":"After Image","floor":11},{"not_picked":["Storm of Steel","Corpse Explosion"],"picked":"Adrenaline","floor":16},{"not_picked":["Acrobatics","Bouncing Flask+1"],"picked":"Skewer","floor":18},{"not_picked":["Riddle With Holes+1","Choke"],"picked":"Slice+1","floor":23},{"not_picked":["Deadly Poison","Dagger Spray"],"picked":"PiercingWail","floor":25},{"not_picked":["Storm of Steel","Doppelganger"],"picked":"Tools of the Trade","floor":33}],"player_experience":603714,"relics_obtained":[{"floor":6,"key":"Happy Flower"},{"floor":9,"key":"Juzu Bracelet"},{"floor":23,"key":"Omamori"},{"floor":26,"key":"Ancient Tea Set"}],"event_choices":[{"event_name":"Living Wall","player_choice":"Grow","floor":2,"damage_taken":0},{"event_name":"The Lab","player_choice":"Got Potions","floor":5,"damage_taken":0},{"event_name":"World of Goop","player_choice":"Gather Gold","floor":13,"damage_taken":0},{"event_name":"Duplicator","player_choice":"One dupe","floor":20,"damage_taken":0},{"event_name":"Transmorgrifier","player_choice":"Transform","floor":22,"damage_taken":0},{"event_name":"Match and Keep!","player_choice":"1 cards matched","floor":27,"damage_taken":0},{"event_name":"Addict","player_choice":"Obtained Relic","floor":28,"damage_taken":0},{"event_name":"Nest","player_choice":"Stole From Cult","floor":30,"damage_taken":0},{"event_name":"The Library","player_choice":"Heal","floor":31,"damage_taken":0}],"is_beta":true,"boss_relics":[{"not_picked":["Lizard Tail","Ectoplasm"],"picked":"Cursed Key"},{"not_picked":["Orrery","HoveringKite"],"picked":"Snecko Eye"}],"items_purged_floors":[],"is_endless":false,"potions_floor_spawned":[4,6,16,18,25,33],"killed_by":"3 Darklings","ascension_level":11}