{"path_per_floor":["M","?","M","M","M","R","E","M","T","E","?","R","M","M","R","B",null,"M","$","M","$","M","R","?","M","T","R","M","M","M","?","R"],"character_chosen":"IRONCLAD","items_purchased":["Bronze Scales","Block Potion"],"gold_per_floor":[115,115,130,145,163,163,197,216,240,267,267,267,281,296,296,415,415,436,218,233,81,95,95,95,113,113,113,133,156,169,94,94],"floor_reached":33,"campfire_rested":1,"playtime":2232,"current_hp_per_floor":[80,80,80,80,77,77,41,46,46,33,33,57,61,58,58,40,70,72,72,71,71,54,54,54,56,63,63,65,63,61,61,61],"items_purged":["Injury","Strike_R"],"gold":94,"score":329,"play_id":"32c737fd-d9da-4612-8075-d0671020a2f2","local_time":"20180321134031","is_prod":false,"is_daily":false,"is_ascension_mode":true,"campfire_upgraded":5,"timestamp":1521654031,"path_taken":["M","?","M","M","M","R","E","M","T","E","?","R","M","M","R","BOSS","M","$","M","$","M","R","?","M","T","R","?","M","M","?","R","BOSS"],"build_version":"2018-03-15v3","purchased_purges":2,"victory":false,"master_deck":["Strike_R","Strike_R","Strike_R","Defend_R","Defend_R","Defend_R","Defend_R","Bash+1","Flame Barrier+1","Shrug It Off+1","Headbutt","Iron Wave","Thunderclap","Headbutt","Armaments+1","Body Slam+1","Offering+1","Shrug It Off","Metallicize","Inflame","Wild Strike+1","Ghostly Armor","Disarm+1","Flex+1"],"max_hp_per_floor":[80,80,80,80,80,80,80,80,80,80,80,80,80,80,80,80,80,80,80,80,80,80,80,80,80,87,87,87,87,87,87,87],"relics":["Burning Blood","Sundial","Orichalcum","Oddly Smooth Stone","Golden Idol","Snecko Eye","Bronze Scales","Strawberry"],"card_choices":[{"not_picked":["Reckless Charge","Intimidate"],"picked":"Flame Barrier"},{"not_picked":["Sword Boomerang","Havoc"],"picked":"Shrug It Off"},{"not_picked":["Flex","Dual Wield"],"picked":"Headbutt"},{"not_picked":["Shrug It Off","Carnage"],"picked":"Iron Wave"},{"not_picked":["Dark Embrace","Power Through"],"picked":"Thunderclap"},{"not_picked":["Anger","Entrench"],"picked":"Headbutt"},{"not_picked":["Infernal Blade","Juggernaut"],"picked":"Armaments"},{"not_picked":["Inflame","Clash"],"picked":"Body Slam"},{"not_picked":["Dark Embrace","Brutality"],"picked":"Offering"},{"not_picked":["Carnage","Thunderclap"],"picked":"Shrug It Off"},{"not_picked":["Rampage","Inflame"],"picked":"Metallicize"},{"not_picked":["True Grit","Anger"],"picked":"Inflame"},{"not_picked":["Warcry","Thunderclap"],"picked":"Wild Strike"},{"not_picked":["Hemokinesis","Fire Breathing"],"picked":"Ghostly Armor"},{"not_picked":["Uppercut","Heavy Blade"],"picked":"Disarm"},{"not_picked":["True Grit","Dark Embrace"],"picked":"Flex"}],"player_experience":634540,"potions_floor_usage":[7,16,18,22,25,25,29,30,33],"damage_taken":[{"damage":1,"enemies":"Cultist","floor":1,"turns":3},{"damage":0,"enemies":"Jaw Worm","floor":3,"turns":4},{"damage":2,"enemies":"Small Slimes","floor":4,"turns":4},{"damage":9,"enemies":"Blue Slaver","floor":5,"turns":3},{"damage":42,"enemies":"Gremlin Nob","floor":7,"turns":5},{"damage":1,"enemies":"Large Slime","floor":8,"turns":7},{"damage":19,"enemies":"Lagavulin","floor":10,"turns":6},{"damage":2,"enemies":"3 Louse","floor":13,"turns":4},{"damage":9,"enemies":"Red Slaver","floor":14,"turns":5},{"damage":24,"enemies":"Hexaghost","floor":16,"turns":12},{"damage":4,"enemies":"3 Byrds","floor":18,"turns":7},{"damage":7,"enemies":"Spheric Guardian","floor":20,"turns":5},{"damage":23,"enemies":"3 Cultists","floor":22,"turns":6},{"damage":4,"enemies":"Cultist and Chosen","floor":25,"turns":5},{"damage":4,"enemies":"Snecko","floor":28,"turns":3},{"damage":8,"enemies":"Snake Plant","floor":29,"turns":3},{"damage":8,"enemies":"Chosen and Byrds","floor":30,"turns":7},{"damage":63,"enemies":"Champ","floor":33,"turns":10}],"event_choices":[{"event_name":"Wheel of Change","player_choice":"Full Heal","floor":2,"damage_taken":0},{"event_name":"Golden Idol","player_choice":"Take Wound","floor":11,"damage_taken":0},{"event_name":"The Lab","player_choice":"Got Potions","floor":24,"damage_taken":0},{"event_name":"Beggar","player_choice":"Gave Gold","floor":31,"damage_taken":0}],"boss_relics":[{"not_picked":["Runic Dome","Question Card"],"picked":"Snecko Eye"}],"potions_floor_spawned":[1,5,7,25,28,29],"seed_played":"7379828180837068491","killed_by":"Champ","ascension_level":5,"is_trial":false}