{"gold_per_floor":[114,114,131,63,63,92,92,92,92,92,111,129,156,166,166,269,269,282,8,8,8,26,26,60,60,60,86,86,86,104,121,121,217,217,235,7,7,23,41,75,75,75,75,89,16,44,44,63,63,63],"floor_reached":51,"playtime":8091,"items_purged":["Strike_R"],"score":703,"play_id":"695dc402-c9f4-4f59-882b-d1e4665d3b45","local_time":"20190122003902","is_ascension_mode":false,"campfire_choices":[{"data":"Clothesline","floor":8,"key":"SMITH"},{"floor":10,"key":"REST"},{"floor":15,"key":"REST"},{"data":"Combust","floor":23,"key":"SMITH"},{"floor":25,"key":"REST"},{"floor":28,"key":"REST"},{"data":"Combust","floor":29,"key":"SMITH"},{"floor":32,"key":"REST"},{"floor":41,"key":"REST"},{"data":"Metallicize","floor":47,"key":"SMITH"},{"floor":49,"key":"REST"}],"neow_cost":"NONE","seed_source_timestamp":29616717977563,"circlet_count":0,"master_deck":["Strike_R","Defend_R","Defend_R","Defend_R","Defend_R","Bash","Clothesline+1","Anger","Metallicize+1","Thunderclap","Combust+1","Combust+1","Twin Strike","Limit Break","Reaper","Dropkick","Cleave","Combust","Shrug It Off+1","Metallicize+1","Rupture+1","Double Tap+1","Flex+1","Blood for Blood","Intimidate","Spot Weakness+1","Whirlwind+1","Disarm","Clumsy","Armaments+1","Armaments+1","Seeing Red+1"],"relics":["Lizard Tail","Bottled Tornado","Bronze Scales","Meat on the Bone","Velvet Choker","Sling","Magic Flower","WingedGreaves","Oddly Smooth Stone","Cursed Key","Pen Nib","Vajra","Toxic Egg 2","Happy Flower"],"potions_floor_usage":[12,22,24,33,39,40,40,48,50,50,50],"damage_taken":[{"damage":7,"enemies":"Small Slimes","floor":1,"turns":4},{"damage":0,"enemies":"Cultist","floor":3,"turns":4},{"damage":9,"enemies":"Gremlin Nob","floor":6,"turns":5},{"damage":0,"enemies":"2 Louse","floor":11,"turns":3},{"damage":0,"enemies":"Lots of Slimes","floor":12,"turns":2},{"damage":16,"enemies":"Lagavulin","floor":13,"turns":5},{"damage":17,"enemies":"Large Slime","floor":14,"turns":4},{"damage":68,"enemies":"The Guardian","floor":16,"turns":10},{"damage":22,"enemies":"2 Thieves","floor":18,"turns":4},{"damage":7,"enemies":"Chosen","floor":22,"turns":4},{"damage":26,"enemies":"Gremlin Leader","floor":24,"turns":4},{"damage":53,"enemies":"Slavers","floor":27,"turns":5},{"damage":17,"enemies":"Centurion and Healer","floor":30,"turns":4},{"damage":9,"enemies":"Chosen and Byrds","floor":31,"turns":4},{"damage":50,"enemies":"Collector","floor":33,"turns":7},{"damage":14,"enemies":"Orb Walker","floor":35,"turns":4},{"damage":34,"enemies":"3 Shapes","floor":38,"turns":6},{"damage":16,"enemies":"3 Darklings","floor":39,"turns":4},{"damage":42,"enemies":"Reptomancer","floor":40,"turns":4},{"damage":40,"enemies":"Maw","floor":44,"turns":7},{"damage":26,"enemies":"Nemesis","floor":46,"turns":5},{"damage":13,"enemies":"Sphere and 2 Shapes","floor":48,"turns":4},{"damage":122,"enemies":"Donu and Deca","floor":50,"turns":9}],"seed_played":"4018094187079658950","potions_obtained":[{"floor":6,"key":"Explosive Potion"},{"floor":14,"key":"Ancient Potion"},{"floor":16,"key":"Fruit Juice"},{"floor":18,"key":"SneckoOil"},{"floor":22,"key":"Regen Potion"},{"floor":27,"key":"Explosive Potion"},{"floor":38,"key":"FearPotion"},{"floor":39,"key":"Block Potion"},{"floor":44,"key":"Block Potion"},{"floor":48,"key":"FearPotion"}],"is_trial":false,"path_per_floor":["M","?","M","$","?","E","?","R","T","R","M","M","E","M","R","B",null,"M","$","?","?","M","R","E","R","T","E","R","R","M","M","R","B",null,"M","$","?","M","M","E","R","?","T","M","$","E","R","M","R","B",null],"character_chosen":"IRONCLAD","items_purchased":["Metallicize","Sling","Pen Nib","Blood for Blood","Armaments+1","Poison Potion"],"campfire_rested":7,"item_purchase_floors":[4,19,36,36,45,45],"current_hp_per_floor":[73,73,73,73,66,57,57,57,57,80,80,80,64,47,71,15,80,66,66,66,66,68,68,56,81,81,49,74,74,72,69,85,47,85,71,71,71,64,60,45,70,70,70,57,57,61,61,48,73,47],"gold":63,"neow_bonus":"BOSS_RELIC","is_prod":false,"is_daily":false,"chose_seed":false,"campfire_upgraded":4,"win_rate":0,"timestamp":1548135542,"path_taken":["M","?","?","$","?","E","?","R","T","R","M","?","E","M","R","BOSS","M","$","?","?","M","R","E","R","T","E","R","R","M","M","R","BOSS","M","$","?","?","M","E","R","?","T","M","?","E","R","?","R","BOSS"],"build_version":"2019-01-17v2","purchased_purges":1,"victory":true,"max_hp_per_floor":[80,80,80,80,80,80,80,80,80,80,80,80,80,80,80,80,80,80,80,80,80,85,85,85,85,85,85,85,85,85,85,85,85,85,85,85,85,85,85,85,85,85,85,85,85,85,85,85,85,85],"card_choices":[{"not_picked":["Perfected Strike","Havoc"],"picked":"Clothesline","floor":1},{"not_picked":["Flame Barrier","Twin Strike"],"picked":"Anger","floor":3},{"not_picked":["Clash","Entrench"],"picked":"Thunderclap","floor":6},{"not_picked":["Burning Pact","Sever Soul"],"picked":"Combust","floor":11},{"not_picked":["Hemokinesis","Reckless Charge"],"picked":"Combust","floor":12},{"not_picked":["Cleave","Carnage"],"picked":"Twin Strike","floor":13},{"not_picked":["Armaments","Cleave"],"picked":"Limit Break","floor":14},{"not_picked":["Dark Embrace","Brutality"],"picked":"Reaper","floor":16},{"not_picked":["Perfected Strike","Warcry","True Grit"],"picked":"SKIP","floor":18},{"not_picked":["Entrench","Thunderclap"],"picked":"Cleave","floor":22},{"not_picked":["Reckless Charge","Clothesline"],"picked":"Combust","floor":24},{"not_picked":["Flex","Uppercut"],"picked":"Shrug It Off+1","floor":27},{"not_picked":["Dropkick","Clash"],"picked":"Metallicize","floor":30},{"not_picked":["Warcry","Infernal Blade"],"picked":"Rupture+1","floor":31},{"not_picked":["Berserk","Offering"],"picked":"Double Tap","floor":33},{"not_picked":["Corruption","Rampage+1"],"picked":"Flex+1","floor":35},{"not_picked":["Thunderclap+1","Searing Blow+1"],"picked":"Spot Weakness+1","floor":38},{"not_picked":["Hemokinesis","Ghostly Armor"],"picked":"Whirlwind+1","floor":39},{"not_picked":["Spot Weakness","Rampage"],"picked":"Disarm","floor":40},{"not_picked":["Inflame","Cleave+1","Fire Breathing+1"],"picked":"SKIP","floor":44},{"not_picked":["Reckless Charge","Thunderclap+1"],"picked":"Armaments+1","floor":46},{"not_picked":["Disarm+1","Body Slam"],"picked":"Seeing Red+1","floor":48}],"player_experience":98062,"relics_obtained":[{"floor":6,"key":"Bottled Tornado"},{"floor":9,"key":"Bronze Scales"},{"floor":13,"key":"Meat on the Bone"},{"floor":24,"key":"Magic Flower"},{"floor":26,"key":"WingedGreaves"},{"floor":27,"key":"Oddly Smooth Stone"},{"floor":40,"key":"Vajra"},{"floor":43,"key":"Toxic Egg 2"},{"floor":46,"key":"Happy Flower"}],"event_choices":[{"cards_removed":["Strike_R"],"damage_healed":0,"gold_gain":0,"player_choice":"Offered Basic","damage_taken":0,"max_hp_gain":0,"max_hp_loss":0,"event_name":"Bonfire Elementals","floor":2,"gold_loss":0},{"cards_removed":["Strike_R"],"damage_healed":0,"gold_gain":0,"player_choice":"Card Removal","damage_taken":7,"max_hp_gain":0,"max_hp_loss":0,"event_name":"Golden Wing","floor":5,"gold_loss":0},{"damage_healed":0,"gold_gain":0,"player_choice":"Forge","damage_taken":0,"max_hp_gain":0,"max_hp_loss":0,"event_name":"Accursed Blacksmith","floor":7,"gold_loss":0,"cards_upgraded":["Metallicize"]},{"damage_healed":0,"gold_gain":0,"player_choice":"Ignored","damage_taken":0,"max_hp_gain":0,"max_hp_loss":0,"event_name":"Cursed Tome","floor":20,"gold_loss":0},{"damage_healed":0,"gold_gain":0,"cards_transformed":["Strike_R"],"player_choice":"Transformed","damage_taken":0,"max_hp_gain":0,"max_hp_loss":0,"event_name":"Transmorgrifier","floor":21,"gold_loss":0,"cards_obtained":["Dropkick"]},{"damage_healed":0,"gold_gain":0,"player_choice":"1 cards matched","damage_taken":0,"max_hp_gain":0,"max_hp_loss":0,"event_name":"Match and Keep!","floor":37,"gold_loss":0,"cards_obtained":["Intimidate"]},{"damage_healed":0,"gold_gain":0,"player_choice":"Upgraded","damage_taken":0,"max_hp_gain":0,"max_hp_loss":0,"event_name":"Upgrade Shrine","floor":42,"gold_loss":0,"cards_upgraded":["Double Tap"]}],"is_beta":false,"boss_relics":[{"not_picked":["Black Star","Eternal Feather"],"picked":"Velvet Choker"},{"not_picked":["Runic Dome","Empty Cage"],"picked":"Cursed Key"}],"items_purged_floors":[19],"is_endless":false,"potions_floor_spawned":[6,14,16,18,22,27,30,38,39,44,48],"ascension_level":0}