{"gold_per_floor":[114,114,27,27,42,75,75,100,100,119,132,132,132,148,148,148],"floor_reached":16,"playtime":413,"items_purged":[],"score":204,"play_id":"254eefac-bbec-4ee3-ae39-5b16f21fec9d","local_time":"20190212223255","is_ascension_mode":true,"campfire_choices":[{"floor":7,"key":"REST"},{"floor":12,"key":"REST"},{"data":"Metallicize","floor":15,"key":"SMITH"}],"neow_cost":"NONE","seed_source_timestamp":80583133312891,"circlet_count":0,"master_deck":["AscendersBane","Strike_R","Strike_R","Strike_R","Strike_R","Defend_R","Defend_R","Defend_R","Defend_R","Bash","True Grit","Metallicize+1","Sword Boomerang","Clothesline","Feel No Pain","Headbutt+1","Heavy Blade+1"],"relics":["Burning Blood","Bag of Preparation","Thread and Needle","PreservedInsect","Molten Egg 2"],"potions_floor_usage":[6],"damage_taken":[{"damage":6,"enemies":"2 Louse","floor":1,"turns":3},{"damage":9,"enemies":"Jaw Worm","floor":5,"turns":5},{"damage":71,"enemies":"Lagavulin","floor":6,"turns":9},{"damage":12,"enemies":"Gremlin Nob","floor":8,"turns":5},{"damage":0,"enemies":"Cultist","floor":10,"turns":4},{"damage":8,"enemies":"2 Fungi Beasts","floor":11,"turns":3},{"damage":7,"enemies":"3 Louse","floor":14,"turns":5},{"damage":54,"enemies":"Slime Boss","floor":16,"turns":8}],"seed_played":"2051444915630658072","potions_obtained":[{"floor":5,"key":"Regen Potion"},{"floor":6,"key":"Weak Potion"},{"floor":8,"key":"Strength Potion"}],"is_trial":false,"path_per_floor":["M","?","$","?","M","E","R","E","T","M","M","R","?","M","R","B"],"character_chosen":"IRONCLAD","items_purchased":["Metallicize"],"campfire_rested":2,"item_purchase_floors":[3],"current_hp_per_floor":[68,68,68,68,65,15,37,31,31,37,35,57,50,49,49,0],"gold":148,"neow_bonus":"RANDOM_COMMON_RELIC","is_prod":false,"is_daily":false,"chose_seed":false,"campfire_upgraded":1,"win_rate":0,"timestamp":1550028775,"path_taken":["M","?","$","?","M","E","R","E","T","?","M","R","?","M","R","BOSS"],"build_version":"2019-01-23","purchased_purges":0,"victory":false,"max_hp_per_floor":[75,75,75,75,75,75,75,75,75,75,75,75,75,75,75,75],"card_choices":[{"not_picked":["Wild Strike","Havoc"],"picked":"True Grit","floor":1},{"not_picked":["Wild Strike","Body Slam"],"picked":"Sword Boomerang","floor":5},{"not_picked":["Ghostly Armor","Hemokinesis"],"picked":"Clothesline","floor":6},{"not_picked":["Entrench","Reckless Charge"],"picked":"Feel No Pain","floor":8},{"not_picked":["Rage","Evolve"],"picked":"Headbutt+1","floor":10},{"not_picked":["Wild Strike+1","Clothesline+1"],"picked":"Heavy Blade+1","floor":11},{"not_picked":["Heavy Blade+1","Clothesline+1","Armaments"],"picked":"SKIP","floor":14}],"player_experience":270311,"relics_obtained":[{"floor":6,"key":"Thread and Needle"},{"floor":8,"key":"PreservedInsect"},{"floor":9,"key":"Molten Egg 2"}],"event_choices":[{"damage_healed":0,"gold_gain":0,"player_choice":"Ignored","damage_taken":0,"max_hp_gain":0,"max_hp_loss":0,"event_name":"Shining Light","floor":2,"gold_loss":0},{"damage_healed":0,"gold_gain":0,"player_choice":"0 cards matched","damage_taken":0,"max_hp_gain":0,"max_hp_loss":0,"event_name":"Match and Keep!","floor":4,"gold_loss":0,"cards_obtained":[]},{"cards_removed":["Strike_R"],"damage_healed":0,"gold_gain":0,"player_choice":"Card Removal","damage_taken":7,"max_hp_gain":0,"max_hp_loss":0,"event_name":"Golden Wing","floor":13,"gold_loss":0}],"is_beta":false,"boss_relics":[],"items_purged_floors":[],"is_endless":false,"potions_floor_spawned":[5,6,8,14],"killed_by":"Slime Boss","ascension_level":17}