{"gold_per_floor":[119,119,43,58,81,119,119,154,154,172,172,172,196,210,210,330,330,349,349,362,180,198,198,223,241,241,241,261,276,276,309,309,440,440,456,456,472,112,133,133,177,190,239,258,258],"floor_reached":45,"playtime":2247,"items_purged":["Strike_B","Injury"],"score":578,"play_id":"342f147b-1203-400c-899f-e8088b217103","local_time":"20180729020744","is_ascension_mode":true,"campfire_choices":[{"data":"Zap","floor":7,"key":"SMITH"},{"floor":11,"key":"REST"},{"floor":15,"key":"REST"},{"data":"Dualcast","floor":23,"key":"SMITH"},{"floor":27,"key":"REST"},{"floor":30,"key":"REST"},{"floor":32,"key":"REST"},{"floor":40,"key":"REST"}],"neow_cost":"NONE","seed_source_timestamp":655665908111431,"circlet_count":0,"master_deck":["Strike_B","Strike_B","Defend_B","Defend_B","Defend_B","Defend_B","Zap+1","Dualcast+1","Rebound","Cold Snap","Conserve Battery","FTL","Coolheaded","Conserve Battery","Consume","Skim","Ball Lightning","Barrage","Biased Cognition","Capacitor+1","Steam+1","Undo","Storm","Compile Driver","Undo+1","Capacitor+1","BootSequence","Doom and Gloom","Static Discharge+1","Creative AI","Undo","Conserve Battery+1","Defragment","Glacier","Defragment","Loop+1","Go for the Eyes","Turbo+1"],"relics":["Cracked Core","Golden Idol","Pantograph","Darkstone Periapt","Bottled Flame","Runic Dome","Enchiridion","The Courier","Oddly Smooth Stone","Lizard Tail","Pear","Bag of Marbles","Vajra"],"potions_floor_usage":[8,8,16,22,25,29,31,37,44,45],"damage_taken":[{"damage":2,"enemies":"Jaw Worm","floor":1,"turns":3},{"damage":0,"enemies":"Cultist","floor":4,"turns":3},{"damage":1,"enemies":"2 Louse","floor":5,"turns":2},{"damage":18,"enemies":"3 Sentries","floor":6,"turns":7},{"damage":21,"enemies":"Lagavulin","floor":8,"turns":6},{"damage":7,"enemies":"Lots of Slimes","floor":10,"turns":3},{"damage":13,"enemies":"Looter","floor":13,"turns":3},{"damage":0,"enemies":"Exordium Wildlife","floor":14,"turns":3},{"damage":37,"enemies":"Slime Boss","floor":16,"turns":8},{"damage":2,"enemies":"3 Byrds","floor":18,"turns":4},{"damage":3,"enemies":"Shell Parasite","floor":20,"turns":6},{"damage":0,"enemies":"Snecko","floor":22,"turns":4},{"damage":16,"enemies":"3 Cultists","floor":24,"turns":5},{"damage":15,"enemies":"Slaver and Parasite","floor":25,"turns":7},{"damage":0,"enemies":"Centurion and Healer","floor":28,"turns":6},{"damage":14,"enemies":"Cultist and Chosen","floor":29,"turns":7},{"damage":29,"enemies":"Book of Stabbing","floor":31,"turns":6},{"damage":18,"enemies":"Automaton","floor":33,"turns":10},{"damage":67,"enemies":"Flame Bruiser 1 Orb","floor":35,"turns":8},{"damage":18,"enemies":"3 Darklings","floor":37,"turns":6},{"damage":16,"enemies":"4 Shapes","floor":39,"turns":7},{"damage":48,"enemies":"Nemesis","floor":41,"turns":7},{"damage":10,"enemies":"Spire Growth","floor":42,"turns":6},{"damage":7,"enemies":"Transient","floor":44,"turns":5},{"damage":18,"enemies":"Maw","floor":45,"turns":2}],"seed_played":"5427042078464802976","potions_obtained":[{"floor":6,"key":"PowerPotion"},{"floor":13,"key":"Fire Potion"},{"floor":16,"key":"Poison Potion"},{"floor":20,"key":"Swift Potion"},{"floor":24,"key":"Poison Potion"},{"floor":28,"key":"SkillPotion"},{"floor":29,"key":"AttackPotion"},{"floor":31,"key":"Regen Potion"},{"floor":42,"key":"Poison Potion"},{"floor":44,"key":"GamblersBrew"}],"is_trial":false,"path_per_floor":["M","?","$","M","M","E","R","E","T","M","R","?","M","M","R","B",null,"M","?","M","$","M","R","M","M","T","R","M","M","R","E","R","B",null,"M","?","M","$","M","R","E","M","T","M"],"character_chosen":"DEFECT","items_purchased":["Cold Snap","Conserve Battery","Undo","Storm","Pear","Defragment","Glacier"],"campfire_rested":6,"item_purchase_floors":[3,3,21,21,38,38,38],"current_hp_per_floor":[73,73,73,73,72,54,54,33,33,26,48,48,35,35,57,38,75,73,57,61,61,61,61,45,37,37,59,59,45,67,38,60,57,75,8,8,5,15,42,67,19,9,9,2,0],"gold":258,"neow_bonus":"THREE_SMALL_POTIONS","is_prod":false,"is_daily":false,"chose_seed":false,"campfire_upgraded":2,"win_rate":0,"timestamp":1532844464,"path_taken":["M","?","$","M","M","E","R","E","T","M","R","?","M","M","R","BOSS","M","?","M","$","M","R","M","M","T","R","M","M","R","E","R","BOSS","M","?","M","$","M","R","E","M","T","M","M"],"build_version":"2018-07-26","purchased_purges":2,"victory":false,"max_hp_per_floor":[75,75,75,75,75,75,75,75,75,75,75,75,75,75,75,75,75,75,75,75,75,75,75,75,75,75,75,75,75,75,75,75,75,75,75,75,75,85,85,85,85,85,85,85,85],"card_choices":[{"not_picked":["Stack","Compile Driver"],"picked":"Rebound","floor":1},{"not_picked":["Sunder","Fusion"],"picked":"FTL","floor":4},{"not_picked":["Meteor Strike","FTL"],"picked":"Coolheaded","floor":5},{"not_picked":["Skim","Steam"],"picked":"Conserve Battery","floor":6},{"not_picked":["Conserve Battery","Recycle"],"picked":"Consume","floor":8},{"not_picked":["Rip and Tear","Double Energy"],"picked":"Skim","floor":10},{"not_picked":["Beam Cell","Conserve Battery"],"picked":"Ball Lightning","floor":13},{"not_picked":["Hologram","Amplify"],"picked":"Barrage","floor":14},{"not_picked":["Core Surge","All For One"],"picked":"Biased Cognition","floor":16},{"not_picked":["Gash","Doom and Gloom"],"picked":"Capacitor+1","floor":18},{"not_picked":["Rip and Tear","Fusion"],"picked":"Steam+1","floor":20},{"not_picked":["Rebound","Barrage"],"picked":"Compile Driver","floor":22},{"not_picked":["Storm+1","Sunder"],"picked":"Undo+1","floor":24},{"not_picked":["Conserve Battery+1","Hyperbeam"],"picked":"Capacitor+1","floor":25},{"not_picked":["Scrape","FTL"],"picked":"BootSequence","floor":28},{"not_picked":["Steam+1","Force Field+1"],"picked":"Doom and Gloom","floor":29},{"not_picked":["Compile Driver","Loop+1"],"picked":"Static Discharge+1","floor":31},{"not_picked":["Machine Learning","Fission"],"picked":"Creative AI","floor":33},{"not_picked":["Redo+1","BootSequence+1"],"picked":"Undo","floor":35},{"not_picked":["Chill","Cold Snap+1"],"picked":"Conserve Battery+1","floor":37},{"not_picked":["Hello World","Barrage"],"picked":"Defragment","floor":39},{"not_picked":["Chaos","Steam"],"picked":"Loop+1","floor":41},{"not_picked":["Gash+1","Streamline+1"],"picked":"Go for the Eyes","floor":42},{"not_picked":["Streamline","Undo"],"picked":"Turbo+1","floor":44}],"player_experience":671228,"relics_obtained":[{"floor":6,"key":"Pantograph"},{"floor":8,"key":"Darkstone Periapt"},{"floor":9,"key":"Bottled Flame"},{"floor":19,"key":"Enchiridion"},{"floor":26,"key":"The Courier"},{"floor":31,"key":"Oddly Smooth Stone"},{"floor":41,"key":"Bag of Marbles"},{"floor":43,"key":"Vajra"}],"event_choices":[{"event_name":"Golden Idol","player_choice":"Take Wound","floor":2,"damage_taken":0},{"event_name":"Purifier","player_choice":"One Purge","floor":12,"damage_taken":0},{"event_name":"Cursed Tome","player_choice":"Obtained Book","floor":19,"damage_taken":0},{"event_name":"Mysterious Sphere","player_choice":"Ignore","floor":36,"damage_taken":0}],"is_beta":true,"boss_relics":[{"not_picked":["Philosopher\u0027s Stone","Coffee Dripper"],"picked":"Runic Dome"},{"not_picked":["Black Star","White Beast Statue"],"picked":"Lizard Tail"}],"items_purged_floors":[21,38],"is_endless":false,"potions_floor_spawned":[6,13,16,20,24,28,29,31,42,44],"killed_by":"Maw","ascension_level":3}