{"path_per_floor":["M","M","?","?","M","M","M","R","T","R","M","E","?","E","R"],"character_chosen":"IRONCLAD","items_purchased":[],"gold_per_floor":[114,126,76,76,101,125,148,148,200,200,220,264,364,407,407,407],"floor_reached":16,"campfire_rested":1,"playtime":940,"current_hp_per_floor":[80,80,80,74,74,58,63,63,63,63,47,52,52,17,39,0],"items_purged":[],"gold":407,"score":129,"play_id":"ec6fecfd-6524-42bb-9632-6f939c8c7264","local_time":"20180407164334","is_prod":false,"is_daily":false,"is_ascension_mode":true,"campfire_upgraded":2,"timestamp":1523133814,"path_taken":["M","M","?","?","?","M","M","R","T","R","M","E","?","E","R","BOSS"],"build_version":"2018-04-05","purchased_purges":0,"victory":false,"master_deck":["Strike_R","Strike_R","Strike_R","Strike_R","Defend_R","Defend_R","Defend_R","Defend_R","Bash+1","Twin Strike","Thunderclap","Pummel","Ghostly Armor+1","Rage","Feel No Pain","Feel No Pain","Metallicize"],"max_hp_per_floor":[80,80,80,74,74,74,74,74,74,74,74,74,74,74,74,74],"relics":["Burning Blood","Golden Idol","Orichalcum","Letter Opener","Anchor"],"card_choices":[{"not_picked":["Body Slam","Cleave"],"picked":"Twin Strike","floor":1},{"not_picked":["Anger","Wild Strike"],"picked":"Thunderclap","floor":2},{"not_picked":["Twin Strike","Second Wind"],"picked":"Pummel","floor":5},{"not_picked":["Clothesline","True Grit"],"picked":"Ghostly Armor","floor":6},{"not_picked":["Warcry","Intimidate"],"picked":"Rage","floor":7},{"not_picked":["Cleave","Carnage"],"picked":"Feel No Pain","floor":11},{"not_picked":["Anger","Ghostly Armor"],"picked":"Feel No Pain","floor":12},{"not_picked":["Sever Soul","Cleave"],"picked":"Metallicize","floor":14}],"player_experience":120120,"potions_floor_usage":[7,12,12,16,16],"damage_taken":[{"damage":0,"enemies":"Small Slimes","floor":1,"turns":3},{"damage":6,"enemies":"Cultist","floor":2,"turns":3},{"damage":2,"enemies":"2 Louse","floor":5,"turns":2},{"damage":22,"enemies":"Looter","floor":6,"turns":3},{"damage":1,"enemies":"Exordium Wildlife","floor":7,"turns":5},{"damage":22,"enemies":"Exordium Thugs","floor":11,"turns":6},{"damage":1,"enemies":"3 Sentries","floor":12,"turns":6},{"damage":41,"enemies":"Lagavulin","floor":14,"turns":9},{"damage":40,"enemies":"The Guardian","floor":16,"turns":14}],"event_choices":[{"event_name":"The Cleric","player_choice":"Card Removal","floor":3,"damage_taken":0},{"event_name":"Golden Idol","player_choice":"Lose Max HP","floor":4,"damage_taken":0},{"event_name":"Wheel of Change","player_choice":"Gold","floor":13,"damage_taken":0}],"boss_relics":[],"potions_floor_spawned":[2,11,12],"seed_played":"1206837657236360366","killed_by":"The Guardian","ascension_level":3,"is_trial":false}