{"path_per_floor":["M","?","M","?","$","E","?","R","T","M","R","E","$","M","R","B",null,"M","M","?","?","M","R","M","M","T","T","M","$","M","M","R"],"character_chosen":"THE_SILENT","items_purchased":["Backflip","Venomology","Gremlin Horn"],"gold_per_floor":[112,112,123,198,69,99,199,199,222,232,232,261,14,27,27,122,122,136,149,149,149,159,159,174,190,236,263,277,34,51,67,67,67],"floor_reached":33,"campfire_rested":3,"playtime":1792,"current_hp_per_floor":[70,70,70,59,59,59,59,59,66,66,66,50,50,50,77,33,66,66,50,50,34,34,72,44,28,28,28,27,27,21,9,47,0],"items_purged":["Strike_G","Strike_G"],"gold":67,"score":355,"play_id":"074c365e-6a5e-4f29-814b-21e91c96654b","local_time":"20180324001636","is_prod":false,"is_daily":false,"is_ascension_mode":true,"campfire_upgraded":2,"timestamp":1521864996,"path_taken":["M","?","M","?","$","E","?","R","T","M","R","E","$","M","R","BOSS","M","M","?","?","M","R","M","?","T","?","?","$","M","M","R","BOSS"],"build_version":"2018-03-22v2","purchased_purges":2,"victory":false,"master_deck":["Defend_G","Defend_G","Defend_G+1","Defend_G","Defend_G","Strike_G","Strike_G","Strike_G","Survivor+1","Neutralize+1","Well Laid Plans","Dagger Throw","Backflip+1","All Out Attack+1","Bouncing Flask","Bouncing Flask","Venomology","Dagger Spray","Bullet Time","Flechettes","Malaise+1","Cloak And Dagger","Necronomicurse","Predator","Bane+1","Leg Sweep","Regret","Regret","Flying Knee","Backflip","A Thousand Cuts"],"max_hp_per_floor":[70,70,70,70,70,70,70,70,77,77,77,77,77,77,77,77,77,77,77,77,77,77,77,77,77,77,77,77,77,77,77,77,77],"relics":["Ring of the Snake","NeowsBlessing","War Paint","Strawberry","Regal Pillow","Cursed Key","Necronomicon","Lantern","Snake Skull","Gremlin Horn"],"card_choices":[{"not_picked":["Deflect","Choke"],"picked":"Well Laid Plans","floor":1},{"not_picked":["Acrobatics","Masterful Stab"],"picked":"Dagger Throw","floor":3},{"not_picked":["Bane","Dodge and Roll"],"picked":"All Out Attack","floor":6},{"not_picked":["Poisoned Stab","Bane"],"picked":"Bouncing Flask","floor":10},{"not_picked":["Flying Knee","Prepared"],"picked":"Bouncing Flask","floor":12},{"not_picked":["Distraction","Finisher"],"picked":"Dagger Spray","floor":14},{"not_picked":["A Thousand Cuts","Night Terror"],"picked":"Bullet Time","floor":16},{"not_picked":["Poisoned Stab","Slice"],"picked":"Flechettes","floor":18},{"not_picked":["Escape Plan","Caltrops"],"picked":"Malaise","floor":19},{"not_picked":["All Out Attack","Flying Knee"],"picked":"Predator","floor":22},{"not_picked":["Outmaneuver","Escape Plan"],"picked":"Bane","floor":24},{"not_picked":["Poisoned Stab","Blur"],"picked":"Leg Sweep","floor":25},{"not_picked":["All Out Attack","Deflect"],"picked":"Flying Knee","floor":28},{"not_picked":["Reflex","Prepared"],"picked":"Backflip","floor":30},{"not_picked":["Underhanded Strike","Dagger Throw"],"picked":"A Thousand Cuts","floor":31}],"player_experience":662873,"potions_floor_usage":[12,14,16,16,18,19,22,22,24,25,30,30,31,31,33,33],"damage_taken":[{"damage":0,"enemies":"Small Slimes","floor":1,"turns":1},{"damage":0,"enemies":"Cultist","floor":3,"turns":1},{"damage":0,"enemies":"Lagavulin","floor":6,"turns":1},{"damage":0,"enemies":"2 Louse","floor":10,"turns":3},{"damage":16,"enemies":"Gremlin Nob","floor":12,"turns":4},{"damage":0,"enemies":"2 Fungi Beasts","floor":14,"turns":3},{"damage":59,"enemies":"Slime Boss","floor":16,"turns":10},{"damage":0,"enemies":"3 Byrds","floor":18,"turns":4},{"damage":16,"enemies":"Chosen","floor":19,"turns":4},{"damage":0,"enemies":"3 Cultists","floor":22,"turns":4},{"damage":28,"enemies":"Centurion and Healer","floor":24,"turns":8},{"damage":16,"enemies":"Sentry and Sphere","floor":25,"turns":5},{"damage":1,"enemies":"Snecko","floor":28,"turns":3},{"damage":6,"enemies":"Slaver and Parasite","floor":30,"turns":5},{"damage":12,"enemies":"Sentry and Sphere","floor":31,"turns":6},{"damage":54,"enemies":"Champ","floor":33,"turns":9}],"event_choices":[{"event_name":"Accursed Blacksmith","player_choice":"Forge","floor":2,"damage_taken":0},{"event_name":"World of Goop","player_choice":"Gather Gold","floor":4,"damage_taken":0},{"event_name":"Golden Shrine","player_choice":"Pray","floor":7,"damage_taken":0},{"event_name":"The Library","player_choice":"Read","floor":20,"damage_taken":0},{"event_name":"Cursed Tome","player_choice":"Obtained Book","floor":21,"damage_taken":0}],"boss_relics":[{"not_picked":["Runic Dome","Runic Pyramid"],"picked":"Cursed Key"}],"potions_floor_spawned":[1,6,10,14,16,19,24,28,30],"seed_played":"-3130882770813047625","killed_by":"Champ","ascension_level":5,"is_trial":false}