{"path_per_floor":["M","?","M","M","M","R","E","?","T","E","M","M","R","E","R","B",null,"M","$","M","?","M","R","M","R","T","M","E","?","?","M","R","B",null,"M","M","?","M","M","R","M","R","T","M","M","R","M","M","R"],"character_chosen":"THE_SILENT","items_purchased":["Outmaneuver","Infinite Blades"],"gold_per_floor":[112,112,127,137,156,156,181,181,205,235,246,259,259,284,284,382,382,382,218,218,218,218,218,218,218,218,218,218,218,218,218,218,218,218,218,218,218,218,218,218,218,218,218,218,218,218,218,218,218],"floor_reached":50,"campfire_rested":8,"playtime":3931,"current_hp_per_floor":[69,69,69,66,56,56,19,12,12,3,3,10,31,13,34,28,70,66,66,66,50,63,63,28,49,49,47,43,43,66,59,70,49,70,27,7,25,21,13,34,34,55,55,42,42,63,42,37,58],"items_purged":["Injury"],"gold":218,"score":538,"play_id":"a92f091e-b360-4053-84f1-92a29500b6d4","local_time":"20180303022343","is_prod":false,"is_daily":false,"is_ascension_mode":true,"campfire_upgraded":2,"timestamp":1520061823,"path_taken":["M","?","M","M","M","R","E","?","T","E","?","M","R","E","R","BOSS","M","$","M","?","M","R","M","R","T","M","E","?","?","M","R","BOSS","M","M","?","M","M","R","M","R","T","M","M","R","M","M","R","BOSS"],"build_version":"2018-03-01-PROD1","purchased_purges":1,"victory":false,"master_deck":["Defend_G","Defend_G","Defend_G","Defend_G","Defend_G","Strike_G+1","Strike_G","Strike_G","Strike_G+1","Strike_G","Survivor","Neutralize+1","Well Laid Plans","Deflect","Poisoned Stab+1","Prepared","Glass Knife+1","Masterful Stab","Dodge and Roll","Dagger Throw","Leg Sweep","After Image+1","Dagger Throw","Outmaneuver","Infinite Blades+1","Slice+1","Dagger Throw+1","Dagger Throw","Deflect","Escape Plan","Backstab+1","A Thousand Cuts+1","Slice+1","Blur+1","Quick Slash+1","Terror","Flying Knee+1","Slice+1","Blur+1","Writhe","Flying Knee+1","Slice+1","Prepared","Masterful Stab+1","Prepared","Well Laid Plans+1"],"max_hp_per_floor":[70,70,70,70,70,70,70,70,70,70,70,70,70,70,70,70,70,70,70,70,70,70,70,70,70,70,70,70,70,70,70,70,70,70,70,70,70,70,70,70,70,70,70,70,70,70,70,70,70],"relics":["Ring of the Snake","Unceasing Top","Whetstone","Bag of Marbles","Frozen Egg 2","Ice Cream","Ectoplasm","Nilry\u0027s Codex","Molten Egg 2","Bag of Preparation","Shuriken","Orrery","Snake Skull"],"card_choices":[{"not_picked":["Choke","Outmaneuver"],"picked":"Well Laid Plans"},{"not_picked":["Backstab","Leg Sweep"],"picked":"Deflect"},{"not_picked":["Deflect","Well Laid Plans"],"picked":"Poisoned Stab"},{"not_picked":["Accuracy","Blur"],"picked":"Prepared"},{"not_picked":["Quick Slash","Expertise"],"picked":"Glass Knife"},{"not_picked":["Poisoned Stab","Flechettes"],"picked":"Masterful Stab"},{"not_picked":["Dagger Spray","Underhanded Strike"],"picked":"Dodge and Roll"},{"not_picked":["Prepared","Quick Slash"],"picked":"Dagger Throw"},{"not_picked":["Underhanded Strike","Bane"],"picked":"Leg Sweep"},{"not_picked":["Venomology","Unload"],"picked":"After Image"},{"not_picked":["Malaise","Deadly Poison"],"picked":"Dagger Throw"},{"not_picked":["Dodge and Roll","Prepared"],"picked":"Slice"},{"not_picked":["Cloak And Dagger","Doppelganger"],"picked":"Dagger Throw"},{"not_picked":["Footwork","Catalyst"],"picked":"Dagger Throw"},{"not_picked":["Sucker Punch","Dagger Throw"],"picked":"Deflect"},{"not_picked":["Caltrops","Dagger Throw"],"picked":"Escape Plan"},{"not_picked":["Caltrops","Outmaneuver"],"picked":"Backstab"},{"not_picked":["Phantasmal Killer","Glass Knife"],"picked":"A Thousand Cuts"},{"not_picked":["Deflect","Blade Dance"],"picked":"Slice"},{"not_picked":["Quick Slash","Cloak And Dagger"],"picked":"Blur"},{"not_picked":["Calculated Gamble","Backflip"],"picked":"Quick Slash"},{"not_picked":["Underhanded Strike","Dodge and Roll"],"picked":"Terror"},{"not_picked":["Backflip","Deadly Poison"],"picked":"Flying Knee"},{"not_picked":["PiercingWail","Poisoned Stab"],"picked":"Slice"},{"not_picked":["Deflect","Deadly Poison"],"picked":"Blur"},{"not_picked":["Quick Slash","Leg Sweep"],"picked":"Flying Knee"},{"not_picked":["Well Laid Plans","Bane"],"picked":"Slice"},{"not_picked":["Reflex","Wraith Form"],"picked":"Prepared"},{"not_picked":["Dash","Endless Agony"],"picked":"Masterful Stab"},{"not_picked":["Deadly Poison","Flying Knee"],"picked":"Prepared"},{"not_picked":["Eviscerate","Finisher"],"picked":"Well Laid Plans"}],"player_experience":344087,"potions_floor_usage":[3,7,12,14,20,22,28,33,35,36,44,48,48],"damage_taken":[{"damage":1,"enemies":"Small Slimes","floor":1,"turns":4},{"damage":0,"enemies":"Cultist","floor":3,"turns":4},{"damage":3,"enemies":"Jaw Worm","floor":4,"turns":6},{"damage":10,"enemies":"2 Fungi Beasts","floor":5,"turns":4},{"damage":37,"enemies":"Gremlin Nob","floor":7,"turns":6},{"damage":9,"enemies":"Lagavulin","floor":10,"turns":5},{"damage":0,"enemies":"Blue Slaver","floor":11,"turns":3},{"damage":8,"enemies":"Lots of Slimes","floor":12,"turns":6},{"damage":18,"enemies":"Gremlin Nob","floor":14,"turns":4},{"damage":6,"enemies":"The Guardian","floor":16,"turns":16},{"damage":4,"enemies":"3 Byrds","floor":18,"turns":7},{"damage":0,"enemies":"Chosen","floor":20,"turns":3},{"damage":2,"enemies":"Snake Plant","floor":22,"turns":5},{"damage":35,"enemies":"Slaver and Parasite","floor":24,"turns":6},{"damage":2,"enemies":"Snecko","floor":27,"turns":6},{"damage":4,"enemies":"Book of Stabbing","floor":28,"turns":6},{"damage":7,"enemies":"Snake Plant","floor":31,"turns":4},{"damage":21,"enemies":"Champ","floor":33,"turns":9},{"damage":43,"enemies":"3 Darklings","floor":35,"turns":4},{"damage":20,"enemies":"3 Shapes","floor":36,"turns":5},{"damage":4,"enemies":"3 Darklings","floor":38,"turns":4},{"damage":8,"enemies":"4 Shapes","floor":39,"turns":5},{"damage":0,"enemies":"Sphere and 2 Shapes","floor":41,"turns":3},{"damage":13,"enemies":"3 Darklings","floor":44,"turns":4},{"damage":0,"enemies":"Maw","floor":45,"turns":6},{"damage":21,"enemies":"4 Shapes","floor":47,"turns":9},{"damage":5,"enemies":"3 Darklings","floor":48,"turns":4},{"damage":60,"enemies":"Awakened One","floor":50,"turns":3}],"event_choices":[{"event_name":"Accursed Blacksmith","player_choice":"Forge","floor":2,"damage_taken":0},{"event_name":"Golden Wing","player_choice":"Card Removal","floor":8,"damage_taken":0},{"event_name":"Cursed Tome","player_choice":"Obtained Book","floor":21,"damage_taken":0},{"event_name":"The Mausoleum","player_choice":"Yes","floor":29,"damage_taken":0},{"event_name":"The Library","player_choice":"Heal","floor":30,"damage_taken":0},{"event_name":"Winding Halls","player_choice":"Writhe","floor":37,"damage_taken":0}],"boss_relics":[{"not_picked":["Runic Pyramid","The Specimen"],"picked":"Ectoplasm"},{"not_picked":["Snecko Eye","Runic Dome"],"picked":"Orrery"}],"potions_floor_spawned":[1,5,11,12,16,18,24,31,33,35,39,45,47],"seed_played":"665832648297049600","killed_by":"Awakened One","ascension_level":2,"is_trial":false}