{"gold_per_floor":[113,132,151,167,167,194,10,45,45,63,80,92,92,122,122,225,255,268,280,31,47,60,85,85,110,161,161,76,94,107,123,123,123],"floor_reached":33,"playtime":1973,"items_purged":["Strike_G"],"score":430,"play_id":"9c4ebfef-272f-4e3c-8f74-217157e68d4c","local_time":"20180713224127","is_ascension_mode":true,"campfire_choices":[{"floor":13,"key":"REST"},{"data":"After Image","floor":15,"key":"SMITH"},{"floor":24,"key":"REST"},{"floor":32,"key":"REST"}],"neow_cost":"NONE","seed_source_timestamp":2510645066906391,"circlet_count":0,"master_deck":["Defend_G","Defend_G","Defend_G","Defend_G","Defend_G","Strike_G","Strike_G+1","Strike_G","Survivor","Neutralize+1","Flechettes","Cloak And Dagger","Dagger Spray","Blade Dance","Flying Knee+1","After Image+1","Panache","Malaise","Dagger Spray","Leg Sweep","Blur","Endless Agony","Corpse Explosion","Accuracy","Blade Dance+1","Accuracy","Dodge and Roll","Dash","Blade Dance","Blade Dance+1","Writhe","Footwork","Cloak And Dagger","PiercingWail+1","Crippling Poison+1"],"relics":["Ring of the Snake","Thread and Needle","Darkstone Periapt","Bird Faced Urn","Tingsha","Tiny House","The Courier","Orichalcum","Blood Vial","Pear"],"potions_floor_usage":[6,8,12,16,21,22,25,25,25,33,33],"damage_taken":[{"damage":0,"enemies":"Jaw Worm","floor":1,"turns":4},{"damage":2,"enemies":"Cultist","floor":2,"turns":5},{"damage":0,"enemies":"2 Louse","floor":3,"turns":2},{"damage":5,"enemies":"Large Slime","floor":4,"turns":7},{"damage":0,"enemies":"3 Sentries","floor":6,"turns":8},{"damage":16,"enemies":"Gremlin Nob","floor":8,"turns":4},{"damage":2,"enemies":"Exordium Thugs","floor":10,"turns":4},{"damage":0,"enemies":"Blue Slaver","floor":11,"turns":3},{"damage":0,"enemies":"3 Louse","floor":12,"turns":2},{"damage":4,"enemies":"Lagavulin","floor":14,"turns":7},{"damage":2,"enemies":"Slime Boss","floor":16,"turns":14},{"damage":1,"enemies":"Chosen","floor":18,"turns":8},{"damage":0,"enemies":"3 Byrds","floor":19,"turns":3},{"damage":0,"enemies":"Centurion and Healer","floor":21,"turns":8},{"damage":0,"enemies":"3 Cultists","floor":22,"turns":2},{"damage":57,"enemies":"Gremlin Leader","floor":23,"turns":10},{"damage":26,"enemies":"Slavers","floor":25,"turns":7},{"damage":9,"enemies":"Snake Plant","floor":29,"turns":8},{"damage":12,"enemies":"Cultist and Chosen","floor":30,"turns":12},{"damage":4,"enemies":"Centurion and Healer","floor":31,"turns":6},{"damage":79,"enemies":"Collector","floor":33,"turns":14}],"seed_played":"-764418960706061175","potions_obtained":[{"floor":1,"key":"PowerPotion"},{"floor":3,"key":"EssenceOfSteel"},{"floor":8,"key":"SteroidPotion"},{"floor":10,"key":"Block Potion"},{"floor":11,"key":"Ancient Potion"},{"floor":17,"key":"SpeedPotion"},{"floor":19,"key":"Swift Potion"},{"floor":21,"key":"Fire Potion"},{"floor":23,"key":"SpeedPotion"},{"floor":30,"key":"Fire Potion"},{"floor":31,"key":"GamblersBrew"}],"is_trial":false,"path_per_floor":["M","M","M","M","?","E","$","E","T","M","M","M","R","E","R","B",null,"M","M","$","M","M","E","R","E","T","?","$","M","M","M","R"],"character_chosen":"THE_SILENT","items_purchased":["Panache","Accuracy","Dodge and Roll","Dash","Footwork","Cloak And Dagger"],"campfire_rested":3,"item_purchase_floors":[7,20,20,20,28,28],"current_hp_per_floor":[70,68,68,63,49,49,49,33,33,35,37,39,60,60,60,62,75,75,75,75,75,75,18,40,18,18,34,34,37,37,39,66,0],"gold":123,"neow_bonus":"TRANSFORM_CARD","is_prod":false,"is_daily":false,"chose_seed":false,"campfire_upgraded":1,"win_rate":0,"timestamp":1531536087,"path_taken":["M","M","M","M","?","E","$","E","T","M","M","M","R","E","R","BOSS","M","M","$","M","M","E","R","E","T","?","$","M","M","M","R","BOSS"],"build_version":"2018-07-12","purchased_purges":1,"victory":false,"max_hp_per_floor":[70,70,70,70,70,70,70,70,70,70,70,70,70,70,70,70,75,75,75,75,75,75,75,75,75,75,91,91,91,91,91,91,91],"card_choices":[{"not_picked":["Eviscerate","Accuracy"],"picked":"Cloak And Dagger","floor":1},{"not_picked":["Dodge and Roll","Outmaneuver"],"picked":"Dagger Spray","floor":2},{"not_picked":["Escape Plan","Dodge and Roll"],"picked":"Blade Dance","floor":3},{"not_picked":["Concentrate","Cloak And Dagger"],"picked":"Flying Knee","floor":4},{"not_picked":["Slice","Backflip"],"picked":"After Image","floor":6},{"not_picked":["Cloak And Dagger","Sucker Punch"],"picked":"Malaise","floor":8},{"not_picked":["Concentrate","Catalyst"],"picked":"Dagger Spray","floor":10},{"not_picked":["Prepared","Acrobatics"],"picked":"Leg Sweep","floor":11},{"not_picked":["Underhanded Strike","Distraction"],"picked":"Blur","floor":12},{"not_picked":["All Out Attack","Dagger Throw"],"picked":"Endless Agony","floor":14},{"not_picked":["After Image","Tools of the Trade"],"picked":"Corpse Explosion","floor":16},{"not_picked":["Quick Slash","Dagger Throw"],"picked":"Accuracy","floor":17},{"not_picked":["Dagger Throw","Poisoned Stab","Bouncing Flask+1"],"picked":"SKIP","floor":18},{"not_picked":["Venomology","Backstab"],"picked":"Blade Dance+1","floor":19},{"not_picked":["Endless Agony","Dodge and Roll"],"picked":"Blade Dance","floor":21},{"not_picked":["Bouncing Flask+1","Outmaneuver+1","Deadly Poison"],"picked":"SKIP","floor":22},{"not_picked":["Sucker Punch","Prepared+1"],"picked":"Blade Dance+1","floor":23},{"not_picked":["Acrobatics+1","Sucker Punch+1","Catalyst+1"],"picked":"SKIP","floor":25},{"not_picked":["Prepared+1","Expertise"],"picked":"PiercingWail+1","floor":29},{"not_picked":["Deadly Poison","Poisoned Stab","Bouncing Flask"],"picked":"SKIP","floor":30},{"not_picked":["Prepared","Expertise"],"picked":"Crippling Poison+1","floor":31}],"player_experience":556006,"relics_obtained":[{"floor":6,"key":"Thread and Needle"},{"floor":8,"key":"Darkstone Periapt"},{"floor":9,"key":"Bird Faced Urn"},{"floor":14,"key":"Tingsha"},{"floor":23,"key":"The Courier"},{"floor":25,"key":"Orichalcum"},{"floor":26,"key":"Blood Vial"}],"event_choices":[{"event_name":"Shining Light","player_choice":"Entered Light","floor":5,"damage_taken":0},{"event_name":"The Mausoleum","player_choice":"Yes","floor":27,"damage_taken":0}],"boss_relics":[{"not_picked":["White Beast Statue","Pandora\u0027s Box"],"picked":"Tiny House"}],"items_purged_floors":[20],"is_endless":false,"potions_floor_spawned":[1,3,8,10,11,19,21,23,30,31],"killed_by":"Collector","ascension_level":1}