{"gold_per_floor":[114,133,103,53,71,103,103,103,130,155,168,168,186,200,200,304,304,320,339,17,17,32,32,64,64,118,118,152,172,198,211,211,306,306,323,378,390,403,25,25,60,60,83,109,109,25,25,39,39,39],"floor_reached":51,"playtime":3802,"items_purged":[],"score":950,"play_id":"36f63d71-cacb-4679-b504-9ef3ee0b9ae0","local_time":"20180730215546","is_ascension_mode":true,"campfire_choices":[{"data":"Zap","floor":7,"key":"SMITH"},{"data":"Consume","floor":12,"key":"SMITH"},{"data":"Go for the Eyes","floor":15,"key":"SMITH"},{"floor":23,"key":"REST"},{"floor":27,"key":"REST"},{"floor":32,"key":"REST"},{"floor":40,"key":"REST"},{"floor":42,"key":"REST"},{"floor":45,"key":"REST"},{"floor":49,"key":"REST"}],"neow_cost":"NONE","seed_source_timestamp":811784621997411,"circlet_count":0,"master_deck":["Strike_B+1","Strike_B+1","Defend_B+1","Defend_B+1","Defend_B+1","Defend_B+1","Zap+1","Dualcast","Ball Lightning","Conserve Battery+1","Go for the Eyes+1","Consume+1","Go for the Eyes","Ball Lightning","Hologram","Creative AI","Stack+1","Fusion","Glacier","Conserve Battery+1","Seek","Redo+1","Turbo","Conserve Battery","Thunder Strike","BootSequence","White Noise","Ball Lightning+1","Fusion+1","Steam+1","Conserve Battery+1","Self Repair","Apotheosis","Loop+1","White Noise","Defragment","Capacitor","Madness","Madness","Compile Driver+1"],"relics":["Cracked Core","Oddly Smooth Stone","Art of War","Centennial Puzzle","War Paint","Fusion Hammer","Mummified Hand","Anchor","Tiny Chest","The Courier","Bag of Preparation","Orrery","Calipers","Runic Capacitor","Vajra","Bag of Marbles","Mango"],"potions_floor_usage":[6,14,16,16,24,24,30,33,36,36,50],"damage_taken":[{"damage":0,"enemies":"2 Louse","floor":1,"turns":3},{"damage":0,"enemies":"Cultist","floor":2,"turns":3},{"damage":0,"enemies":"Jaw Worm","floor":5,"turns":3},{"damage":19,"enemies":"3 Sentries","floor":6,"turns":7},{"damage":8,"enemies":"Lagavulin","floor":10,"turns":5},{"damage":7,"enemies":"Gremlin Gang","floor":11,"turns":3},{"damage":0,"enemies":"2 Fungi Beasts","floor":13,"turns":3},{"damage":0,"enemies":"3 Louse","floor":14,"turns":2},{"damage":12,"enemies":"The Guardian","floor":16,"turns":8},{"damage":7,"enemies":"Shell Parasite","floor":18,"turns":5},{"damage":8,"enemies":"Chosen","floor":19,"turns":5},{"damage":3,"enemies":"Centurion and Healer","floor":22,"turns":9},{"damage":28,"enemies":"Gremlin Leader","floor":24,"turns":10},{"damage":9,"enemies":"Book of Stabbing","floor":28,"turns":6},{"damage":4,"enemies":"Snake Plant","floor":29,"turns":4},{"damage":4,"enemies":"Slavers","floor":30,"turns":6},{"damage":17,"enemies":"Sentry and Sphere","floor":31,"turns":5},{"damage":4,"enemies":"Champ","floor":33,"turns":14},{"damage":27,"enemies":"3 Darklings","floor":35,"turns":6},{"damage":0,"floor":36,"turns":4},{"damage":7,"enemies":"Orb Walker","floor":37,"turns":5},{"damage":1,"enemies":"Transient","floor":38,"turns":5},{"damage":21,"enemies":"2 Orb Walkers","floor":41,"turns":6},{"damage":0,"enemies":"Giant Head","floor":44,"turns":10},{"damage":28,"enemies":"3 Darklings","floor":48,"turns":6},{"damage":73,"enemies":"Time Eater","floor":50,"turns":11}],"seed_played":"-4736835522698933128","potions_obtained":[{"floor":1,"key":"EntropicBrew"},{"floor":3,"key":"SteroidPotion"},{"floor":3,"key":"PowerPotion"},{"floor":10,"key":"Block Potion"},{"floor":11,"key":"Energy Potion"},{"floor":28,"key":"FocusPotion"},{"floor":29,"key":"SpeedPotion"},{"floor":30,"key":"FairyPotion"},{"floor":31,"key":"Strength Potion"},{"floor":33,"key":"Energy Potion"},{"floor":38,"key":"SpeedPotion"},{"floor":41,"key":"Strength Potion"}],"is_trial":false,"path_per_floor":["M","M","?","?","M","E","R","?","T","E","M","R","M","M","R","B",null,"M","M","$","?","M","R","E","?","T","R","E","M","E","M","R","B",null,"M","?","M","M","$","R","E","R","T","E","R","$","?","M","R","B"],"character_chosen":"DEFECT","items_purchased":["Mummified Hand","Glacier","Self Repair","Runic Capacitor","Apotheosis","Defragment","Capacitor"],"campfire_rested":7,"item_purchase_floors":[20,20,39,39,39,46,46],"current_hp_per_floor":[75,75,75,75,75,56,56,49,49,41,34,34,34,34,34,22,75,68,60,60,60,57,75,47,47,47,69,60,56,52,35,57,53,75,55,55,48,54,54,75,61,75,75,89,89,89,78,60,86,13],"gold":39,"neow_bonus":"RANDOM_COMMON_RELIC","is_prod":false,"is_daily":false,"chose_seed":false,"campfire_upgraded":3,"win_rate":0,"timestamp":1533002146,"path_taken":["M","M","?","?","M","E","R","?","T","E","M","R","M","M","R","BOSS","M","M","$","?","M","R","E","?","T","R","E","M","E","M","R","BOSS","M","?","?","M","?","R","E","R","T","E","R","$","?","M","R","BOSS"],"build_version":"2018-07-26","purchased_purges":0,"victory":true,"max_hp_per_floor":[75,75,75,75,75,75,75,75,75,75,75,75,75,75,75,75,75,75,75,75,75,75,75,75,75,75,75,75,75,75,75,75,75,75,75,75,75,75,75,75,75,75,75,89,89,89,89,89,89,89],"card_choices":[{"not_picked":["Force Field","Rebound"],"picked":"Ball Lightning","floor":1},{"not_picked":["Rebound","Leap"],"picked":"Conserve Battery","floor":2},{"not_picked":["Hologram","Sunder"],"picked":"Go for the Eyes","floor":5},{"not_picked":["Chill","Gash"],"picked":"Consume","floor":6},{"not_picked":["Lockon","Blizzard","Reinforced Body"],"picked":"SKIP","floor":10},{"not_picked":["FTL","Gash"],"picked":"Go for the Eyes","floor":11},{"not_picked":["Steam","Redo"],"picked":"Ball Lightning","floor":13},{"not_picked":["Darkness","Reprogram"],"picked":"Hologram","floor":14},{"not_picked":["Multi-Cast","All For One"],"picked":"Creative AI","floor":16},{"not_picked":["Go for the Eyes","Gash"],"picked":"Stack+1","floor":18},{"not_picked":["Undo","Hologram"],"picked":"Fusion","floor":19},{"not_picked":["Barrage","Redo"],"picked":"Conserve Battery+1","floor":22},{"not_picked":["Creative AI","Barrage+1"],"picked":"Seek","floor":24},{"not_picked":["Rip and Tear","Steam"],"picked":"Redo+1","floor":28},{"not_picked":["Streamline","Coolheaded","Cold Snap"],"picked":"SKIP","floor":29},{"not_picked":["Chill","Cold Snap+1"],"picked":"Turbo","floor":30},{"not_picked":["Reinforced Body","Leap"],"picked":"Conserve Battery","floor":31},{"not_picked":["All For One","Rainbow"],"picked":"Thunder Strike","floor":33},{"not_picked":["FTL+1","Auto Shields"],"picked":"BootSequence","floor":34},{"not_picked":["Leap+1","Chaos+1"],"picked":"White Noise","floor":34},{"not_picked":["Skim","Coolheaded+1"],"picked":"Ball Lightning+1","floor":34},{"not_picked":["Leap","Go for the Eyes"],"picked":"Fusion+1","floor":35},{"not_picked":["Beam Cell","Barrage"],"picked":"Steam+1","floor":37},{"not_picked":["Blizzard","Fusion"],"picked":"Conserve Battery+1","floor":38},{"not_picked":["Redo","Rebound"],"picked":"Loop+1","floor":41},{"not_picked":["Skim+1","Beam Cell+1"],"picked":"White Noise","floor":44},{"not_picked":["Redo+1","Skim+1"],"picked":"Compile Driver+1","floor":48}],"player_experience":684284,"relics_obtained":[{"floor":6,"key":"Art of War"},{"floor":9,"key":"Centennial Puzzle"},{"floor":10,"key":"War Paint"},{"floor":24,"key":"Anchor"},{"floor":26,"key":"Tiny Chest"},{"floor":28,"key":"The Courier"},{"floor":30,"key":"Bag of Preparation"},{"floor":36,"key":"Calipers"},{"floor":41,"key":"Vajra"},{"floor":43,"key":"Bag of Marbles"},{"floor":44,"key":"Mango"}],"event_choices":[{"event_name":"The Woman in Blue","player_choice":"Bought 2 Potions","floor":3,"damage_taken":0},{"event_name":"The Cleric","player_choice":"Card Removal","floor":4,"damage_taken":0},{"event_name":"Golden Wing","player_choice":"Card Removal","floor":8,"damage_taken":0},{"event_name":"Back to Basics","player_choice":"Simplicity","floor":21,"damage_taken":0},{"event_name":"N\u0027loth","player_choice":"Ignored","floor":25,"damage_taken":0},{"event_name":"Mysterious Sphere","player_choice":"Fight","floor":36,"damage_taken":0},{"event_name":"Winding Halls","player_choice":"Embrace Madness","floor":47,"damage_taken":0}],"is_beta":true,"boss_relics":[{"not_picked":["Cursed Key","Runic Dome"],"picked":"Fusion Hammer"},{"not_picked":["FrozenCore","Black Star"],"picked":"Orrery"}],"items_purged_floors":[],"is_endless":false,"potions_floor_spawned":[1,5,10,11,28,29,30,31,33,38,41,44],"ascension_level":4}