{"path_per_floor":["M","M","?","M","$","R","E","T","T","M","M","R","M","M","R","B",null,"M","?","?","$","M","R","M","M","T","?","M","M","R","?","R","B",null,"M","?","?","M","$","R"],"character_chosen":"THE_SILENT","items_purchased":["Footwork","Ice Cream"],"gold_per_floor":[111,122,122,142,73,73,105,105,132,150,169,169,179,191,191,291,291,291,291,291,6,6,6,6,6,6,6,6,6,6,6,6,6,6,6,0,0,0,0,0],"floor_reached":41,"campfire_rested":4,"playtime":3028,"current_hp_per_floor":[70,70,75,68,68,68,55,65,72,72,71,71,58,37,64,51,92,92,74,74,74,28,57,42,38,38,38,51,51,69,69,69,21,71,36,36,81,63,63,81],"items_purged":[],"gold":0,"score":406,"play_id":"b820240d-1a92-469d-ae49-8522dbc4bfa5","local_time":"20180303134607","is_prod":false,"is_daily":false,"is_ascension_mode":true,"campfire_upgraded":3,"timestamp":1520102767,"path_taken":["M","M","?","?","?","R","E","?","T","M","M","R","?","M","R","BOSS","M","?","?","$","M","R","M","M","T","?","M","M","R","?","R","BOSS","M","?","?","?","?","R","E"],"build_version":"2018-03-01-PROD1","purchased_purges":0,"victory":false,"master_deck":["Defend_G","Defend_G","Defend_G","Defend_G","Defend_G","Survivor","Neutralize+1","Cloak And Dagger+1","Setup+1","Crippling Poison","Footwork+1","Noxious Fumes","Backflip","PiercingWail","Blur","Deadly Poison","Dodge and Roll","Adrenaline+1","Bane","Dagger Spray+1","Prepared+1","Wraith Form","Skewer","Bite","Bite","Bite","Bite","Bite","Well Laid Plans","Catalyst","Sucker Punch+1","Poisoned Stab+1"],"max_hp_per_floor":[70,70,75,75,75,75,75,85,92,92,92,92,92,92,92,92,92,92,97,97,97,97,97,97,97,97,67,67,69,69,69,69,71,71,71,71,81,81,81,81],"relics":["Ring of the Snake","Prayer Wheel","Pear","Strawberry","Ectoplasm","Ice Cream","Singing Bowl","Sozu","Red Mask"],"card_choices":[{"not_picked":["Bane","Crippling Poison"],"picked":"Cloak And Dagger"},{"not_picked":["Terror","Deadly Poison"],"picked":"Setup"},{"not_picked":["Dodge and Roll","Underhanded Strike"],"picked":"Crippling Poison"},{"not_picked":["PiercingWail","Setup"],"picked":"Noxious Fumes"},{"not_picked":["Acrobatics","Dagger Spray"],"picked":"Backflip"},{"not_picked":["Grand Finale","Deadly Poison"],"picked":"PiercingWail"},{"not_picked":["Noxious Fumes","Leg Sweep"],"picked":"Blur"},{"not_picked":["PiercingWail","Outmaneuver"],"picked":"Deadly Poison"},{"not_picked":["Acrobatics","Concentrate"],"picked":"Dodge and Roll"},{"not_picked":["Flying Knee","Terror"],"picked":"Adrenaline"},{"not_picked":["Phantasmal Killer","Venomology"],"picked":"Adrenaline"},{"not_picked":["Slice","Concentrate"],"picked":"Bane"},{"not_picked":["Flying Knee","Backflip"],"picked":"Dagger Spray"},{"not_picked":["Blur","Quick Slash"],"picked":"Prepared"},{"not_picked":["PiercingWail","Expertise"],"picked":"Wraith Form"},{"not_picked":["Outmaneuver","All Out Attack"],"picked":"Skewer"},{"not_picked":["Slice","Poisoned Stab"],"picked":"Well Laid Plans"},{"not_picked":["Acrobatics","Deflect"],"picked":"Sucker Punch"},{"not_picked":["Leg Sweep","Flechettes"],"picked":"Poisoned Stab"}],"player_experience":356717,"potions_floor_usage":[7,10,14,16,25,33],"damage_taken":[{"damage":0,"enemies":"2 Louse","floor":1,"turns":3},{"damage":0,"enemies":"Jaw Worm","floor":2,"turns":5},{"damage":7,"enemies":"Small Slimes","floor":4,"turns":4},{"damage":13,"enemies":"Gremlin Nob","floor":7,"turns":5},{"damage":0,"enemies":"Gremlin Gang","floor":10,"turns":3},{"damage":1,"enemies":"Red Slaver","floor":11,"turns":7},{"damage":13,"enemies":"Exordium Wildlife","floor":13,"turns":5},{"damage":21,"enemies":"Gremlin Gang","floor":14,"turns":8},{"damage":13,"enemies":"The Guardian","floor":16,"turns":11},{"damage":0,"enemies":"Spheric Guardian","floor":18,"turns":7},{"damage":46,"enemies":"Chosen","floor":22,"turns":9},{"damage":15,"enemies":"Snecko","floor":24,"turns":8},{"damage":4,"enemies":"Snake Plant","floor":25,"turns":6},{"damage":3,"enemies":"Centurion and Healer","floor":28,"turns":9},{"damage":10,"enemies":"Snecko","floor":29,"turns":5},{"damage":66,"enemies":"Champ","floor":33,"turns":14},{"damage":45,"enemies":"3 Darklings","floor":35,"turns":6},{"damage":20,"enemies":"Orb Walker","floor":38,"turns":4},{"damage":88,"enemies":"2 Orb Walkers","floor":41,"turns":6}],"event_choices":[{"event_name":"Big Fish","player_choice":"Donut","floor":3,"damage_taken":0},{"event_name":"Forgotten Altar","player_choice":"Shed Blood","floor":19,"damage_taken":0},{"event_name":"Upgrade Shrine","player_choice":"Upgraded","floor":20,"damage_taken":0},{"event_name":"Vampires","player_choice":"Became a vampire","floor":27,"damage_taken":0},{"event_name":"The Library","player_choice":"Read","floor":31,"damage_taken":0},{"event_name":"Tomb of Lord Red Mask","player_choice":"Paid","floor":36,"damage_taken":0},{"event_name":"Bonfire Elementals","player_choice":"RARE","floor":37,"damage_taken":0}],"boss_relics":[{"not_picked":["Lizard Tail","Philosopher\u0027s Stone"],"picked":"Ectoplasm"},{"not_picked":["Black Star","Question Card"],"picked":"Sozu"}],"potions_floor_spawned":[2,4,10,11,14,18,24],"seed_played":"-7756716230368767804","killed_by":"2 Orb Walkers","ascension_level":2,"is_trial":false}