{"gold_per_floor":[110,129,149,44,61,84,118,118,118,118,128,128,53,71,71,172,172,192,206,221,239,338,338,365,365,445,461,461,461,109,83,83,182,182,196,196,216,232,232,232,263,263,263,274,291,316,316,316,316,316],"floor_reached":51,"playtime":2862,"items_purged":["Strike_G","Unload"],"score":940,"play_id":"75f3646b-ac94-4270-a9e8-1b851b1891f9","local_time":"20190127185933","is_ascension_mode":true,"campfire_choices":[{"data":"Footwork","floor":8.0,"key":"SMITH"},{"data":"Footwork","floor":10.0,"key":"SMITH"},{"floor":12.0,"key":"REST"},{"data":"Caltrops","floor":15.0,"key":"SMITH"},{"floor":23.0,"key":"REST"},{"floor":25.0,"key":"REST"},{"data":"Noxious Fumes","floor":29.0,"key":"SMITH"},{"floor":32.0,"key":"REST"},{"floor":40,"key":"REST"},{"floor":42,"key":"REST"},{"floor":49,"key":"REST"}],"neow_cost":"NONE","seed_source_timestamp":0,"circlet_count":0,"master_deck":["Survivor","Neutralize","Outmaneuver+1","Blade Dance+1","Venomology+1","Dagger Spray","Deflect","Caltrops+1","Footwork+1","Backstab","Backflip","Footwork+1","Tools of the Trade","Acrobatics+1","A Thousand Cuts","Well Laid Plans","Deadly Poison+1","Glass Knife","Malaise+1","PiercingWail+1","Leg Sweep+1","Cloak And Dagger+1","Noxious Fumes+1","Necronomicurse","Deadly Poison+1","Burst+1","PiercingWail+1","Backstab+1","Crippling Poison+1","Doubt","Catalyst+1","Predator+1"],"special_seed":0,"relics":["Astrolabe","Regal Pillow","Strawberry","Toxic Egg 2","Pandora\u0027s Box","Nunchaku","Shuriken","Necronomicon","Question Card","Cursed Key","Meat on the Bone","Centennial Puzzle","Art of War"],"potions_floor_usage":[37,37,38,41,41,44,44,46,48,50,50,50],"damage_taken":[{"damage":0.0,"enemies":"Cultist","floor":1.0,"turns":6.0},{"damage":4.0,"enemies":"Small Slimes","floor":2.0,"turns":4.0},{"damage":3.0,"enemies":"Jaw Worm","floor":3.0,"turns":3.0},{"damage":4.0,"enemies":"Exordium Wildlife","floor":5.0,"turns":3.0},{"damage":8.0,"enemies":"Lagavulin","floor":7.0,"turns":6.0},{"damage":34.0,"enemies":"Gremlin Gang","floor":11.0,"turns":6.0},{"damage":2.0,"enemies":"Blue Slaver","floor":14.0,"turns":4.0},{"damage":5.0,"enemies":"The Guardian","floor":16.0,"turns":15.0},{"damage":4.0,"enemies":"Chosen","floor":18.0,"turns":5.0},{"damage":0.0,"enemies":"Spheric Guardian","floor":19.0,"turns":5.0},{"damage":5.0,"enemies":"Snecko","floor":20.0,"turns":8.0},{"damage":17.0,"enemies":"Centurion and Healer","floor":21.0,"turns":9.0},{"damage":50.0,"enemies":"Slavers","floor":24.0,"turns":7.0},{"damage":18.0,"enemies":"Snake Plant","floor":27.0,"turns":5.0},{"damage":18.0,"enemies":"Automaton","floor":33.0,"turns":11.0},{"damage":14.0,"enemies":"3 Shapes","floor":35.0,"turns":6.0},{"damage":22,"enemies":"3 Darklings","floor":37,"turns":6},{"damage":3,"enemies":"Jaw Worm Horde","floor":38,"turns":6},{"damage":42,"enemies":"Nemesis","floor":41,"turns":7},{"damage":6,"enemies":"Sphere and 2 Shapes","floor":44,"turns":4},{"damage":3,"enemies":"Maw","floor":45,"turns":9},{"damage":10,"enemies":"Reptomancer","floor":46,"turns":5},{"damage":0,"enemies":"Jaw Worm Horde","floor":48,"turns":1},{"damage":44,"enemies":"Awakened One","floor":50,"turns":14}],"seed_played":"4312866773244421043","potions_obtained":[{"floor":2.0,"key":"SkillPotion"},{"floor":11.0,"key":"Block Potion"},{"floor":14.0,"key":"FearPotion"},{"floor":27.0,"key":"SkillPotion"},{"floor":33.0,"key":"GamblersBrew"},{"floor":37,"key":"Block Potion"},{"floor":41,"key":"Regen Potion"},{"floor":44,"key":"SpeedPotion"}],"is_trial":false,"path_per_floor":["M","M","M","$","M","T","E","R","T","R","M","R","$","M","R","B",null,"M","M","M","M","?","R","E","R","T","M","?","R","$","$","R","B",null,"M","?","M","M","?","R","E","R","T","M","M","E","?","M","R","B",null],"character_chosen":"THE_SILENT","items_purchased":["Footwork","Backstab","Question Card","Deadly Poison+1"],"campfire_rested":7,"item_purchase_floors":[4,4,30,31],"current_hp_per_floor":[63,59,56,56,52,52,51,51,51,51,17,55,55,53,53,48,70,66,66,61,44,44,77,27,65,65,47,31,31,31,31,69,51,71,57,57,35,32,32,68,26,62,62,68,65,55,55,55,73,41],"gold":316,"neow_bonus":"BOSS_RELIC","is_prod":false,"is_daily":false,"chose_seed":false,"campfire_upgraded":4,"win_rate":0,"timestamp":1548633573,"path_taken":["M","M","?","$","M","?","E","R","T","R","M","R","$","M","R","BOSS","M","M","M","M","?","R","E","R","T","M","?","R","?","$","R","BOSS","M","?","?","?","?","R","E","R","T","M","M","E","?","M","R","BOSS"],"build_version":"2019-01-23","purchased_purges":2,"victory":true,"max_hp_per_floor":[70,70,70,70,70,70,77,77,77,77,77,77,77,77,77,77,77,77,77,77,77,77,77,77,77,77,77,77,77,77,77,77,77,77,77,77,77,77,73,73,73,73,73,73,73,73,73,73,73,73],"card_choices":[{"not_picked":["Backflip","Terror"],"picked":"Dagger Spray","floor":1.0},{"not_picked":["Slice","Prepared"],"picked":"Deflect","floor":2.0},{"not_picked":["Quick Slash","Flechettes"],"picked":"Caltrops","floor":3.0},{"not_picked":["Concentrate","Riddle With Holes"],"picked":"Backflip","floor":5.0},{"not_picked":["Deadly Poison","Eviscerate"],"picked":"Footwork","floor":7.0},{"not_picked":["Bane","Poisoned Stab"],"picked":"Tools of the Trade","floor":11.0},{"not_picked":["Dodge and Roll+1","Escape Plan+1"],"picked":"Acrobatics+1","floor":14.0},{"not_picked":["Unload","Doppelganger+1"],"picked":"A Thousand Cuts","floor":16.0},{"not_picked":["Eviscerate","Dodge and Roll+1"],"picked":"PiercingWail+1","floor":18.0},{"not_picked":["Flechettes","Masterful Stab+1"],"picked":"Leg Sweep+1","floor":19.0},{"not_picked":["All Out Attack","Flying Knee","Deflect+1"],"picked":"SKIP","floor":20.0},{"not_picked":["Bane","Setup+1"],"picked":"Cloak And Dagger+1","floor":21.0},{"not_picked":["Outmaneuver+1","Venomology+1","Prepared+1"],"picked":"SKIP","floor":24.0},{"not_picked":["Quick Slash","Backflip+1"],"picked":"Noxious Fumes","floor":27.0},{"not_picked":["Tools of the Trade","A Thousand Cuts","Glass Knife"],"picked":"Burst+1","floor":33.0},{"not_picked":["Accuracy+1","Finisher","Flying Knee+1"],"picked":"PiercingWail+1","floor":35.0},{"not_picked":["Flying Knee","Skewer","Dagger Throw"],"picked":"Backstab+1","floor":37},{"not_picked":["Acrobatics+1","All Out Attack+1","Dagger Spray+1"],"picked":"Crippling Poison+1","floor":38},{"not_picked":["Slice","Outmaneuver+1","Reflex+1","Die Die Die"],"picked":"SKIP","floor":41},{"not_picked":["Noxious Fumes+1","Poisoned Stab","Prepared+1"],"picked":"Catalyst+1","floor":44},{"not_picked":["Poisoned Stab+1","Flechettes+1","Underhanded Strike+1","Quick Slash"],"picked":"SKIP","floor":45},{"not_picked":["Underhanded Strike","Deflect+1","Heel Hook"],"picked":"Predator+1","floor":46}],"player_experience":153283,"relics_obtained":[{"floor":6.0,"key":"Regal Pillow"},{"floor":7.0,"key":"Strawberry"},{"floor":9.0,"key":"Toxic Egg 2"},{"floor":24.0,"key":"Nunchaku"},{"floor":26.0,"key":"Shuriken"},{"floor":28.0,"key":"Necronomicon"},{"floor":41,"key":"Meat on the Bone"},{"floor":43,"key":"Centennial Puzzle"},{"floor":46,"key":"Art of War"}],"event_choices":[{"damage_healed":0.0,"max_hp_gain":0.0,"max_hp_loss":0.0,"gold_gain":99.0,"event_name":"Nest","player_choice":"Stole From Cult","floor":22.0,"gold_loss":0.0,"damage_taken":0.0},{"damage_healed":0.0,"max_hp_gain":0.0,"max_hp_loss":0.0,"gold_gain":0.0,"event_name":"Cursed Tome","player_choice":"Obtained Book","floor":28.0,"gold_loss":0.0,"damage_taken":16.0},{"damage_healed":0,"gold_gain":0,"player_choice":"Leave","damage_taken":0,"max_hp_gain":0,"max_hp_loss":0,"event_name":"FaceTrader","floor":36,"gold_loss":0},{"damage_healed":0,"gold_gain":0,"player_choice":"Max HP","damage_taken":0,"max_hp_gain":0,"max_hp_loss":4,"event_name":"Winding Halls","floor":39,"gold_loss":0},{"cards_removed":["Malaise"],"damage_healed":0,"gold_gain":0,"player_choice":"Removed Skill","damage_taken":0,"max_hp_gain":0,"max_hp_loss":0,"event_name":"Falling","floor":47,"gold_loss":0}],"is_beta":false,"boss_relics":[{"not_picked":["Empty Cage","Coffee Dripper"],"picked":"Pandora\u0027s Box"},{"not_picked":["Black Star","Orrery"],"picked":"Cursed Key"}],"items_purged_floors":[13,30],"is_endless":false,"potions_floor_spawned":[2,11,14,16,27,33,37,41,44],"ascension_level":6}