{"path_per_floor":["M","M","?","$","M","E","R","M","T","M","M","E","R","M","R","B",null,"M","$","M","?","?","R","?","R","T","R","M","M","M","M","R"],"character_chosen":"THE_SILENT","items_purchased":["Backflip","Backflip","Cloak And Dagger","Regen Potion"],"gold_per_floor":[119,133,133,79,97,129,129,143,167,186,198,262,262,281,281,380,380,390,170,156,156,156,156,156,156,236,236,253,264,275,286,286],"floor_reached":33,"campfire_rested":3,"playtime":3033,"current_hp_per_floor":[70,70,52,52,52,52,52,49,49,47,47,34,55,55,70,3,70,54,54,50,50,70,70,70,70,70,70,61,56,51,16,47],"items_purged":["Defend_G"],"gold":286,"score":286,"play_id":"82acd280-9fa9-406a-9de0-a6a80554aa22","is_prod":false,"is_daily":false,"is_ascension_mode":false,"campfire_upgraded":4,"path_taken":["M","M","?","$","M","E","R","M","T","M","M","E","R","M","R","BOSS","M","$","M","?","?","R","?","R","T","R","M","M","M","M","R","BOSS"],"build_version":"2018-02-22-PROD2","purchased_purges":2,"victory":false,"master_deck":["Defend_G","Defend_G","Defend_G","Defend_G","Strike_G","Strike_G","Strike_G","Strike_G","Survivor","Neutralize+1","Flying Knee","Well Laid Plans","Backflip","Dodge and Roll","Glass Knife+1","Sucker Punch+1","Flying Knee","Dodge and Roll","Prepared","Prepared+1","Adrenaline","Backflip+1","Cloak And Dagger","Quick Slash+1","Blur","Terror","Concentrate+1"],"max_hp_per_floor":[70,70,70,70,70,70,70,70,70,70,70,70,70,70,70,70,70,70,70,70,70,70,70,70,70,70,70,70,70,70,70,70],"relics":["Ring of the Snake","NeowsBlessing","Frozen Egg 2","Pen Nib","Whetstone","Tiny Chest","Eternal Feather","Toolbox"],"card_choices":[{"not_picked":["Finisher","Skewer"],"picked":"Flying Knee"},{"not_picked":["Reflex","Blade Dance"],"picked":"Well Laid Plans"},{"not_picked":["Outmaneuver","Deflect"],"picked":"Dodge and Roll"},{"not_picked":["Acrobatics","Slice"],"picked":"Glass Knife"},{"not_picked":["Expertise","Dagger Spray"],"picked":"Sucker Punch"},{"not_picked":["PiercingWail","Finisher"],"picked":"Flying Knee"},{"not_picked":["Bouncing Flask","Outmaneuver"],"picked":"Dodge and Roll"},{"not_picked":["Underhanded Strike","Caltrops"],"picked":"Prepared"},{"not_picked":["Deflect","Backflip"],"picked":"Prepared"},{"not_picked":["Storm of Steel","Tools of the Trade"],"picked":"Adrenaline"},{"not_picked":["Endless Agony","Terror"],"picked":"Masterful Stab"},{"not_picked":["Backstab","Riddle With Holes"],"picked":"Quick Slash"},{"not_picked":["Endless Agony","Poisoned Stab"],"picked":"Blur"},{"not_picked":["Concentrate","Underhanded Strike"],"picked":"Terror"},{"not_picked":["Sucker Punch","Dagger Throw"],"picked":"Concentrate"}],"player_experience":241191,"potions_floor_usage":[6,11,12,12,12,20,28,29,29,29,33],"damage_taken":[{"damage":0,"enemies":"Jaw Worm","floor":1,"turns":1},{"damage":0,"enemies":"2 Louse","floor":2,"turns":1},{"damage":0,"enemies":"Small Slimes","floor":5,"turns":1},{"damage":0,"enemies":"3 Sentries","floor":6,"turns":9},{"damage":3,"enemies":"3 Louse","floor":8,"turns":5},{"damage":2,"enemies":"2 Fungi Beasts","floor":10,"turns":3},{"damage":0,"enemies":"Large Slime","floor":11,"turns":3},{"damage":13,"enemies":"Gremlin Nob","floor":12,"turns":4},{"damage":0,"enemies":"Gremlin Gang","floor":14,"turns":5},{"damage":67,"enemies":"Slime Boss","floor":16,"turns":18},{"damage":16,"enemies":"3 Byrds","floor":18,"turns":5},{"damage":16,"enemies":"2 Thieves","floor":20,"turns":4},{"damage":9,"enemies":"Sentry and Sphere","floor":28,"turns":6},{"damage":5,"enemies":"3 Cultists","floor":29,"turns":6},{"damage":5,"enemies":"Snecko","floor":30,"turns":4},{"damage":35,"enemies":"Sentry and Sphere","floor":31,"turns":6},{"damage":54,"enemies":"Champ","floor":33,"turns":11}],"event_choices":[{"event_name":"Scrap Ooze","player_choice":"success","floor":3,"damage_taken":18},{"event_name":"Back to Basics","player_choice":"Elegance","floor":21,"damage_taken":0},{"event_name":"Bonfire Elementals","player_choice":"UNCOMMON","floor":22,"damage_taken":0},{"event_name":"The Lab","player_choice":"Got Potions","floor":24,"damage_taken":0}],"boss_relics":[{"not_picked":["Tiny House","Black Star"],"picked":"Eternal Feather"}],"potions_floor_spawned":[1,6,8,10,11,18,28,30],"seed_played":"2217667042945114784","killed_by":"Champ","ascension_level":0,"is_trial":false}