{"gold_per_floor":[366,366,366,366,7,7,35,35,35,63,63,73,88,102,102,174,174,189,189,199,114,140,140],"floor_reached":23,"playtime":750,"items_purged":["Parasite"],"score":384,"play_id":"f56b3f5f-4d5f-491d-93c9-0296d36cca02","local_time":"20190214020522","is_ascension_mode":true,"campfire_choices":[{"floor":6,"key":"REST"},{"floor":8,"key":"REST"},{"floor":11,"key":"REST"},{"data":"Rainbow","floor":15,"key":"SMITH"}],"neow_cost":"CURSE","seed_source_timestamp":43941354759633,"circlet_count":0,"master_deck":["AscendersBane","Strike_B+1","Strike_B+1","Strike_B+1","Strike_B+1","Defend_B+1","Defend_B+1","Defend_B+1","Defend_B+1","Zap","Dualcast+1","Go for the Eyes","Glacier","Loop","Ball Lightning","Rainbow+1","Skim","FTL","FTL","Creative AI","Coolheaded","Sunder"],"relics":["Cracked Core","Ice Cream","War Paint","Darkstone Periapt","Orichalcum","Sozu","Dream Catcher","Ancient Tea Set"],"potions_floor_usage":[10,23],"damage_taken":[{"damage":2,"enemies":"2 Louse","floor":1,"turns":3},{"damage":34,"enemies":"Gremlin Nob","floor":7,"turns":4},{"damage":18,"enemies":"3 Sentries","floor":10,"turns":5},{"damage":0,"enemies":"Small Slimes","floor":12,"turns":3},{"damage":1,"enemies":"Jaw Worm","floor":13,"turns":2},{"damage":0,"enemies":"2 Fungi Beasts","floor":14,"turns":2},{"damage":34,"enemies":"Hexaghost","floor":16,"turns":10},{"damage":10,"enemies":"Chosen","floor":18,"turns":4},{"damage":17,"enemies":"2 Thieves","floor":20,"turns":4},{"damage":41,"enemies":"Gremlin Leader","floor":23,"turns":6}],"seed_played":"-1012042516180439233","potions_obtained":[{"floor":1,"key":"LiquidBronze"},{"floor":14,"key":"FocusPotion"}],"is_trial":false,"path_per_floor":["M","?","?","?","$","R","E","R","T","E","R","M","M","M","R","B",null,"M","?","M","?","T","E"],"character_chosen":"DEFECT","items_purchased":["Glacier","Loop","Ball Lightning","Explosive Potion"],"campfire_rested":3,"item_purchase_floors":[5,5,5,5],"current_hp_per_floor":[62,62,36,36,36,56,22,42,42,24,44,44,43,43,43,9,53,43,43,26,26,26,0],"gold":140,"neow_bonus":"TWO_FIFTY_GOLD","is_prod":false,"is_daily":false,"chose_seed":false,"campfire_upgraded":1,"win_rate":0,"timestamp":1550127922,"path_taken":["M","?","?","?","$","R","E","R","T","E","R","M","?","M","R","BOSS","M","?","M","?","?","E"],"build_version":"2019-01-23","purchased_purges":1,"victory":false,"max_hp_per_floor":[71,71,71,71,68,68,68,68,68,68,68,68,68,68,68,68,68,68,68,68,68,68,68],"card_choices":[{"not_picked":["Gash","Conserve Battery"],"picked":"Go for the Eyes","floor":1},{"not_picked":["Heatsinks","Redo"],"picked":"Rainbow","floor":7},{"not_picked":["Rip and Tear","Ball Lightning","Auto Shields"],"picked":"SKIP","floor":10},{"not_picked":["Beam Cell","Steam"],"picked":"Skim","floor":12},{"not_picked":["Steam Power","Ball Lightning"],"picked":"FTL","floor":13},{"not_picked":["Turbo","Ball Lightning"],"picked":"FTL","floor":14},{"not_picked":["Meteor Strike","Multi-Cast"],"picked":"Creative AI","floor":16},{"not_picked":["Beam Cell","Barrage+1"],"picked":"Coolheaded","floor":18},{"not_picked":["Reprogram","Steam+1"],"picked":"Sunder","floor":20}],"player_experience":282762,"relics_obtained":[{"floor":7,"key":"War Paint"},{"floor":9,"key":"Darkstone Periapt"},{"floor":10,"key":"Orichalcum"},{"floor":22,"key":"Ancient Tea Set"}],"event_choices":[{"damage_healed":0,"gold_gain":0,"player_choice":"Ignored","damage_taken":0,"max_hp_gain":0,"max_hp_loss":0,"event_name":"Shining Light","floor":2,"gold_loss":0},{"damage_healed":0,"gold_gain":0,"player_choice":"Success","damage_taken":26,"relics_obtained":["Ice Cream"],"max_hp_gain":0,"max_hp_loss":0,"event_name":"Scrap Ooze","floor":3,"gold_loss":0},{"damage_healed":0,"gold_gain":0,"player_choice":"Grow","damage_taken":0,"max_hp_gain":0,"max_hp_loss":0,"event_name":"Living Wall","floor":4,"gold_loss":0,"cards_upgraded":["Dualcast"]},{"damage_healed":0,"gold_gain":0,"player_choice":"Simplicity","damage_taken":0,"max_hp_gain":0,"max_hp_loss":0,"event_name":"Back to Basics","floor":19,"gold_loss":0,"cards_upgraded":["Strike_B","Strike_B","Strike_B","Strike_B","Defend_B","Defend_B"]},{"damage_healed":0,"gold_gain":0,"player_choice":"Obtained Relic","damage_taken":0,"relics_obtained":["Dream Catcher"],"max_hp_gain":0,"max_hp_loss":0,"event_name":"Addict","floor":21,"gold_loss":85}],"is_beta":false,"boss_relics":[{"not_picked":["Calling Bell","White Beast Statue"],"picked":"Sozu"}],"items_purged_floors":[5],"is_endless":false,"potions_floor_spawned":[1,7,14,20],"killed_by":"Gremlin Leader","ascension_level":19}