{"gold_per_floor":[115,125,125,125,125,125,165,165,165,209,55,73,117,133,133,261,261,274,289,289,307,307,337,337,362,362,36,36,36,62,76,76,178,208,228,228,245,8,28,53,53,82,82,109,0,30,30,48,48,148,148,165,165,175,175,100,132,132,164,164,164,164,195,195,215,215,319,319,332,346,105,150,164,164,196,211,239,239,273,273,300,319,319,416,416,436,453,470,490,1,1,1,1,1],"floor_reached":94,"playtime":6003,"items_purged":["Clash"],"score":2366,"play_id":"504cf551-b567-48ae-9e36-46b96bce2327","local_time":"20180714155120","daily_mods":["Draft","Diverse","Heirloom","Elite Swarm"],"is_ascension_mode":true,"campfire_choices":[{"floor":6,"key":"REST"},{"data":"Echo Form","floor":8,"key":"SMITH"},{"floor":15,"key":"REST"},{"data":"Wraith Form v2","floor":24,"key":"SMITH"},{"floor":28,"key":"REST"},{"data":"Demon Form","floor":32,"key":"SMITH"},{"data":"Adrenaline","floor":41,"key":"SMITH"},{"floor":47,"key":"REST"},{"data":"Buffer","floor":49,"key":"SMITH"},{"data":"Bullet Time","floor":58,"key":"SMITH"},{"data":"Creative AI","floor":61,"key":"SMITH"},{"data":"Night Terror","floor":66,"key":"SMITH"},{"data":"Barricade","floor":74,"key":"SMITH"},{"data":"Adrenaline","floor":78,"key":"SMITH"},{"data":"Buffer","floor":83,"key":"SMITH"},{"floor":91,"key":"REST"},{"floor":93,"key":"REST"}],"neow_cost":"","seed_source_timestamp":0,"circlet_count":0,"master_deck":["Demon Form+1","Wraith Form v2+1","Echo Form+1","Slice+1","Crippling Poison","Flying Knee","Go for the Eyes+1","Go for the Eyes+1","Dodge and Roll","Headbutt","Sweeping Beam+1","Headbutt","PiercingWail","Leap","Streamline","Leap","Genetic Algorithm","Self Repair+1","Shrug It Off","Dagger Spray","Adrenaline+1","Buffer+1","Conserve Battery","Riddle With Holes","Bullet Time+1","Body Slam","Leap","Corpse Explosion","Melter+1","Outmaneuver+1","Beam Cell+1","PiercingWail+1","Evolve","Hologram+1","All For One","Demon Form","Malaise","Disarm+1","Caltrops","Buffer+1","Cold Snap","Power Through","Glacier","HandOfGreed","Thinking Ahead","Sadistic Nature","Deadly Poison+1","Terror+1","Intimidate","Undo","Night Terror+1","Glass Knife","Rainbow","Tools of the Trade","Envenom","Scrape","Gash","All For One","Sentinel","Footwork","Setup","Adrenaline+1","Burst","Creative AI+1","Double Tap","Impervious","Calculated Gamble+1","Gash","Choke","Barricade+1","Feed","Buffer","Body Slam","Rebound","Envenom","Backflip","Reaper","Venomology","Offering","Skewer","Exhume","Fire Breathing","Sword Boomerang+1","Battle Trance+1","Limit Break","Beam Cell","Gash+1","Armaments","Inflame","Writhe"],"relics":["Ring of the Serpent","Prayer Wheel","Bloody Idol","Boot","Bottled Flame","Bronze Scales","Orichalcum","Bag of Preparation","Whetstone","WristBlade","Pen Nib","Matryoshka","Pantograph","Blue Candle","Kunai","Strawberry","Tiny House","Frozen Eye","Ice Cream","Happy Flower","Oddly Smooth Stone","Ninja Scroll","Dead Branch","Red Mask","Mummified Hand","FaceOfCleric","Question Card","Lantern","Vajra","Toxic Egg 2"],"potions_floor_usage":[7,23,23,25,33,33,35,37,44,44,44,50,67,67,67,72,77,77,82,82,88,89,94],"damage_taken":[{"damage":0,"enemies":"2 Louse","floor":1,"turns":3},{"damage":11,"enemies":"Cultist","floor":2,"turns":5},{"damage":4,"enemies":"3 Sentries","floor":7,"turns":4},{"damage":15,"enemies":"Lagavulin","floor":10,"turns":6},{"damage":1,"enemies":"Small Slimes","floor":12,"turns":3},{"damage":0,"enemies":"3 Sentries","floor":13,"turns":6},{"damage":0,"enemies":"Looter","floor":14,"turns":3},{"damage":13,"enemies":"Slime Boss","floor":16,"turns":7},{"damage":0,"enemies":"3 Byrds","floor":18,"turns":3},{"damage":0,"enemies":"Shell Parasite","floor":19,"turns":1},{"damage":6,"enemies":"Snake Plant","floor":21,"turns":3},{"damage":18,"enemies":"Gremlin Leader","floor":23,"turns":8},{"damage":31,"enemies":"Slavers","floor":25,"turns":4},{"damage":4,"enemies":"Book of Stabbing","floor":30,"turns":6},{"damage":0,"enemies":"Centurion and Healer","floor":31,"turns":4},{"damage":57,"enemies":"Collector","floor":33,"turns":9},{"damage":3,"enemies":"3 Darklings","floor":35,"turns":6},{"damage":25,"enemies":"Flame Bruiser 1 Orb","floor":37,"turns":6},{"damage":8,"enemies":"Transient","floor":39,"turns":5},{"damage":12,"enemies":"2 Orb Walkers","floor":40,"turns":6},{"damage":5,"enemies":"Giant Head","floor":42,"turns":10},{"damage":19,"enemies":"2 Orb Walkers","floor":44,"turns":7},{"damage":6,"enemies":"Nemesis","floor":46,"turns":5},{"damage":8,"enemies":"3 Darklings","floor":48,"turns":4},{"damage":19,"enemies":"Awakened One","floor":50,"turns":12},{"damage":1,"enemies":"Cultist","floor":52,"turns":3},{"damage":0,"enemies":"Small Slimes","floor":54,"turns":1},{"damage":0,"enemies":"Lagavulin","floor":57,"turns":4},{"damage":1,"enemies":"Gremlin Nob","floor":59,"turns":3},{"damage":0,"enemies":"Lagavulin","floor":63,"turns":4},{"damage":0,"enemies":"Jaw Worm","floor":65,"turns":1},{"damage":0,"enemies":"Hexaghost","floor":67,"turns":4},{"damage":0,"enemies":"3 Byrds","floor":69,"turns":1},{"damage":0,"enemies":"Spheric Guardian","floor":70,"turns":1},{"damage":8,"floor":72,"turns":4},{"damage":0,"enemies":"Snecko","floor":73,"turns":2},{"damage":30,"enemies":"Gremlin Leader","floor":75,"turns":5},{"damage":0,"enemies":"Snake Plant","floor":76,"turns":4},{"damage":1,"enemies":"Book of Stabbing","floor":77,"turns":4},{"damage":50,"enemies":"Slavers","floor":79,"turns":6},{"damage":31,"enemies":"Gremlin Leader","floor":81,"turns":7},{"damage":11,"enemies":"3 Cultists","floor":82,"turns":4},{"damage":58,"enemies":"Collector","floor":84,"turns":7},{"damage":0,"enemies":"3 Shapes","floor":86,"turns":6},{"damage":18,"enemies":"Orb Walker","floor":87,"turns":4},{"damage":22,"enemies":"Sphere and 2 Shapes","floor":88,"turns":4},{"damage":78,"enemies":"3 Darklings","floor":89,"turns":4},{"damage":158,"enemies":"Giant Head","floor":94,"turns":8}],"seed_played":"4752593158671097345","potions_obtained":[{"floor":1,"key":"LiquidBronze"},{"floor":2,"key":"Dexterity Potion"},{"floor":21,"key":"GhostInAJar"},{"floor":23,"key":"Ancient Potion"},{"floor":25,"key":"SteroidPotion"},{"floor":31,"key":"Explosive Potion"},{"floor":33,"key":"EssenceOfSteel"},{"floor":34,"key":"Explosive Potion"},{"floor":37,"key":"Block Potion"},{"floor":40,"key":"SteroidPotion"},{"floor":42,"key":"SkillPotion"},{"floor":46,"key":"GhostInAJar"},{"floor":54,"key":"EntropicBrew"},{"floor":67,"key":"GamblersBrew"},{"floor":72,"key":"Poison Potion"},{"floor":75,"key":"Regen Potion"},{"floor":76,"key":"GhostInAJar"},{"floor":79,"key":"SpeedPotion"},{"floor":86,"key":"Energy Potion"}],"is_trial":true,"path_per_floor":["M","M","?","?","?","R","E","R","T","E","$","M","E","M","R","B",null,"M","M","?","M","?","E","R","E","T","$","R","$","E","M","R","B",null,"M","?","M","$","M","E","R","E","T","E","?","E","R","M","R","B",null,"M","?","M","?","$","E","R","E","T","R","?","E","?","M","R","B",null,"M","M","$","?","M","R","E","M","E","R","E","?","E","M","R","B",null,"M","M","M","M","$","R","?","R"],"character_chosen":"THE_SILENT","items_purchased":["Bag of Preparation","Kunai","Malaise","Frozen Eye","Intimidate","Barricade","Feed","Vajra","Inflame","Toxic Egg 2"],"campfire_rested":6,"item_purchase_floors":[11,27,27,38,38,71,71,90,90,90],"current_hp_per_floor":[70,66,65,52,27,46,42,42,42,34,34,33,40,47,65,59,65,65,65,65,59,59,60,60,34,34,34,53,53,61,66,66,20,77,77,67,47,47,51,44,44,51,51,44,44,43,66,63,63,70,77,77,77,78,78,78,79,79,80,80,80,85,86,74,80,80,88,88,89,90,90,91,92,92,68,74,89,89,59,106,91,101,101,96,112,113,101,87,30,30,64,93,116,0],"gold":1,"neow_bonus":"","is_prod":false,"is_daily":false,"chose_seed":false,"campfire_upgraded":11,"win_rate":0,"timestamp":1531597880,"path_taken":["M","M","?","?","?","R","E","R","T","E","?","?","E","M","R","BOSS","M","M","?","?","?","E","R","E","T","$","R","$","E","M","R","BOSS","M","?","M","$","?","E","R","E","T","E","?","E","R","M","R","BOSS","M","?","M","?","$","E","R","E","T","R","?","E","?","M","R","BOSS","M","M","$","?","M","R","E","M","E","R","E","?","E","M","R","BOSS","M","M","?","?","$","R","?","R","E"],"build_version":"2018-07-13","purchased_purges":1,"victory":false,"max_hp_per_floor":[70,70,65,65,65,65,65,65,65,65,65,65,65,65,65,65,65,65,65,65,65,65,65,65,65,65,65,65,65,72,72,72,72,77,77,77,77,77,77,77,77,77,77,77,77,77,77,77,77,77,77,77,77,78,78,78,79,79,80,80,80,85,86,86,87,87,88,88,89,90,90,91,92,92,93,94,95,95,96,106,107,111,111,112,112,113,114,115,116,116,116,116,116,116],"card_choices":[{"not_picked":["Eviscerate","Hello World"],"picked":"Slice","floor":0},{"not_picked":["Doom and Gloom","Dagger Throw"],"picked":"Crippling Poison","floor":0},{"not_picked":["Sever Soul","Distraction"],"picked":"Flying Knee","floor":0},{"not_picked":["Bloodletting","Barrage"],"picked":"Slice","floor":0},{"not_picked":["Masterful Stab","Fusion"],"picked":"Go for the Eyes","floor":0},{"not_picked":["Slice","Wild Strike"],"picked":"Go for the Eyes","floor":0},{"not_picked":["Heatsinks","Deadly Poison"],"picked":"Dodge and Roll","floor":0},{"not_picked":["Pommel Strike","Sword Boomerang"],"picked":"Headbutt","floor":0},{"not_picked":["Havoc","Consume"],"picked":"Sweeping Beam","floor":0},{"not_picked":["Dagger Throw","Flying Knee"],"picked":"Headbutt","floor":0},{"not_picked":["Underhanded Strike","True Grit"],"picked":"PiercingWail","floor":0},{"not_picked":["Flex","Loop"],"picked":"Clash","floor":0},{"not_picked":["Endless Agony","Iron Wave"],"picked":"Leap","floor":0},{"not_picked":["Clothesline","Heavy Blade"],"picked":"Streamline","floor":0},{"not_picked":["Underhanded Strike","Anger"],"picked":"Leap","floor":0},{"not_picked":["Intimidate","Leap"],"picked":"Genetic Algorithm","floor":1},{"not_picked":["Twin Strike","Pommel Strike"],"picked":"Self Repair","floor":1},{"not_picked":["Whirlwind","Anger"],"picked":"Shrug It Off","floor":2},{"not_picked":["Iron Wave","Stack"],"picked":"Dagger Spray","floor":2},{"not_picked":["Seek","Unload"],"picked":"Adrenaline","floor":7},{"not_picked":["Fiend Fire","Multi-Cast"],"picked":"Buffer","floor":10},{"not_picked":["Rip and Tear","Blizzard"],"picked":"Conserve Battery","floor":12},{"not_picked":["Slice","Coolheaded"],"picked":"Riddle With Holes","floor":12},{"not_picked":["Storm of Steel","Machine Learning"],"picked":"Bullet Time","floor":13},{"not_picked":["Rebound","Barrage"],"picked":"Body Slam","floor":14},{"not_picked":["Flex","Dagger Spray"],"picked":"Leap","floor":14},{"not_picked":["Electrodynamics","Berserk"],"picked":"Corpse Explosion","floor":16},{"not_picked":["Armaments","Concentrate+1"],"picked":"Melter+1","floor":18},{"not_picked":["Sweeping Beam","Dodge and Roll"],"picked":"Outmaneuver+1","floor":18},{"not_picked":["Chill","Calculated Gamble"],"picked":"Beam Cell+1","floor":19},{"not_picked":["Masterful Stab","Streamline+1"],"picked":"PiercingWail+1","floor":19},{"not_picked":["Auto Shields","Clash"],"picked":"Evolve","floor":21},{"not_picked":["Coolheaded","Pommel Strike"],"picked":"Hologram","floor":21},{"not_picked":["Demon Form","Tactician"],"picked":"All For One","floor":23},{"not_picked":["Biased Cognition","Thunder Strike"],"picked":"Demon Form","floor":25},{"not_picked":["Brutality","Tactician"],"picked":"Amplify","floor":30},{"not_picked":["Accuracy+1","Backflip"],"picked":"Disarm+1","floor":31},{"not_picked":["Go for the Eyes","Sentinel"],"picked":"Caltrops","floor":31},{"not_picked":["Berserk","Double Tap"],"picked":"Buffer","floor":33},{"not_picked":["Bane","Consume"],"picked":"Cold Snap","floor":34},{"not_picked":["Expertise+1","Sweeping Beam+1"],"picked":"Power Through","floor":35},{"not_picked":["Finisher+1","Second Wind"],"picked":"Glacier","floor":35},{"not_picked":["Mind Blast","Good Instincts"],"picked":"HandOfGreed","floor":36},{"not_picked":["Jack Of All Trades","Purity"],"picked":"Thinking Ahead","floor":36},{"not_picked":["Swift Strike","PanicButton"],"picked":"Sadistic Nature","floor":36},{"not_picked":["Headbutt","Stack"],"picked":"Deadly Poison+1","floor":37},{"not_picked":["Poisoned Stab","Coolheaded+1"],"picked":"Terror+1","floor":37},{"not_picked":["Coolheaded+1","Prepared+1"],"picked":"Undo","floor":39},{"not_picked":["Backflip","Barrage+1"],"picked":"Night Terror","floor":39},{"not_picked":["Venomology","Wraith Form v2"],"picked":"Glass Knife","floor":40},{"not_picked":["Phantasmal Killer","Tactician"],"picked":"Rainbow","floor":42},{"not_picked":["Fiend Fire","Glass Knife"],"picked":"Tools of the Trade","floor":44},{"not_picked":["Bludgeon","Thunder Strike"],"picked":"Envenom","floor":46},{"not_picked":["Force Field","Steam+1"],"picked":"Scrape","floor":48},{"not_picked":["Sword Boomerang","Recycle+1"],"picked":"Gash","floor":48},{"not_picked":["Storm of Steel","Burst"],"picked":"All For One","floor":50},{"not_picked":["Acrobatics","Outmaneuver"],"picked":"Sentinel","floor":52},{"not_picked":["Predator","Intimidate"],"picked":"Footwork","floor":52},{"not_picked":["Wild Strike","Slice"],"picked":"Setup","floor":54},{"not_picked":["Pommel Strike","Scrape"],"picked":"Adrenaline","floor":54},{"not_picked":["Biased Cognition","Envenom"],"picked":"Burst","floor":57},{"not_picked":["Brutality","Venomology"],"picked":"Creative AI","floor":59},{"not_picked":["Machine Learning","Limit Break","Thunder Strike"],"picked":"Double Tap","floor":63},{"not_picked":["Hemokinesis","Sword Boomerang","Heavy Blade","Expertise"],"picked":"SKIP","floor":65},{"not_picked":["Prepared","True Grit","Poisoned Stab","Warcry"],"picked":"SKIP","floor":65},{"not_picked":["Storm of Steel","Double Tap","Fission"],"picked":"Impervious","floor":67},{"not_picked":["Stack","FTL+1","Coolheaded"],"picked":"Calculated Gamble+1","floor":69},{"not_picked":["Acrobatics","Perfected Strike","Conserve Battery+1","Underhanded Strike+1"],"picked":"SKIP","floor":69},{"not_picked":["Loop","Expertise","Capacitor"],"picked":"Gash","floor":70},{"not_picked":["Dual Wield","Heavy Blade","Perfected Strike"],"picked":"Choke","floor":70},{"not_picked":["Static Discharge","Wild Strike+1","Searing Blow"],"picked":"Buffer","floor":72},{"not_picked":["Catalyst","Cold Snap+1","Shrug It Off"],"picked":"Body Slam","floor":73},{"not_picked":["Quick Slash","Endless Agony","Perfected Strike"],"picked":"Rebound","floor":73},{"not_picked":["Meteor Strike","Berserk","All For One"],"picked":"Envenom","floor":75},{"not_picked":["Sword Boomerang","Bane","Pummel+1"],"picked":"Backflip","floor":76},{"not_picked":["Shrug It Off","Acrobatics","Reckless Charge","Redo+1"],"picked":"SKIP","floor":76},{"not_picked":["Biased Cognition","A Thousand Cuts","Demon Form"],"picked":"Reaper","floor":77},{"not_picked":["Demon Form","Multi-Cast","Envenom"],"picked":"Venomology","floor":79},{"not_picked":["Fission","Storm of Steel","Rainbow"],"picked":"Offering","floor":81},{"not_picked":["Sucker Punch","Thunderclap","Iron Wave"],"picked":"Skewer","floor":82},{"not_picked":["Cold Snap","Undo+1","Quick Slash","Rage"],"picked":"SKIP","floor":82},{"not_picked":["Bullet Time","Brutality","Burst"],"picked":"Exhume","floor":84},{"not_picked":["Endless Agony","Acrobatics","Choke"],"picked":"Fire Breathing","floor":86},{"not_picked":["Coolheaded","Iron Wave","Flex+1"],"picked":"Sword Boomerang+1","floor":86},{"not_picked":["Cold Snap","Clash","Iron Wave+1"],"picked":"Battle Trance+1","floor":87},{"not_picked":["PiercingWail+1","Hologram+1","Doom and Gloom","Conserve Battery+1"],"picked":"SKIP","floor":87},{"not_picked":["Underhanded Strike+1","FTL+1","Pummel+1"],"picked":"Limit Break","floor":88},{"not_picked":["Infernal Blade","Pummel+1","Coolheaded+1"],"picked":"Beam Cell","floor":88},{"not_picked":["Rebound+1","Dagger Throw","Eviscerate"],"picked":"Gash+1","floor":89},{"not_picked":["Deadly Poison","Flex+1","Headbutt"],"picked":"Armaments","floor":89}],"player_experience":559121,"relics_obtained":[{"floor":7,"key":"Bottled Flame"},{"floor":9,"key":"Bronze Scales"},{"floor":10,"key":"Orichalcum"},{"floor":13,"key":"Whetstone"},{"floor":23,"key":"Pen Nib"},{"floor":25,"key":"Matryoshka"},{"floor":26,"key":"Pantograph"},{"floor":26,"key":"Blue Candle"},{"floor":30,"key":"Strawberry"},{"floor":40,"key":"Ice Cream"},{"floor":42,"key":"Happy Flower"},{"floor":43,"key":"Oddly Smooth Stone"},{"floor":43,"key":"Ninja Scroll"},{"floor":44,"key":"Dead Branch"},{"floor":46,"key":"Mummified Hand"},{"floor":60,"key":"Question Card"}],"event_choices":[{"event_name":"Golden Idol","player_choice":"Lose Max HP","floor":3,"damage_taken":0},{"event_name":"Shining Light","player_choice":"Entered Light","floor":4,"damage_taken":0},{"event_name":"Scrap Ooze","player_choice":"success","floor":5,"damage_taken":25},{"event_name":"Back to Basics","player_choice":"Elegance","floor":20,"damage_taken":0},{"event_name":"Forgotten Altar","player_choice":"Gave Idol","floor":22,"damage_taken":0},{"event_name":"SensoryStone","player_choice":"Memory 3","floor":36,"damage_taken":0},{"event_name":"Tomb of Lord Red Mask","player_choice":"Paid","floor":45,"damage_taken":0},{"event_name":"FaceTrader","player_choice":"Trade","floor":53,"damage_taken":0},{"event_name":"Accursed Blacksmith","player_choice":"Forge","floor":55,"damage_taken":0},{"event_name":"Big Fish","player_choice":"Donut","floor":62,"damage_taken":0},{"event_name":"Scrap Ooze","player_choice":"success","floor":64,"damage_taken":12},{"event_name":"Masked Bandits","player_choice":"Fought over 105 gold","floor":72,"damage_taken":0},{"event_name":"Bonfire Elementals","player_choice":"RARE","floor":80,"damage_taken":0},{"event_name":"Winding Halls","player_choice":"Writhe","floor":92,"damage_taken":0}],"boss_relics":[{"not_picked":["Cursed Key","Astrolabe"],"picked":"WristBlade"},{"not_picked":["Runic Pyramid","Empty Cage"],"picked":"Tiny House"},{"not_picked":["Calling Bell","Philosopher\u0027s Stone"],"picked":"Ring of the Serpent"},{"not_picked":["BlightedDurian"],"picked":"Scatterbrain"},{"not_picked":["VoidEssence"],"picked":"GraspOfShadows"}],"items_purged_floors":[56],"is_endless":true,"potions_floor_spawned":[1,2,21,23,25,31,33,37,40,42,46,54,67,72,75,76,79,86,87],"killed_by":"Giant Head","ascension_level":1}