{"gold_per_floor":[13,69,84,84,97,135,135,178,201,232,232,250,271,286,286,286],"floor_reached":16,"playtime":708,"items_purged":[],"score":154,"play_id":"c0b97987-546d-4afb-9d6c-bcb79cd34a06","local_time":"20181215132717","is_ascension_mode":true,"campfire_choices":[{"data":"Neutralize","floor":7,"key":"SMITH"},{"floor":11,"key":"REST"},{"floor":15,"key":"REST"}],"neow_cost":"NO_GOLD","seed_source_timestamp":5507869633436,"circlet_count":0,"master_deck":["Defend_G","Defend_G","Defend_G","Defend_G","Defend_G","Strike_G","Strike_G","Strike_G","Strike_G","Strike_G","Survivor","Neutralize+1","Wraith Form v2","Masterful Stab","Dagger Spray","Injury","Deflect","PiercingWail","Unload","Underhanded Strike","Crippling Poison","Burst","PiercingWail"],"relics":["Ring of the Snake","Golden Idol","Vajra","Potion Belt","Juzu Bracelet","Gremlin Horn"],"potions_floor_usage":[8,8,10],"damage_taken":[{"damage":2,"enemies":"Small Slimes","floor":1,"turns":4},{"damage":1,"enemies":"Jaw Worm","floor":3,"turns":6},{"damage":0,"enemies":"Cultist","floor":5,"turns":3},{"damage":27,"enemies":"Gremlin Nob","floor":6,"turns":7},{"damage":32,"enemies":"Lagavulin","floor":8,"turns":10},{"damage":0,"enemies":"Gremlin Nob","floor":10,"turns":2},{"damage":0,"enemies":"Exordium Wildlife","floor":12,"turns":2},{"damage":6,"enemies":"2 Fungi Beasts","floor":13,"turns":3},{"damage":0,"enemies":"Gremlin Gang","floor":14,"turns":4},{"damage":45,"enemies":"The Guardian","floor":16,"turns":15}],"seed_played":"1119042081077790572","potions_obtained":[{"floor":1,"key":"GamblersBrew"},{"floor":5,"key":"Weak Potion"},{"floor":8,"key":"FearPotion"},{"floor":13,"key":"Ancient Potion"}],"is_trial":false,"path_per_floor":["M","?","M","?","M","E","R","E","T","E","R","M","M","M","R","B"],"character_chosen":"THE_SILENT","items_purchased":[],"campfire_rested":2,"item_purchase_floors":[],"current_hp_per_floor":[68,68,67,67,67,40,40,8,8,8,29,29,23,23,44,0],"gold":286,"neow_bonus":"THREE_RARE_CARDS","is_prod":false,"is_daily":false,"chose_seed":false,"campfire_upgraded":1,"win_rate":0,"timestamp":1544898437,"path_taken":["M","?","M","?","M","E","R","E","T","E","R","M","M","M","R","BOSS"],"build_version":"2018-12-13","purchased_purges":0,"victory":false,"max_hp_per_floor":[70,70,70,70,70,70,70,70,70,70,70,70,70,70,70,70],"card_choices":[{"not_picked":["Envenom","Storm of Steel"],"picked":"Wraith Form v2","floor":0},{"not_picked":["Choke","Backflip"],"picked":"Masterful Stab","floor":1},{"not_picked":["Sucker Punch","Prepared"],"picked":"Dagger Spray","floor":3},{"not_picked":["Bane","Reflex"],"picked":"Deflect","floor":5},{"not_picked":["Escape Plan","Deadly Poison"],"picked":"PiercingWail","floor":6},{"not_picked":["Quick Slash","Prepared"],"picked":"Unload","floor":8},{"not_picked":["Sucker Punch","Prepared"],"picked":"Underhanded Strike","floor":10},{"not_picked":["Poisoned Stab","Dagger Spray"],"picked":"Crippling Poison","floor":12},{"not_picked":["Quick Slash","Reflex"],"picked":"Burst","floor":13},{"not_picked":["Dodge and Roll","Sucker Punch"],"picked":"PiercingWail","floor":14}],"player_experience":973516,"relics_obtained":[{"floor":6,"key":"Vajra"},{"floor":8,"key":"Potion Belt"},{"floor":9,"key":"Juzu Bracelet"},{"floor":10,"key":"Gremlin Horn"}],"event_choices":[{"damage_healed":0,"gold_gain":56,"player_choice":"Gained Gold","damage_taken":0,"max_hp_gain":0,"max_hp_loss":0,"event_name":"Golden Wing","floor":2,"gold_loss":0},{"damage_healed":0,"gold_gain":0,"player_choice":"Take Wound","damage_taken":0,"relics_obtained":["Golden Idol"],"max_hp_gain":0,"max_hp_loss":0,"event_name":"Golden Idol","floor":4,"gold_loss":0,"cards_obtained":["Injury"]}],"is_beta":true,"boss_relics":[],"items_purged_floors":[],"is_endless":false,"potions_floor_spawned":[1,5,8,13],"killed_by":"The Guardian","ascension_level":1}