{"gold_per_floor":[19,19,36,36,52,52,52,52,106,106,124,135,82,95,95,195,195,209,222,222,77,97,124,124,135,162,178,204,204,52,52,52,148,148,159,159,381,381,396,426,426,426,452,462,9,9,20,36,36,36],"floor_reached":51,"playtime":3283,"items_purged":[],"score":1093,"play_id":"0b7ed76c-944f-418c-a1b8-542894b6a88e","local_time":"20180922235141","is_ascension_mode":true,"campfire_choices":[{"data":"Echo Form","floor":6,"key":"SMITH"},{"data":"Self Repair","floor":8,"key":"SMITH"},{"data":"Zap","floor":10,"key":"SMITH"},{"data":"Glacier","floor":15,"key":"SMITH"},{"data":"Go for the Eyes","floor":24,"key":"SMITH"},{"floor":32,"key":"REST"},{"floor":41,"key":"REST"},{"data":"Capacitor","floor":49,"key":"SMITH"}],"neow_cost":"NO_GOLD","seed_source_timestamp":542349930337063,"circlet_count":0,"master_deck":["Strike_B","Strike_B","Defend_B","Defend_B","Defend_B","Defend_B","Zap+1","Dualcast","AscendersBane","Echo Form+1","Glacier+1","Hologram+1","Self Repair+1","Go for the Eyes+1","Streamline","Creative AI","Static Discharge","Leap+1","Force Field+1","Leap+1","Force Field+1","Buffer","Double Energy+1","Force Field+1","Hologram+1","Storm","Capacitor+1","Turbo+1","Glacier+1"],"relics":["Cracked Core","Singing Bowl","Centennial Puzzle","Snecko Eye","Shuriken","Oddly Smooth Stone","Toxic Egg 2","DataDisk","Red Mask","Lantern","Nuclear Battery","Dead Branch","The Courier","Happy Flower","Bottled Tornado","HandDrill"],"potions_floor_usage":[12,16,22,27,50,50],"damage_taken":[{"damage":6,"enemies":"2 Louse","floor":1,"turns":3},{"damage":6,"enemies":"Small Slimes","floor":3,"turns":4},{"damage":1,"enemies":"Jaw Worm","floor":5,"turns":5},{"damage":7,"enemies":"Looter","floor":11,"turns":5},{"damage":16,"enemies":"Exordium Wildlife","floor":12,"turns":6},{"damage":6,"enemies":"3 Louse","floor":14,"turns":4},{"damage":24,"enemies":"Slime Boss","floor":16,"turns":9},{"damage":17,"enemies":"2 Thieves","floor":18,"turns":5},{"damage":10,"enemies":"3 Byrds","floor":19,"turns":4},{"damage":24,"enemies":"Snake Plant","floor":22,"turns":5},{"damage":33,"enemies":"Book of Stabbing","floor":23,"turns":12},{"damage":3,"enemies":"Shelled Parasite and Fungi","floor":25,"turns":10},{"damage":25,"enemies":"Chosen and Byrds","floor":27,"turns":8},{"damage":34,"enemies":"Masked Bandits","floor":28,"turns":5},{"damage":0,"enemies":"Champ","floor":33,"turns":17},{"damage":0,"enemies":"3 Shapes","floor":35,"turns":7},{"damage":29,"enemies":"Mind Bloom Boss Battle","floor":38,"turns":7},{"damage":11,"enemies":"3 Darklings","floor":39,"turns":8},{"damage":83,"enemies":"Nemesis","floor":40,"turns":9},{"damage":26,"enemies":"Spire Growth","floor":44,"turns":8},{"damage":0,"enemies":"Jaw Worm Horde","floor":47,"turns":4},{"damage":25,"enemies":"Reptomancer","floor":48,"turns":5},{"damage":37,"enemies":"Time Eater","floor":50,"turns":10}],"seed_played":"2568018842563709068","potions_obtained":[{"floor":5,"key":"Energy Potion"},{"floor":11,"key":"EssenceOfSteel"},{"floor":14,"key":"Block Potion"},{"floor":16,"key":"SkillPotion"},{"floor":19,"key":"PowerPotion"},{"floor":27,"key":"FearPotion"},{"floor":28,"key":"FearPotion"},{"floor":40,"key":"Energy Potion"},{"floor":47,"key":"LiquidBronze"}],"is_trial":false,"path_per_floor":["M","?","M","$","M","R","?","R","T","R","M","M","$","M","R","B",null,"M","M","?","$","M","E","R","M","T","M","?","?","$","?","R","B",null,"M","?","?","?","M","E","R","?","T","M","$","$","M","M","R","B"],"character_chosen":"DEFECT","items_purchased":["Streamline","Oddly Smooth Stone","Lantern","Bottled Tornado","HandDrill","Storm","Capacitor"],"campfire_rested":2,"item_purchase_floors":[13,21,30,45,45,45,45],"current_hp_per_floor":[62,55,49,49,48,48,45,45,45,45,60,54,54,70,70,56,73,76,79,79,79,75,64,64,83,83,78,44,44,44,44,68,78,82,85,85,85,78,87,38,64,66,66,60,60,60,80,75,75,48],"gold":36,"neow_bonus":"THREE_RARE_CARDS","is_prod":false,"is_daily":false,"chose_seed":false,"campfire_upgraded":6,"win_rate":0,"timestamp":1537674701,"path_taken":["M","?","M","$","M","R","?","R","T","R","M","M","$","M","R","BOSS","M","M","?","$","M","E","R","M","T","M","?","?","$","?","R","BOSS","M","?","?","?","M","E","R","?","T","M","?","$","?","M","R","BOSS"],"build_version":"2018-09-20","purchased_purges":0,"victory":true,"max_hp_per_floor":[75,75,75,75,75,75,75,75,75,75,77,77,77,79,79,79,79,79,79,79,79,79,81,81,83,83,83,83,83,83,83,83,83,83,85,85,85,87,87,87,87,89,89,89,89,89,89,89,89,89],"card_choices":[{"not_picked":["Fission","Buffer"],"picked":"Echo Form","floor":0},{"not_picked":["Coolheaded","Turbo"],"picked":"Glacier","floor":1},{"not_picked":["Force Field","Leap"],"picked":"Hologram","floor":3},{"not_picked":["Go for the Eyes","Heatsinks"],"picked":"Self Repair","floor":5},{"not_picked":["Turbo","Steam","Reboot"],"picked":"Singing Bowl","floor":11},{"not_picked":["Stack","Streamline"],"picked":"Go for the Eyes","floor":12},{"not_picked":["Redo","Hologram","Turbo"],"picked":"Singing Bowl","floor":14},{"not_picked":["Echo Form","Machine Learning"],"picked":"Creative AI","floor":16},{"not_picked":["Barrage","Aggregate"],"picked":"Static Discharge","floor":18},{"not_picked":["Turbo","Barrage+1"],"picked":"Leap+1","floor":19},{"not_picked":["Redo+1","Sweeping Beam"],"picked":"Force Field+1","floor":22},{"not_picked":["Go for the Eyes","White Noise","Steam Power"],"picked":"Singing Bowl","floor":23},{"not_picked":["White Noise+1","Rebound","Barrage+1"],"picked":"Singing Bowl","floor":25},{"not_picked":["Coolheaded+1","Go for the Eyes"],"picked":"Leap+1","floor":27},{"not_picked":["Sweeping Beam+1","Beam Cell"],"picked":"Force Field+1","floor":28},{"not_picked":["Seek+1","Core Surge"],"picked":"Buffer","floor":33},{"not_picked":["Static Discharge","Ball Lightning","Sweeping Beam+1"],"picked":"Singing Bowl","floor":35},{"not_picked":["Turbo+1","Fusion+1","Sweeping Beam+1"],"picked":"Singing Bowl","floor":38},{"not_picked":["BootSequence+1","Go for the Eyes+1"],"picked":"Double Energy+1","floor":39},{"not_picked":["FTL","Steam+1"],"picked":"Force Field+1","floor":40},{"not_picked":["Secret Technique+1","Enlightenment+1","Dark Shackles+1"],"picked":"Singing Bowl","floor":42},{"not_picked":["Redo+1","Ball Lightning"],"picked":"Hologram+1","floor":44},{"not_picked":["Recycle+1","Self Repair+1"],"picked":"Turbo+1","floor":47},{"not_picked":["Redo+1","Sunder+1"],"picked":"Glacier+1","floor":48}],"player_experience":868008,"relics_obtained":[{"floor":9,"key":"Centennial Puzzle"},{"floor":23,"key":"Toxic Egg 2"},{"floor":26,"key":"DataDisk"},{"floor":28,"key":"Red Mask"},{"floor":38,"key":"Dead Branch"},{"floor":40,"key":"The Courier"},{"floor":43,"key":"Happy Flower"}],"event_choices":[{"event_name":"Golden Wing","player_choice":"Card Removal","floor":2,"damage_taken":0},{"event_name":"Scrap Ooze","player_choice":"success","floor":7,"damage_taken":3},{"event_name":"WeMeetAgain","player_choice":"Potion","floor":20,"damage_taken":0},{"event_name":"Masked Bandits","player_choice":"Fought Bandits","floor":28,"damage_taken":0},{"event_name":"Upgrade Shrine","player_choice":"Upgraded","floor":29,"damage_taken":0},{"event_name":"Beggar","player_choice":"Ignored","floor":31,"damage_taken":0},{"event_name":"Falling","player_choice":"Removed Attack","floor":36,"damage_taken":0},{"event_name":"Tomb of Lord Red Mask","player_choice":"Wore Mask","floor":37,"damage_taken":0},{"event_name":"MindBloom","player_choice":"Fight","floor":38,"damage_taken":0},{"event_name":"SensoryStone","player_choice":"Memory 1","floor":42,"damage_taken":0}],"is_beta":true,"boss_relics":[{"not_picked":["Tiny House","Ectoplasm"],"picked":"Snecko Eye"},{"not_picked":["FrozenCore","Runic Pyramid"],"picked":"Nuclear Battery"}],"items_purged_floors":[],"is_endless":false,"potions_floor_spawned":[5,11,14,16,19,27,28,40,44,47],"ascension_level":10}