{"path_per_floor":["M","M","M","M","?","R","M","E","T","?","E","M","R","M","R","B",null,"M","?","?","$","M","R","E","?","T","R","M"],"character_chosen":"IRONCLAD","items_purchased":["Headbutt","Shrug It Off","Apotheosis","Flex"],"gold_per_floor":[119,131,145,160,160,160,177,212,266,266,294,308,308,321,321,425,425,439,439,339,33,45,45,70,70,70,70,85,85],"floor_reached":29,"campfire_rested":3,"playtime":840,"current_hp_per_floor":[74,73,73,75,75,75,75,75,75,75,53,48,48,48,72,69,80,80,80,80,80,49,73,55,40,40,65,33,0],"items_purged":[],"gold":85,"score":280,"play_id":"5b83d532-f5a1-45cd-a7f7-f104ced87eb7","local_time":"20180325203126","is_prod":false,"is_daily":false,"is_ascension_mode":false,"campfire_upgraded":2,"timestamp":1522024286,"path_taken":["M","M","M","M","?","R","M","E","T","?","E","M","R","M","R","BOSS","M","?","?","?","M","R","E","?","T","R","M","E"],"build_version":"2018-03-25","purchased_purges":0,"victory":false,"master_deck":["Strike_R","Strike_R","Strike_R","Strike_R","Strike_R","Defend_R","Defend_R","Defend_R","Defend_R","Bash+1","Flex","Clothesline","Clash","Demon Form+1","Flex","Heavy Blade+1","Clash","Anger","Shockwave","Limit Break","Sword Boomerang","J.A.X.","Headbutt","Shrug It Off","Apotheosis","Flex","Heavy Blade","Bloodletting","Infernal Blade+1"],"max_hp_per_floor":[80,80,80,80,80,80,80,80,80,80,80,80,80,80,80,80,80,80,80,80,80,80,80,80,85,85,85,85,85],"relics":["White Beast Statue","Bag of Marbles","Juzu Bracelet","Matryoshka","Velvet Choker","Pen Nib","Toxic Egg 2","Calipers"],"card_choices":[{"not_picked":["Infernal Blade","Heavy Blade"],"picked":"Flex","floor":1},{"not_picked":["Twin Strike","Second Wind"],"picked":"Clothesline","floor":2},{"not_picked":["Dropkick","Clothesline"],"picked":"Clash","floor":3},{"not_picked":["True Grit","Intimidate"],"picked":"Demon Form","floor":4},{"not_picked":["Twin Strike","Clothesline"],"picked":"Flex","floor":7},{"not_picked":["Combust","Rupture"],"picked":"Heavy Blade","floor":8},{"not_picked":["Clothesline","Fiend Fire"],"picked":"Clash","floor":11},{"not_picked":["True Grit","Flame Barrier"],"picked":"Anger","floor":12},{"not_picked":["Dropkick","Anger"],"picked":"Shockwave","floor":14},{"not_picked":["Berserk","Juggernaut"],"picked":"Limit Break","floor":16},{"not_picked":["Clothesline","Body Slam"],"picked":"Sword Boomerang","floor":18},{"not_picked":["Dropkick","Flex"],"picked":"Heavy Blade","floor":22},{"not_picked":["True Grit","Blood for Blood"],"picked":"Bloodletting","floor":24},{"not_picked":["Blood for Blood","Uppercut"],"picked":"Infernal Blade","floor":28}],"player_experience":6593,"potions_floor_usage":[4,7,8,8,11,14,16,18,22,22,28,28,29,29],"damage_taken":[{"damage":6,"enemies":"Jaw Worm","floor":1,"turns":6},{"damage":1,"enemies":"Cultist","floor":2,"turns":3},{"damage":0,"enemies":"Small Slimes","floor":3,"turns":3},{"damage":7,"enemies":"Looter","floor":4,"turns":4},{"damage":0,"enemies":"Large Slime","floor":7,"turns":4},{"damage":0,"enemies":"Gremlin Nob","floor":8,"turns":2},{"damage":22,"enemies":"3 Sentries","floor":11,"turns":4},{"damage":5,"enemies":"Exordium Thugs","floor":12,"turns":4},{"damage":0,"enemies":"Exordium Wildlife","floor":14,"turns":1},{"damage":3,"enemies":"Slime Boss","floor":16,"turns":5},{"damage":0,"enemies":"Spheric Guardian","floor":18,"turns":3},{"damage":31,"enemies":"3 Byrds","floor":22,"turns":4},{"damage":18,"enemies":"Book of Stabbing","floor":24,"turns":3},{"damage":38,"enemies":"Snake Plant","floor":28,"turns":3},{"damage":35,"enemies":"Slavers","floor":29,"turns":2}],"event_choices":[{"event_name":"Accursed Blacksmith","player_choice":"Forge","floor":5,"damage_taken":0},{"event_name":"Liars Game","player_choice":"disagreed","floor":10,"damage_taken":0},{"event_name":"Vampires","player_choice":"Ignored","floor":19,"damage_taken":0},{"event_name":"Drug Dealer","player_choice":"Got JAXXED","floor":20,"damage_taken":0},{"event_name":"Forgotten Altar","player_choice":"Shed Blood","floor":25,"damage_taken":0}],"boss_relics":[{"not_picked":["Runic Cube","Sozu"],"picked":"Velvet Choker"}],"potions_floor_spawned":[1,2,3,4,7,8,11,12,14,16,18,22,24,28],"seed_played":"6151542126231131993","killed_by":"Slavers","ascension_level":0,"is_trial":false}