{"gold_per_floor":[115,129,204,217,2,2,2,2,81,81,99,129,140,140,140,241,241,261,261,278,298,0,0,30,47,47,47,65,79,79,99,99,99],"floor_reached":33,"playtime":1564,"items_purged":[],"score":429,"play_id":"ebaabad5-b7cd-40fe-977f-7b0f72cda92a","local_time":"20180805183915","is_ascension_mode":true,"campfire_choices":[{"floor":6,"key":"REST"},{"data":"True Grit","floor":8,"key":"SMITH"},{"data":"Demon Form","floor":10,"key":"SMITH"},{"floor":15,"key":"REST"},{"floor":23,"key":"REST"},{"floor":27,"key":"REST"},{"floor":32,"key":"REST"}],"neow_cost":"NONE","seed_source_timestamp":1320732165940825,"circlet_count":0,"master_deck":["Strike_R","Strike_R","Defend_R","Defend_R","Defend_R","Defend_R","Bash","AscendersBane","Demon Form+1","True Grit+1","Whirlwind+1","Clothesline","Power Through+1","Shockwave","Headbutt","Exhume","Limit Break+1","Power Through+1","Fire Breathing+1","Shockwave+1","Heavy Blade+1","True Grit","Sword Boomerang+1","Power Through+1","Shrug It Off","Feel No Pain","Iron Wave+1","Power Through"],"relics":["Burning Blood","Happy Flower","Mummified Hand","Bottled Lightning","Thread and Needle","Astrolabe","Girya","Regal Pillow","Molten Egg 2","Pen Nib"],"potions_floor_usage":[12,28,29,31,33],"damage_taken":[{"damage":14,"enemies":"Jaw Worm","floor":1,"turns":5},{"damage":10,"enemies":"2 Louse","floor":2,"turns":4},{"damage":15,"enemies":"Cultist","floor":4,"turns":5},{"damage":0,"enemies":"Lots of Slimes","floor":11,"turns":1},{"damage":17,"enemies":"3 Sentries","floor":12,"turns":8},{"damage":26,"enemies":"Gremlin Gang","floor":13,"turns":6},{"damage":13,"enemies":"Slime Boss","floor":16,"turns":9},{"damage":15,"enemies":"Chosen","floor":18,"turns":7},{"damage":19,"enemies":"Spheric Guardian","floor":20,"turns":5},{"damage":9,"enemies":"Snecko","floor":21,"turns":5},{"damage":30,"enemies":"Slavers","floor":24,"turns":7},{"damage":18,"enemies":"Cultist and Chosen","floor":25,"turns":7},{"damage":22,"enemies":"Sentry and Sphere","floor":28,"turns":8},{"damage":52,"enemies":"Slaver and Parasite","floor":29,"turns":12},{"damage":2,"enemies":"3 Cultists","floor":31,"turns":4},{"damage":72,"enemies":"Automaton","floor":33,"turns":8}],"seed_played":"7085024777091259860","potions_obtained":[{"floor":1,"key":"Dexterity Potion"},{"floor":4,"key":"Regen Potion"},{"floor":12,"key":"FearPotion"},{"floor":24,"key":"Strength Potion"},{"floor":25,"key":"Explosive Potion"},{"floor":29,"key":"AttackPotion"},{"floor":31,"key":"Regen Potion"}],"is_trial":false,"path_per_floor":["M","M","?","M","$","R","T","R","T","R","M","E","M","?","R","B",null,"M","?","M","M","$","R","E","M","T","R","M","M","?","M","R"],"character_chosen":"IRONCLAD","items_purchased":["Happy Flower","Power Through","Girya"],"campfire_rested":5,"item_purchase_floors":[5,5,22],"current_hp_per_floor":[64,60,49,40,40,64,64,64,64,64,70,73,53,37,61,54,74,65,65,52,49,49,73,49,37,37,76,60,14,14,18,57,0],"gold":99,"neow_bonus":"ONE_RANDOM_RARE_CARD","is_prod":false,"is_daily":false,"chose_seed":false,"campfire_upgraded":2,"win_rate":0,"timestamp":1533508755,"path_taken":["M","M","?","M","?","R","?","R","T","R","M","E","M","?","R","BOSS","M","?","?","M","$","R","E","?","T","R","M","M","?","M","R","BOSS"],"build_version":"2018-08-01","purchased_purges":0,"victory":false,"max_hp_per_floor":[80,80,80,80,80,80,80,80,80,80,80,80,80,80,80,80,80,80,80,80,80,80,80,80,80,80,80,80,80,80,80,80,80],"card_choices":[{"not_picked":["Sentinel","Seeing Red"],"picked":"True Grit","floor":1},{"not_picked":["Havoc","Uppercut"],"picked":"Whirlwind","floor":2},{"not_picked":["Pommel Strike","Perfected Strike"],"picked":"Clothesline","floor":4},{"not_picked":["Seeing Red","Wild Strike"],"picked":"Shockwave","floor":11},{"not_picked":["True Grit","Warcry"],"picked":"Headbutt","floor":12},{"not_picked":["Iron Wave","Shockwave"],"picked":"Exhume","floor":13},{"not_picked":["Juggernaut","Barricade"],"picked":"Limit Break","floor":16},{"not_picked":["Corruption","Clothesline+1"],"picked":"Heavy Blade+1","floor":18},{"not_picked":["Clothesline","Twin Strike"],"picked":"True Grit","floor":20},{"not_picked":["Hemokinesis+1","Flex"],"picked":"Sword Boomerang+1","floor":21},{"not_picked":["Carnage+1","Clash+1"],"picked":"Power Through+1","floor":24},{"not_picked":["Spot Weakness","Power Through"],"picked":"Shrug It Off","floor":25},{"not_picked":["Blood for Blood+1","Headbutt+1"],"picked":"Feel No Pain","floor":28},{"not_picked":["Combust","Flex+1"],"picked":"Iron Wave+1","floor":29},{"not_picked":["Havoc","Twin Strike+1"],"picked":"Power Through","floor":31}],"player_experience":734112,"relics_obtained":[{"floor":7,"key":"Mummified Hand"},{"floor":9,"key":"Bottled Lightning"},{"floor":12,"key":"Thread and Needle"},{"floor":24,"key":"Regal Pillow"},{"floor":26,"key":"Molten Egg 2"}],"event_choices":[{"event_name":"World of Goop","player_choice":"Gather Gold","floor":3,"damage_taken":0},{"event_name":"Shining Light","player_choice":"Entered Light","floor":14,"damage_taken":0},{"event_name":"Upgrade Shrine","player_choice":"Upgraded","floor":19,"damage_taken":0},{"event_name":"The Mausoleum","player_choice":"Yes","floor":30,"damage_taken":0}],"is_beta":true,"boss_relics":[{"not_picked":["Orrery","Sozu"],"picked":"Astrolabe"}],"items_purged_floors":[],"is_endless":false,"potions_floor_spawned":[1,4,12,24,25,29,31],"killed_by":"Automaton","ascension_level":10}