{"gold_per_floor":[116,93,268,87,98,129,129,157,208,208,242,242,260,277,277,350,350,367,111,201,217,217,217,252,252,252,252,352,383,65,164,164,164],"floor_reached":33,"playtime":1177,"items_purged":["Doubt","Strike_R","Pain"],"score":547,"play_id":"4adb7367-e58c-4d42-8466-da7ae40b9e27","local_time":"20181228210716","is_ascension_mode":true,"campfire_choices":[{"data":"Clothesline","floor":7,"key":"SMITH"},{"data":"Flame Barrier","floor":10,"key":"SMITH"},{"data":"Shockwave","floor":12,"key":"SMITH"},{"data":"Bludgeon","floor":15,"key":"SMITH"},{"data":"Disarm","floor":23,"key":"SMITH"},{"floor":27,"key":"REST"},{"floor":32,"key":"REST"}],"neow_cost":"NONE","seed_source_timestamp":10256305367931,"circlet_count":0,"master_deck":["AscendersBane","Strike_R","Strike_R","Strike_R","Strike_R","Defend_R+1","Defend_R","Defend_R","Defend_R+1","Bash","Clothesline+1","Shrug It Off","Feel No Pain","Battle Trance","Cleave","Metallicize","Flame Barrier+1","Shockwave+1","True Grit","Bludgeon+1","Fiend Fire","Spot Weakness","Disarm+1","Offering","Flame Barrier","Shrug It Off","Dark Shackles"],"relics":["Burning Blood","NeowsBlessing","War Paint","Juzu Bracelet","Art of War","Incense Burner","Cursed Key","Membership Card","Ancient Tea Set","Shovel","Happy Flower","Frozen Egg 2","Gremlin Horn","PreservedInsect"],"potions_floor_usage":[11,21],"damage_taken":[{"damage":0,"enemies":"Jaw Worm","floor":1,"turns":1},{"damage":0,"enemies":"Small Slimes","floor":5,"turns":1},{"damage":0,"enemies":"Lagavulin","floor":6,"turns":1},{"damage":24,"enemies":"Gremlin Nob","floor":8,"turns":5},{"damage":13,"enemies":"Lagavulin","floor":11,"turns":6},{"damage":0,"enemies":"Cultist","floor":13,"turns":4},{"damage":5,"enemies":"Exordium Thugs","floor":14,"turns":6},{"damage":15,"enemies":"Slime Boss","floor":16,"turns":8},{"damage":0,"enemies":"3 Byrds","floor":18,"turns":3},{"damage":0,"enemies":"Shell Parasite","floor":21,"turns":4},{"damage":36,"enemies":"Slavers","floor":24,"turns":6},{"damage":31,"enemies":"Gremlin Leader","floor":29,"turns":6},{"damage":114,"enemies":"Automaton","floor":33,"turns":12}],"seed_played":"-3992862336473121322","potions_obtained":[{"floor":6,"key":"LiquidBronze"},{"floor":8,"key":"AttackPotion"},{"floor":16,"key":"EssenceOfSteel"}],"is_trial":false,"path_per_floor":["M","$","?","$","M","E","R","E","T","R","E","R","M","M","R","B",null,"M","$","?","M","?","R","E","T","T","R","?","E","$","?","R","B"],"character_chosen":"IRONCLAD","items_purchased":["Shrug It Off","Feel No Pain","Battle Trance","Membership Card","Shrug It Off","Gremlin Horn","PreservedInsect","Dark Shackles"],"campfire_rested":2,"item_purchase_floors":[2,4,4,19,30,30,30,30],"current_hp_per_floor":[74,74,74,74,75,75,75,57,57,57,50,50,56,57,57,48,68,74,74,60,66,66,66,36,36,36,58,58,33,33,33,55,0],"gold":164,"neow_bonus":"THREE_ENEMY_KILL","is_prod":false,"is_daily":false,"chose_seed":false,"campfire_upgraded":5,"win_rate":0,"timestamp":1546049236,"path_taken":["M","$","?","$","M","E","R","E","T","R","E","R","M","M","R","BOSS","M","$","?","M","?","R","E","?","T","R","?","E","?","?","R","BOSS"],"build_version":"2018-12-25","purchased_purges":3,"victory":false,"max_hp_per_floor":[75,75,75,75,75,75,75,75,75,75,75,75,75,75,75,75,75,75,75,75,75,75,75,75,75,75,75,75,75,75,75,75,75],"card_choices":[{"not_picked":["Flex","Headbutt"],"picked":"Clothesline","floor":1},{"not_picked":["Evolve","Headbutt"],"picked":"Cleave","floor":5},{"not_picked":["Perfected Strike","Sword Boomerang"],"picked":"Metallicize","floor":6},{"not_picked":["Heavy Blade","Clothesline"],"picked":"Flame Barrier","floor":8},{"not_picked":["Flex","Feel No Pain"],"picked":"Shockwave","floor":11},{"not_picked":["Intimidate","Headbutt"],"picked":"True Grit","floor":13},{"not_picked":["Pommel Strike","Intimidate"],"picked":"Bludgeon","floor":14},{"not_picked":["Limit Break","Bludgeon"],"picked":"Fiend Fire","floor":16},{"not_picked":["Thunderclap+1","Armaments"],"picked":"Spot Weakness","floor":18},{"not_picked":["Pummel","Warcry"],"picked":"Disarm","floor":21},{"not_picked":["Heavy Blade","Sever Soul"],"picked":"Offering","floor":24},{"not_picked":["Clothesline","Havoc+1"],"picked":"Flame Barrier","floor":29}],"player_experience":1053729,"relics_obtained":[{"floor":6,"key":"War Paint"},{"floor":8,"key":"Juzu Bracelet"},{"floor":9,"key":"Art of War"},{"floor":11,"key":"Incense Burner"},{"floor":24,"key":"Shovel"},{"floor":26,"key":"Happy Flower"},{"floor":29,"key":"Frozen Egg 2"}],"event_choices":[{"damage_healed":0,"gold_gain":175,"player_choice":"AGREE","damage_taken":0,"max_hp_gain":0,"max_hp_loss":0,"event_name":"Liars Game","floor":3,"gold_loss":0,"cards_obtained":["Doubt"]},{"damage_healed":0,"gold_gain":90,"player_choice":"GOLD ","damage_taken":14,"max_hp_gain":0,"max_hp_loss":0,"event_name":"Knowing Skull","floor":20,"potions_obtained":[],"gold_loss":0,"cards_obtained":[]},{"damage_healed":0,"gold_gain":0,"player_choice":"Gave Potion","damage_taken":0,"relics_obtained":["Ancient Tea Set"],"max_hp_gain":0,"max_hp_loss":0,"event_name":"WeMeetAgain","floor":22,"gold_loss":0},{"damage_healed":0,"gold_gain":100,"player_choice":"Pray","damage_taken":0,"max_hp_gain":0,"max_hp_loss":0,"event_name":"Golden Shrine","floor":28,"gold_loss":0},{"damage_healed":0,"gold_gain":99,"player_choice":"Stole From Cult","damage_taken":0,"max_hp_gain":0,"max_hp_loss":0,"event_name":"Nest","floor":31,"gold_loss":0}],"is_beta":true,"boss_relics":[{"not_picked":["Pandora\u0027s Box","Orrery"],"picked":"Cursed Key"}],"items_purged_floors":[4,19,30],"is_endless":false,"potions_floor_spawned":[6,8,16],"killed_by":"Automaton","ascension_level":14}