{"path_per_floor":["M","?","?","$","?","R","E","M","T","M","T","E","M","M","R","B",null,"M","M","M","?","?","R","E","?","T","M","E","R","?","M","R"],"character_chosen":"IRONCLAD","items_purchased":[],"gold_per_floor":[213,213,213,138,138,138,172,185,185,198,198,239,258,282,282,412,412,432,448,469,469,469,469,512,512,538,559,597,597,512,533,533],"floor_reached":33,"campfire_rested":4,"playtime":1541,"current_hp_per_floor":[80,80,80,80,80,80,70,73,73,79,79,54,39,45,69,10,80,65,32,39,39,39,78,11,11,11,20,21,64,64,47,91],"items_purged":["Injury"],"gold":533,"score":335,"play_id":"a0d84530-a3e0-4512-9eae-86b47a50286f","local_time":"20180305204121","is_prod":false,"is_daily":false,"is_ascension_mode":true,"campfire_upgraded":1,"timestamp":1520300481,"path_taken":["M","?","?","$","?","R","E","?","T","M","?","E","?","M","R","BOSS","M","M","?","?","?","R","E","?","T","M","E","R","?","M","R","BOSS"],"build_version":"2018-03-01-PROD1","purchased_purges":1,"victory":false,"master_deck":["Strike_R","Strike_R","Strike_R","Strike_R","Strike_R","Defend_R","Defend_R","Defend_R","Bash","Whirlwind+1","Rampage","Thunderclap","Headbutt","Shrug It Off","Headbutt","Feed","Shrug It Off","Flex","Headbutt+1","Battle Trance+1"],"max_hp_per_floor":[80,80,80,80,80,80,80,80,80,80,80,80,80,80,80,80,80,80,80,83,83,83,83,83,83,83,86,96,96,96,99,99],"relics":["Burning Blood","Golden Idol","Dream Catcher","Red Skull","Frozen Eye","Lantern","Orichalcum","Lizard Tail","Regal Pillow","Ancient Tea Set","Pen Nib","Pear","Toxic Egg 2"],"card_choices":[{"not_picked":["Havoc","Blood for Blood"],"picked":"Whirlwind"},{"not_picked":["Havoc","Iron Wave"],"picked":"Rampage"},{"not_picked":["Shrug It Off","True Grit"],"picked":"Thunderclap"},{"not_picked":["Heavy Blade","Pommel Strike"],"picked":"Headbutt"},{"not_picked":["Uppercut","Body Slam"],"picked":"Shrug It Off"},{"not_picked":["Havoc","Metallicize"],"picked":"Headbutt"},{"not_picked":["Fiend Fire","Brutality"],"picked":"Feed"},{"not_picked":["Armaments","Clash"],"picked":"Shrug It Off"},{"not_picked":["Reaper","Thunderclap"],"picked":"Flex"},{"not_picked":["Bloodletting","Anger"],"picked":"Headbutt"},{"not_picked":["Wild Strike","Anger"],"picked":"Battle Trance"}],"player_experience":414614,"potions_floor_usage":[7,12,16,27,33],"damage_taken":[{"damage":6,"enemies":"Jaw Worm","floor":1,"turns":3},{"damage":16,"enemies":"Gremlin Nob","floor":7,"turns":4},{"damage":3,"enemies":"Small Slimes","floor":8,"turns":3},{"damage":0,"enemies":"2 Louse","floor":10,"turns":1},{"damage":31,"enemies":"Lagavulin","floor":12,"turns":5},{"damage":21,"enemies":"Exordium Thugs","floor":13,"turns":4},{"damage":0,"enemies":"2 Fungi Beasts","floor":14,"turns":2},{"damage":65,"enemies":"Hexaghost","floor":16,"turns":10},{"damage":21,"enemies":"Shell Parasite","floor":18,"turns":5},{"damage":39,"enemies":"Spheric Guardian","floor":19,"turns":6},{"damage":2,"enemies":"Snecko","floor":20,"turns":3},{"damage":73,"enemies":"Gremlin Leader","floor":24,"turns":8},{"damage":0,"enemies":"Chosen and Byrds","floor":27,"turns":4},{"damage":68,"enemies":"Book of Stabbing","floor":28,"turns":6},{"damage":26,"enemies":"3 Cultists","floor":31,"turns":6},{"damage":100,"enemies":"Automaton","floor":33,"turns":10}],"event_choices":[{"event_name":"Golden Idol","player_choice":"Take Wound","floor":2,"damage_taken":0},{"event_name":"Wheel of Change","player_choice":"Relic","floor":3,"damage_taken":0},{"event_name":"Living Wall","player_choice":"Forget","floor":5,"damage_taken":0},{"event_name":"The Mausoleum","player_choice":"Yes","floor":21,"damage_taken":0},{"event_name":"Purifier","player_choice":"One Purge","floor":22,"damage_taken":0},{"event_name":"Drug Dealer","player_choice":"Ignored","floor":25,"damage_taken":0},{"event_name":"Addict","player_choice":"Obtained Relic","floor":30,"damage_taken":0}],"boss_relics":[{"not_picked":["Runic Cube","Runic Dome"],"picked":"Lizard Tail"}],"potions_floor_spawned":[1,7,8,20,31],"seed_played":"4366251571836165649","killed_by":"Automaton","ascension_level":1,"is_trial":false}