{"gold_per_floor":[117,132,149,149,163,163,163,163,187,218,19,48,48,67,67,167,167,177,177,177,177,192,192,217,217,292,322,322,347,361,386,386,485,485,508,620,176,194,249,280,280,310,310,337,337,364,364,364,364,364,364,364,1,31,31],"floor_reached":56,"playtime":2613,"items_purged":["Decay"],"score":1875,"play_id":"dbc3fc79-b22d-4b9e-b4f6-6040bff0c60e","local_time":"20190119134042","is_ascension_mode":true,"campfire_choices":[{"data":"Crippling Poison","floor":6.0,"key":"SMITH"},{"floor":8.0,"key":"DIG"},{"floor":13.0,"key":"DIG"},{"data":"Neutralize","floor":15.0,"key":"SMITH"},{"floor":23.0,"key":"DIG"},{"floor":25.0,"key":"DIG"},{"floor":28.0,"key":"DIG"},{"floor":32.0,"key":"DIG"},{"floor":41.0,"key":"DIG"},{"floor":45.0,"key":"DIG"},{"floor":47.0,"key":"DIG"},{"floor":49.0,"key":"RECALL"},{"data":"Wraith Form v2","floor":52.0,"key":"SMITH"}],"neow_cost":"PERCENT_DAMAGE","seed_source_timestamp":843611958859571,"circlet_count":0,"master_deck":["Defend_G","Defend_G","Defend_G","Defend_G","Defend_G","Survivor","Neutralize+1","Backstab","Crippling Poison+1","Dash","Slice+1","Footwork","Poisoned Stab","Deadly Poison","Crippling Poison+1","Corpse Explosion","Backstab","Bite","Bite","Bite","Bite","Bite","Noxious Fumes","Deflect+1","Night Terror","Masterful Stab","Wraith Form v2+1","Dagger Spray+1","Acrobatics+1","Well Laid Plans","Catalyst+1","Backflip+1","PiercingWail+1","Envenom","Blade Dance","Poisoned Stab"],"special_seed":0,"relics":["Ring of the Snake","Shovel","Bag of Preparation","Ancient Tea Set","Whetstone","Vajra","Darkstone Periapt","Meat on the Bone","Sozu","MutagenicStrength","Snake Skull","Happy Flower","Omamori","Gremlin Horn","Pen Nib","Incense Burner","Blood Vial","Centennial Puzzle","Ginger","Calling Bell","MawBank","Question Card","Peace Pipe","Nunchaku","OrangePellets","Tiny Chest","Orichalcum","Singing Bowl","Bronze Scales","Shuriken","Dream Catcher","Pear","Lantern","Pantograph","Mummified Hand","War Paint","Boot"],"potions_floor_usage":[],"damage_taken":[{"damage":0.0,"enemies":"Jaw Worm","floor":1.0,"turns":5.0},{"damage":0.0,"enemies":"Small Slimes","floor":2.0,"turns":2.0},{"damage":0.0,"enemies":"Cultist","floor":3.0,"turns":5.0},{"damage":0.0,"enemies":"Looter","floor":5.0,"turns":3.0},{"damage":10.0,"enemies":"Lagavulin","floor":10.0,"turns":10.0},{"damage":10.0,"enemies":"3 Sentries","floor":12.0,"turns":8.0},{"damage":0.0,"enemies":"2 Fungi Beasts","floor":14.0,"turns":1.0},{"damage":31.0,"enemies":"Slime Boss","floor":16.0,"turns":10.0},{"damage":0.0,"enemies":"Chosen","floor":18.0,"turns":3.0},{"damage":0.0,"enemies":"Shell Parasite","floor":22.0,"turns":3.0},{"damage":16.0,"enemies":"Gremlin Leader","floor":24.0,"turns":4.0},{"damage":0.0,"enemies":"Slavers","floor":27.0,"turns":1.0},{"damage":6.0,"enemies":"Gremlin Leader","floor":29.0,"turns":4.0},{"damage":0.0,"enemies":"Snecko","floor":30.0,"turns":3.0},{"damage":0.0,"enemies":"Slavers","floor":31.0,"turns":1.0},{"damage":26.0,"enemies":"Collector","floor":33.0,"turns":7.0},{"damage":0.0,"enemies":"3 Darklings","floor":35.0,"turns":3.0},{"damage":12.0,"enemies":"Mind Bloom Boss Battle","floor":36.0,"turns":6.0},{"damage":0.0,"enemies":"3 Shapes","floor":38.0,"turns":3.0},{"damage":5.0,"enemies":"Reptomancer","floor":40.0,"turns":6.0},{"damage":3.0,"enemies":"Giant Head","floor":42.0,"turns":6.0},{"damage":0.0,"enemies":"Nemesis","floor":46.0,"turns":5.0},{"damage":20.0,"enemies":"Time Eater","floor":50.0,"turns":12.0},{"damage":0.0,"enemies":"Shield and Spear","floor":54.0,"turns":4.0},{"damage":81,"enemies":"The Heart","floor":55,"turns":10}],"seed_played":"4252740774629441706","potions_obtained":[{"floor":2.0,"key":"GhostInAJar"},{"floor":3.0,"key":"Regen Potion"},{"floor":10.0,"key":"SteroidPotion"},{"floor":12.0,"key":"EssenceOfSteel"}],"is_trial":false,"path_per_floor":["M","M","M","?","M","R","?","R","T","E","$","E","R","M","R","B",null,"M","?","?","?","M","R","E","R","T","E","R","E","M","E","R","B",null,"M","?","$","M","T","E","R","E","T","T","R","E","R","T","R","B",null,"R","$","E","B",null],"character_chosen":"THE_SILENT","items_purchased":["Vajra","Poisoned Stab","Well Laid Plans","OrangePellets","Tiny Chest","Envenom","War Paint","Blade Dance","Poisoned Stab"],"campfire_rested":0,"item_purchase_floors":[11,11,37,37,37,53,53,53,53],"current_hp_per_floor":[45,45,45,50,50,50,50,50,50,40,40,45,45,45,45,26,63,63,52,52,52,52,52,40,40,40,42,42,50,52,52,52,36,54,58,52,52,56,56,57,57,60,60,60,70,70,70,70,70,66,69,69,69,72,19],"gold":31,"neow_bonus":"ONE_RARE_RELIC","is_prod":false,"is_daily":false,"chose_seed":false,"campfire_upgraded":3,"win_rate":0,"timestamp":1547923242,"path_taken":["M","M","M","?","M","R","?","R","T","E","$","E","R","M","R","BOSS","M","?","?","?","M","R","E","R","T","E","R","E","M","E","R","BOSS","M","?","$","M","?","E","R","E","T","?","R","E","R","?","R","BOSS","R","$","E","BOSS"],"build_version":"2019-01-17","purchased_purges":1,"victory":true,"max_hp_per_floor":[70,70,70,75,75,75,75,75,75,75,75,75,75,75,75,75,75,75,52,52,52,52,52,52,52,52,52,52,52,52,52,52,52,58,58,58,58,58,58,58,58,60,60,60,70,70,70,70,70,70,70,70,70,72,72],"card_choices":[{"not_picked":["Prepared","Deadly Poison"],"picked":"Backstab","floor":1.0},{"not_picked":["Backflip","Deadly Poison"],"picked":"Crippling Poison","floor":2.0},{"not_picked":["Outmaneuver","PiercingWail"],"picked":"Dash","floor":3.0},{"not_picked":["Unload","Escape Plan"],"picked":"Slice","floor":5.0},{"not_picked":["Backstab","Dodge and Roll"],"picked":"Footwork","floor":10.0},{"not_picked":["Setup","Bane"],"picked":"Deadly Poison","floor":12.0},{"not_picked":["Flying Knee","Sucker Punch"],"picked":"Crippling Poison","floor":14.0},{"not_picked":["Venomology","Tools of the Trade"],"picked":"Corpse Explosion","floor":16.0},{"not_picked":["Slice","Deadly Poison"],"picked":"Backstab","floor":18.0},{"not_picked":["Flying Knee","Underhanded Strike+1","Dodge and Roll"],"picked":"SKIP","floor":22.0},{"not_picked":["Poisoned Stab","Sucker Punch"],"picked":"Deflect","floor":24.0},{"not_picked":["Dagger Throw+1","Deadly Poison","Outmaneuver"],"picked":"SKIP","floor":27.0},{"not_picked":["Skewer","Acrobatics"],"picked":"Night Terror","floor":29.0},{"not_picked":["Poisoned Stab","Crippling Poison","Reflex"],"picked":"SKIP","floor":30.0},{"not_picked":["Slice","Choke"],"picked":"Masterful Stab","floor":31.0},{"not_picked":["Night Terror","Phantasmal Killer"],"picked":"Wraith Form v2","floor":33.0},{"not_picked":["Outmaneuver+1","Sucker Punch+1","Poisoned Stab"],"picked":"Dagger Spray+1","floor":35.0},{"not_picked":["Masterful Stab+1","All Out Attack+1","Slice+1"],"picked":"Acrobatics+1","floor":36.0},{"not_picked":["Escape Plan+1","Blade Dance+1","Masterful Stab+1"],"picked":"Catalyst+1","floor":38.0},{"not_picked":["PiercingWail","Dagger Throw","Dash+1"],"picked":"Backflip+1","floor":40.0},{"not_picked":["Blade Dance","Choke","Heel Hook+1","Masterful Stab"],"picked":"Singing Bowl","floor":42.0},{"not_picked":["Bane+1","Outmaneuver+1","Concentrate"],"picked":"PiercingWail+1","floor":46.0},{"not_picked":["Noxious Fumes+1","Dagger Spray","Riddle With Holes+1","Calculated Gamble"],"picked":"Singing Bowl","floor":54.0}],"player_experience":1278391,"relics_obtained":[{"floor":8.0,"key":"Bag of Preparation"},{"floor":9.0,"key":"Ancient Tea Set"},{"floor":10.0,"key":"Whetstone"},{"floor":12.0,"key":"Darkstone Periapt"},{"floor":13.0,"key":"Meat on the Bone"},{"floor":23.0,"key":"Snake Skull"},{"floor":24.0,"key":"Happy Flower"},{"floor":25.0,"key":"Omamori"},{"floor":26.0,"key":"Gremlin Horn"},{"floor":27.0,"key":"Pen Nib"},{"floor":28.0,"key":"Incense Burner"},{"floor":29.0,"key":"Blood Vial"},{"floor":31.0,"key":"Centennial Puzzle"},{"floor":32.0,"key":"Ginger"},{"floor":34.0,"key":"MawBank"},{"floor":34.0,"key":"Question Card"},{"floor":34.0,"key":"Peace Pipe"},{"floor":36.0,"key":"Nunchaku"},{"floor":39.0,"key":"Orichalcum"},{"floor":40.0,"key":"Singing Bowl"},{"floor":41.0,"key":"Bronze Scales"},{"floor":42.0,"key":"Shuriken"},{"floor":44.0,"key":"Dream Catcher"},{"floor":45.0,"key":"Pear"},{"floor":46.0,"key":"Lantern"},{"floor":47.0,"key":"Pantograph"},{"floor":48.0,"key":"Mummified Hand"},{"floor":54.0,"key":"Boot"}],"event_choices":[{"damage_healed":0.0,"max_hp_gain":5.0,"max_hp_loss":0.0,"gold_gain":0.0,"event_name":"Big Fish","player_choice":"Donut","floor":4.0,"gold_loss":0.0,"damage_taken":0.0},{"cards_removed":["Strike_G"],"damage_healed":0.0,"max_hp_gain":0.0,"max_hp_loss":0.0,"gold_gain":0.0,"event_name":"NoteForYourself","player_choice":"Took Card","floor":7.0,"gold_loss":0.0,"damage_taken":0.0,"cards_obtained":["Strike_R"]},{"damage_healed":0.0,"max_hp_gain":0.0,"max_hp_loss":23.0,"gold_gain":0.0,"event_name":"Vampires","player_choice":"Became a vampire","floor":19.0,"gold_loss":0.0,"damage_taken":0.0,"cards_obtained":["Bite","Bite","Bite","Bite","Bite"]},{"damage_healed":0.0,"max_hp_gain":0.0,"max_hp_loss":0.0,"gold_gain":0.0,"event_name":"Drug Dealer","player_choice":"Inject Mutagens","floor":20.0,"gold_loss":0.0,"damage_taken":0.0,"relics_obtained":["MutagenicStrength"]},{"damage_healed":0.0,"max_hp_gain":0.0,"max_hp_loss":0.0,"gold_gain":0.0,"event_name":"The Library","player_choice":"Read","floor":21.0,"gold_loss":0.0,"damage_taken":0.0,"cards_obtained":["Noxious Fumes"]},{"damage_healed":0.0,"max_hp_gain":0.0,"max_hp_loss":0.0,"gold_gain":0.0,"event_name":"MindBloom","player_choice":"Fight","floor":36.0,"gold_loss":0.0,"damage_taken":0.0}],"is_beta":true,"boss_relics":[{"not_picked":["Ectoplasm","Coffee Dripper"],"picked":"Sozu"},{"not_picked":["HoveringKite","Fusion Hammer"],"picked":"Calling Bell"}],"items_purged_floors":[37],"is_endless":false,"potions_floor_spawned":[2,3,10,12,27,31,36,38,40,54],"ascension_level":6}