{"path_per_floor":["M","$","?","M","?","E","R","M","T","R","?","M","$","E","R","B",null,"M","?","?","M","M","R","$","M","T","?","M","R","M","M","R"],"character_chosen":"DEFECT","items_purchased":["Sunder","Streamline","Happy Flower","Static Discharge","Vajra"],"gold_per_floor":[218,127,127,146,146,176,176,188,215,215,215,229,1,34,34,133,133,145,145,145,159,171,171,27,44,74,74,85,85,98,113,113,113],"floor_reached":33,"campfire_rested":3,"playtime":1209,"current_hp_per_floor":[74,74,74,74,74,44,66,73,73,73,73,66,66,39,61,41,75,67,67,37,37,37,37,37,37,37,37,23,34,39,39,39,0],"items_purged":[],"gold":113,"score":282,"play_id":"59d7fe5c-659d-4ab9-8393-735a289679ba","local_time":"20180429114044","is_prod":false,"is_daily":false,"chose_seed":false,"is_ascension_mode":false,"campfire_upgraded":3,"timestamp":1525016444,"path_taken":["M","$","?","M","?","E","R","M","T","R","?","?","$","E","R","BOSS","M","?","?","?","M","R","$","M","T","?","M","R","?","?","R","BOSS"],"build_version":"2018-04-27v3","seed_source_timestamp":1479214506905769,"purchased_purges":0,"victory":false,"master_deck":["Strike_B+1","Strike_B+1","Strike_B+1","Strike_B+1","Defend_B+1","Defend_B+1","Defend_B+1","Defend_B+1","Zap","Dualcast","Auto Shields","Sunder+1","Streamline","Decay","Beam Cell+1","Self Repair","Sweeping Beam","Double Energy","Static Discharge","Flux Capacitor","Prime","Blaster","Ghostly+1","Ghostly+1","Ghostly","Ghostly","Ghostly","Sunder","Auto Shields","Coolheaded","Cold Snap+1","Genetic Algorithm+1"],"max_hp_per_floor":[75,75,75,75,75,75,75,75,75,75,75,75,75,75,75,75,75,75,75,37,37,37,37,37,37,37,37,39,39,39,39,39,39],"relics":["Cracked Core","Singing Bowl","Blood Vial","Anchor","Happy Flower","Art of War","Sozu","Vajra","Tiny Chest"],"card_choices":[{"not_picked":["Axe Kick","Impulse"],"picked":"Auto Shields","floor":1},{"not_picked":["Skim","Turbo"],"picked":"Beam Cell","floor":4},{"not_picked":["Streamline","Blizzard"],"picked":"Self Repair","floor":6},{"not_picked":["Axe Kick","Blizzard"],"picked":"Sweeping Beam","floor":8},{"not_picked":["Leap","Impulse"],"picked":"Double Energy","floor":12},{"not_picked":["Sweeping Beam","Undo"],"picked":"Flux Capacitor","floor":14},{"not_picked":["Nova","Seek"],"picked":"Prime","floor":16},{"not_picked":["Skim","Scrape"],"picked":"Blaster","floor":18},{"not_picked":["Axe Kick","Steam Power"],"picked":"Sunder","floor":21},{"not_picked":["Rebound","Chaos"],"picked":"Auto Shields","floor":22},{"not_picked":["Skim","Scrape"],"picked":"Coolheaded","floor":25},{"not_picked":["Axe Kick","Auto Shields"],"picked":"Cold Snap","floor":30},{"not_picked":["Axe Kick","Recycle"],"picked":"Genetic Algorithm","floor":31}],"player_experience":322503,"potions_floor_usage":[16,16,22],"damage_taken":[{"damage":1,"enemies":"Cultist","floor":1,"turns":3},{"damage":0,"enemies":"2 Louse","floor":4,"turns":2},{"damage":30,"enemies":"Gremlin Nob","floor":6,"turns":4},{"damage":0,"enemies":"Small Slimes","floor":8,"turns":3},{"damage":16,"enemies":"3 Louse","floor":12,"turns":4},{"damage":36,"enemies":"Lagavulin","floor":14,"turns":5},{"damage":29,"enemies":"Hexaghost","floor":16,"turns":8},{"damage":15,"enemies":"3 Byrds","floor":18,"turns":5},{"damage":2,"enemies":"Shell Parasite","floor":21,"turns":6},{"damage":6,"enemies":"Chosen and Byrds","floor":22,"turns":7},{"damage":6,"enemies":"Cultist and Chosen","floor":25,"turns":8},{"damage":23,"enemies":"Sentry and Sphere","floor":28,"turns":6},{"damage":1,"enemies":"Slaver and Parasite","floor":30,"turns":7},{"damage":0,"enemies":"Cultist and Chosen","floor":31,"turns":6},{"damage":41,"enemies":"Automaton","floor":33,"turns":10}],"event_choices":[{"event_name":"Wheel of Change","player_choice":"Curse","floor":3,"damage_taken":0},{"event_name":"Upgrade Shrine","player_choice":"Upgraded","floor":5,"damage_taken":0},{"event_name":"Dead Adventurer","player_choice":"Searched \u00271\u0027 times","floor":11,"damage_taken":0},{"event_name":"Back to Basics","player_choice":"Simplicity","floor":19,"damage_taken":0},{"event_name":"Ghosts","player_choice":"Became a Ghost","floor":20,"damage_taken":0},{"event_name":"Beggar","player_choice":"Ignored","floor":27,"damage_taken":0}],"boss_relics":[{"not_picked":["Snecko Eye","White Beast Statue"],"picked":"Sozu"}],"potions_floor_spawned":[4,6,14,22,28],"seed_played":"-6331835299866212635","killed_by":"Automaton","ascension_level":0,"is_trial":false}