{"path_per_floor":["M","?","?","M","M","R","M","M","T","M","$","R","?","M","R","B",null,"M","M","$","?","?","R","M"],"character_chosen":"DEFECT","items_purchased":["Thunder Strike","Master of Strategy","Coolheaded"],"gold_per_floor":[116,116,116,129,149,149,165,180,203,214,76,76,138,152,152,257,257,272,287,65,65,65,65,78,78],"floor_reached":25,"campfire_rested":2,"playtime":846,"current_hp_per_floor":[75,75,80,80,77,77,72,68,68,67,67,67,56,6,30,21,80,55,54,54,54,54,78,21,0],"items_purged":[],"gold":78,"score":195,"play_id":"c2e18190-b59e-40f1-b97c-6e2ba8e40b93","local_time":"20180428134849","is_prod":false,"is_daily":false,"chose_seed":false,"is_ascension_mode":false,"campfire_upgraded":2,"timestamp":1524937729,"path_taken":["M","?","?","M","?","R","M","?","T","M","$","R","?","M","R","BOSS","M","?","$","?","?","R","M","M"],"build_version":"2018-04-27v3","seed_source_timestamp":1400852724152076,"purchased_purges":0,"victory":false,"master_deck":["Strike_B","Strike_B","Strike_B","Defend_B","Defend_B","Defend_B","Defend_B","Zap","Dualcast","Blaster","Rainbow+1","Ball Lightning","Leap","Streamline","Beam Cell","Stack","Thunder Strike+1","Genetic Algorithm","Buffer","Machine Learning","Go for the Eyes","Leap","Creative AI","Coolheaded","Conserve Battery","Barrage","Streamline","Master of Strategy","Coolheaded","Pain","Undo"],"max_hp_per_floor":[75,75,80,80,80,80,80,80,80,80,80,80,80,80,80,80,80,80,80,80,80,80,80,80,80],"relics":["Cracked Core","Bronze Scales","Ancient Tea Set","Orrery"],"card_choices":[{"not_picked":["Chill","Scrape"],"picked":"Blaster","floor":1},{"not_picked":["Skim","Axe Kick"],"picked":"Ball Lightning","floor":4},{"not_picked":["Storm","Force Field"],"picked":"Leap","floor":5},{"not_picked":["Skim","Blizzard"],"picked":"Streamline","floor":7},{"not_picked":["Streamline","Axe Kick"],"picked":"Beam Cell","floor":8},{"not_picked":["Ball Lightning","Skim"],"picked":"Stack","floor":10},{"not_picked":["Chaos","Hologram"],"picked":"Genetic Algorithm","floor":13},{"not_picked":["Leap","Conserve Battery"],"picked":"Buffer","floor":14},{"not_picked":["Thunder Strike","Meteor Strike"],"picked":"Machine Learning","floor":16},{"not_picked":["Axe Kick","Turbo"],"picked":"Go for the Eyes","floor":17},{"not_picked":["Axe Kick","Turbo"],"picked":"Leap","floor":17},{"not_picked":["Chaos","Go for the Eyes"],"picked":"Creative AI","floor":17},{"not_picked":["Flux Capacitor","Turbo"],"picked":"Coolheaded","floor":17},{"not_picked":["Rip and Tear","Hologram"],"picked":"Conserve Battery","floor":17},{"not_picked":["Darkness","Scrape"],"picked":"Barrage","floor":18},{"not_picked":["Undo","Stack"],"picked":"Streamline","floor":19},{"not_picked":["Ball Lightning","Sweeping Beam"],"picked":"Undo","floor":24}],"player_experience":310846,"potions_floor_usage":[16,16,16],"damage_taken":[{"damage":0,"enemies":"2 Louse","floor":1,"turns":2},{"damage":0,"enemies":"Cultist","floor":4,"turns":4},{"damage":3,"enemies":"Small Slimes","floor":5,"turns":3},{"damage":5,"enemies":"Blue Slaver","floor":7,"turns":4},{"damage":4,"enemies":"3 Louse","floor":8,"turns":3},{"damage":1,"enemies":"Looter","floor":10,"turns":3},{"damage":11,"enemies":"Gremlin Nob","floor":13,"turns":4},{"damage":50,"enemies":"Gremlin Gang","floor":14,"turns":3},{"damage":9,"enemies":"Slime Boss","floor":16,"turns":10},{"damage":25,"enemies":"3 Byrds","floor":18,"turns":3},{"damage":1,"enemies":"Chosen","floor":19,"turns":7},{"damage":57,"enemies":"Sentry and Sphere","floor":24,"turns":7},{"damage":22,"enemies":"Slaver and Parasite","floor":25,"turns":1}],"event_choices":[{"event_name":"Transmorgrifier","player_choice":"Transform","floor":2,"damage_taken":0},{"event_name":"Big Fish","player_choice":"Donut","floor":3,"damage_taken":0},{"event_name":"Dead Adventurer","player_choice":"Searched \u00271\u0027 times","floor":13,"damage_taken":0},{"event_name":"Addict","player_choice":"Ignored","floor":21,"damage_taken":0},{"event_name":"Match and Keep!","player_choice":"1 cards matched","floor":22,"damage_taken":0}],"boss_relics":[{"not_picked":["White Beast Statue","Runic Pyramid"],"picked":"Orrery"}],"potions_floor_spawned":[1,4,8,10],"seed_played":"1934151112391834796","killed_by":"Slaver and Parasite","ascension_level":0,"is_trial":false}