{"path_per_floor":["M","M","M","M","M","R","M","E","T","M","M","?","R","M","R","B",null,"M","M","?","?","M","R"],"character_chosen":"THE_SILENT","items_purchased":[],"gold_per_floor":[117,137,148,167,185,185,198,229,229,184,203,203,203,222,222,320,320,336,354,354,454,469,469],"floor_reached":24,"campfire_rested":2,"playtime":3516,"current_hp_per_floor":[70,66,66,60,57,57,41,40,40,37,22,22,43,43,64,38,70,70,62,62,62,48,48],"items_purged":[],"gold":469,"score":202,"play_id":"84636ae5-78b7-4b87-aa45-53e1465e82c3","is_prod":false,"is_daily":false,"is_ascension_mode":false,"campfire_upgraded":2,"path_taken":["M","M","M","M","M","R","M","E","T","M","M","?","R","M","R","BOSS","M","M","?","?","M","R","M"],"build_version":"2018-02-15-PROD1","purchased_purges":0,"victory":false,"master_deck":["Defend_G","Defend_G","Defend_G+1","Defend_G","Strike_G","Strike_G","Strike_G","Strike_G","Strike_G","Survivor","Neutralize","Bane","Acrobatics+1","Outmaneuver+1","Leg Sweep","Dodge and Roll","Footwork","Outmaneuver","Flying Knee+1","Noxious Fumes","After Image","Die Die Die","Backflip+1","Deadly Poison","Deadly Poison"],"max_hp_per_floor":[70,70,70,70,70,70,70,70,70,70,70,70,70,70,70,70,70,70,70,70,70,70,70],"relics":["Ring of the Snake","Omamori","War Paint","Ginger","Cursed Key"],"card_choices":[{"not_picked":["Expertise","Heel Hook"],"picked":"Bane"},{"not_picked":["Slice","Finisher"],"picked":"Acrobatics"},{"not_picked":["Flechettes","Acrobatics"],"picked":"Outmaneuver"},{"not_picked":["Masterful Stab","Tactician"],"picked":"Leg Sweep"},{"not_picked":["Dagger Throw","Dagger Spray"],"picked":"Dodge and Roll"},{"not_picked":["Leg Sweep","Flying Knee"],"picked":"Footwork"},{"not_picked":["Dagger Spray","Dodge and Roll"],"picked":"Outmaneuver"},{"not_picked":["Dodge and Roll","Outmaneuver"],"picked":"Flying Knee"},{"not_picked":["Bane","Acrobatics"],"picked":"Noxious Fumes"},{"not_picked":["Deadly Poison","Footwork"],"picked":"After Image"},{"not_picked":["Wraith Form","After Image"],"picked":"Die Die Die"},{"not_picked":["Quick Slash","Prepared"],"picked":"Backflip"},{"not_picked":["Quick Slash","Slice"],"picked":"Deadly Poison"},{"not_picked":["Predator","Backstab"],"picked":"Deadly Poison"}],"player_experience":67252,"potions_floor_usage":[8,10,11,16],"damage_taken":[{"damage":0,"enemies":"2 Louse","floor":1,"turns":3},{"damage":4,"enemies":"Cultist","floor":2,"turns":6},{"damage":0,"enemies":"Jaw Worm","floor":3,"turns":6},{"damage":6,"enemies":"Blue Slaver","floor":4,"turns":6},{"damage":3,"enemies":"Exordium Wildlife","floor":5,"turns":7},{"damage":16,"enemies":"Lots of Slimes","floor":7,"turns":7},{"damage":1,"enemies":"Lagavulin","floor":8,"turns":11},{"damage":3,"enemies":"Looter","floor":10,"turns":5},{"damage":15,"enemies":"Gremlin Gang","floor":11,"turns":6},{"damage":0,"enemies":"Large Slime","floor":14,"turns":5},{"damage":26,"enemies":"Hexaghost","floor":16,"turns":15},{"damage":0,"enemies":"3 Byrds","floor":18,"turns":4},{"damage":8,"enemies":"Spheric Guardian","floor":19,"turns":9},{"damage":14,"enemies":"Centurion and Healer","floor":22,"turns":8},{"damage":60,"enemies":"Cultist and Chosen","floor":24,"turns":8}],"event_choices":[{"event_name":"Purifier","player_choice":"One Purge","floor":12,"damage_taken":0},{"event_name":"Forgotten Altar","player_choice":"Smashed Altar","floor":20,"damage_taken":0},{"event_name":"Golden Shrine","player_choice":"Pray","floor":21,"damage_taken":0}],"boss_relics":[{"not_picked":["Snecko Eye","Ectoplasm"],"picked":"Cursed Key"}],"potions_floor_spawned":[3,4,7,11,22],"seed_played":"-8844631429040940054","killed_by":"Cultist and Chosen","ascension_level":0,"is_trial":false}