{"path_per_floor":["M","M","M","$","M","R","?","M","T","M","?","R","M","M","R","B",null,"M","$","?","M","M"],"character_chosen":"THE_SILENT","items_purchased":["Well Laid Plans","Acrobatics"],"gold_per_floor":[114,131,145,68,87,87,87,106,106,124,124,124,142,162,162,265,265,276,150,150,138,154],"floor_reached":23,"campfire_rested":0,"playtime":2387,"current_hp_per_floor":[70,70,70,70,70,70,70,65,65,62,62,62,53,53,53,53,70,70,70,57,52,19],"items_purged":["Strike_G"],"gold":154,"score":187,"play_id":"2bf386b2-778d-4262-aaa4-656ac1a4f883","is_prod":false,"is_daily":false,"is_ascension_mode":false,"campfire_upgraded":3,"path_taken":["M","M","M","?","M","R","?","M","T","M","?","R","M","M","R","BOSS","M","$","?","M","?","?"],"build_version":"2018-02-15-PROD1","purchased_purges":2,"victory":false,"master_deck":["Defend_G","Defend_G","Defend_G","Defend_G","Defend_G","Strike_G","Strike_G","Strike_G","Strike_G","Survivor","Neutralize+1","Backflip+1","Deflect+1","Poisoned Stab","Well Laid Plans","Wraith Form+1","Outmaneuver+1","Backflip+1","Slice","Acrobatics","Doppelganger","Outmaneuver+1","Acrobatics","Deflect","Backflip+1"],"max_hp_per_floor":[70,70,70,70,70,70,70,70,70,70,70,70,70,70,70,70,70,70,70,75,75,75],"relics":["Ring of the Snake","Sundial","Black Star"],"card_choices":[{"not_picked":["Underhanded Strike","Dagger Spray"],"picked":"Backflip"},{"not_picked":["Prepared","Underhanded Strike"],"picked":"Deflect"},{"not_picked":["Escape Plan","Noxious Fumes"],"picked":"Poisoned Stab"},{"not_picked":["Deflect","Terror"],"picked":"Wraith Form"},{"not_picked":["Leg Sweep","Backflip"],"picked":"Outmaneuver"},{"not_picked":["Quick Slash","PiercingWail"],"picked":"Backflip"},{"not_picked":["Underhanded Strike","Outmaneuver"],"picked":"Slice"},{"not_picked":["Dodge and Roll","Deflect"],"picked":"Acrobatics"},{"not_picked":["Tactician","Tools of the Trade"],"picked":"Doppelganger"},{"not_picked":["Backflip","Escape Plan"],"picked":"Outmaneuver"},{"not_picked":["Predator","Dagger Throw"],"picked":"Deflect"},{"not_picked":["Dagger Spray","Deflect"],"picked":"Backflip"}],"player_experience":94093,"potions_floor_usage":[16,18,18,22],"damage_taken":[{"damage":0,"enemies":"Cultist","floor":1,"turns":3},{"damage":0,"enemies":"Small Slimes","floor":2,"turns":4},{"damage":0,"enemies":"2 Louse","floor":3,"turns":4},{"damage":0,"enemies":"Red Slaver","floor":5,"turns":4},{"damage":5,"enemies":"Large Slime","floor":8,"turns":6},{"damage":3,"enemies":"Looter","floor":10,"turns":4},{"damage":9,"enemies":"3 Louse","floor":13,"turns":4},{"damage":0,"enemies":"Blue Slaver","floor":14,"turns":4},{"damage":9,"enemies":"Slime Boss","floor":16,"turns":11},{"damage":0,"enemies":"3 Byrds","floor":18,"turns":5},{"damage":5,"enemies":"2 Thieves","floor":21,"turns":4},{"damage":33,"enemies":"Cultist and Chosen","floor":22,"turns":8},{"damage":19,"enemies":"Chosen and Byrds","floor":23,"turns":2}],"event_choices":[{"event_name":"Living Wall","player_choice":"Grow","floor":7,"damage_taken":0},{"event_name":"Accursed Blacksmith","player_choice":"Forge","floor":11,"damage_taken":0},{"event_name":"Forgotten Altar","player_choice":"Shed Blood","floor":20,"damage_taken":0}],"boss_relics":[{"not_picked":["Runic Dome","Tiny House"],"picked":"Black Star"}],"potions_floor_spawned":[3,13,16,21],"seed_played":"4154175267570660497","killed_by":"Chosen and Byrds","ascension_level":0,"is_trial":false}