{"gold_per_floor":[115,129,204,217,0,0,0,0,79,79,97,97,97],"floor_reached":13,"playtime":318,"items_purged":[],"score":110,"play_id":"35f4f065-149e-4c6e-b0aa-498c78550a2b","local_time":"20180805184501","is_ascension_mode":true,"campfire_choices":[{"data":"True Grit","floor":6,"key":"SMITH"},{"data":"Clothesline","floor":8,"key":"SMITH"},{"data":"Bash","floor":10,"key":"SMITH"}],"neow_cost":"NONE","seed_source_timestamp":1320732165940825,"circlet_count":0,"master_deck":["Strike_R","Strike_R","Strike_R","Strike_R","Strike_R","Defend_R","Defend_R","Defend_R","Defend_R","Bash+1","AscendersBane","Demon Form","True Grit+1","Inflame","Clothesline+1","Power Through","Rampage"],"relics":["Burning Blood","Happy Flower","Mummified Hand","Bottled Lightning"],"potions_floor_usage":[13],"damage_taken":[{"damage":24,"enemies":"Jaw Worm","floor":1,"turns":5},{"damage":10,"enemies":"2 Louse","floor":2,"turns":4},{"damage":4,"enemies":"Cultist","floor":4,"turns":5},{"damage":25,"enemies":"Lots of Slimes","floor":11,"turns":6},{"damage":31,"enemies":"Gremlin Gang","floor":13,"turns":2}],"seed_played":"7085024777091259860","potions_obtained":[{"floor":1,"key":"Dexterity Potion"},{"floor":4,"key":"Regen Potion"}],"is_trial":false,"path_per_floor":["M","M","?","M","$","R","T","R","T","R","M","?"],"character_chosen":"IRONCLAD","items_purchased":["Happy Flower","Power Through"],"campfire_rested":0,"item_purchase_floors":[5,5],"current_hp_per_floor":[54,50,39,41,41,41,41,41,41,41,22,22,0],"gold":97,"neow_bonus":"ONE_RANDOM_RARE_CARD","is_prod":false,"is_daily":false,"chose_seed":true,"campfire_upgraded":3,"win_rate":0,"timestamp":1533509101,"path_taken":["M","M","?","M","?","R","?","R","T","R","M","?","M"],"build_version":"2018-08-01","purchased_purges":0,"victory":false,"max_hp_per_floor":[80,80,80,80,80,80,80,80,80,80,80,80,80],"card_choices":[{"not_picked":["Sentinel","Seeing Red"],"picked":"True Grit","floor":1},{"not_picked":["Infernal Blade","Fire Breathing"],"picked":"Inflame","floor":2},{"not_picked":["Heavy Blade","True Grit"],"picked":"Clothesline","floor":4},{"not_picked":["Seeing Red","Wild Strike"],"picked":"Rampage","floor":11}],"player_experience":735676,"relics_obtained":[{"floor":7,"key":"Mummified Hand"},{"floor":9,"key":"Bottled Lightning"}],"event_choices":[{"event_name":"World of Goop","player_choice":"Gather Gold","floor":3,"damage_taken":0},{"event_name":"Shining Light","player_choice":"Ignored","floor":12,"damage_taken":0}],"is_beta":true,"boss_relics":[],"items_purged_floors":[],"is_endless":false,"potions_floor_spawned":[1,4],"killed_by":"Gremlin Gang","ascension_level":10}