{"gold_per_floor":[116,129,204,204,215,215,245,262,262,262,27,71,90,130,142,245,257,290,302,132,7,23,23,54,104,104,104,147,147,147],"floor_reached":30,"playtime":1526,"items_purged":["Strike_R","Strike_R","Strike_R"],"score":618,"play_id":"28b3d9e3-ed62-4268-a8b4-e15188e319cf","local_time":"20190119102622","is_ascension_mode":true,"campfire_choices":[{"data":"Carnage","floor":6.0,"key":"SMITH"},{"data":"True Grit","floor":15.0,"key":"SMITH"},{"data":"Armaments","floor":23.0,"key":"SMITH"},{"floor":27.0,"key":"REST"}],"neow_cost":"NONE","seed_source_timestamp":219282150895972,"circlet_count":0,"master_deck":["AscendersBane","Strike_R","Defend_R","Defend_R","Defend_R","Defend_R","Bash+1","Twin Strike","Carnage+1","Anger","True Grit+1","Corruption","Bludgeon","Juggernaut","Shrug It Off","Armaments+1","Immolate","Ghostly","Ghostly","Ghostly"],"special_seed":0,"relics":["Burning Blood","Art of War","Matryoshka","Golden Idol","Pen Nib","Peace Pipe","MawBank","Velvet Choker","Bottled Lightning","Vajra","Bird Faced Urn","Smiling Mask"],"potions_floor_usage":[],"damage_taken":[{"damage":6.0,"enemies":"2 Louse","floor":1.0,"turns":4.0},{"damage":7.0,"enemies":"Jaw Worm","floor":2.0,"turns":3.0},{"damage":7.0,"enemies":"Small Slimes","floor":5.0,"turns":3.0},{"damage":8.0,"enemies":"Gremlin Nob","floor":7.0,"turns":3.0},{"damage":5.0,"enemies":"2 Fungi Beasts","floor":8.0,"turns":5.0},{"damage":28.0,"enemies":"3 Sentries","floor":12.0,"turns":9.0},{"damage":1.0,"enemies":"Exordium Thugs","floor":13.0,"turns":3.0},{"damage":0.0,"enemies":"Lagavulin","floor":14.0,"turns":4.0},{"damage":28.0,"enemies":"Slime Boss","floor":16.0,"turns":7.0},{"damage":28.0,"enemies":"2 Thieves","floor":18.0,"turns":4.0},{"damage":7.0,"enemies":"Spheric Guardian","floor":22.0,"turns":5.0},{"damage":60.0,"enemies":"Book of Stabbing","floor":24.0,"turns":5.0},{"damage":40,"enemies":"Gremlin Leader","floor":28,"turns":5},{"damage":16,"enemies":"Book of Stabbing","floor":30,"turns":4}],"seed_played":"-8719663538365394090","potions_obtained":[{"floor":1.0,"key":"Weak Potion"},{"floor":5.0,"key":"BloodPotion"},{"floor":12.0,"key":"SneckoOil"},{"floor":14.0,"key":"Fire Potion"},{"floor":22.0,"key":"Dexterity Potion"},{"floor":28,"key":"SpeedPotion"}],"is_trial":false,"path_per_floor":["M","M","?","?","M","R","E","M","T","?","$","E","M","E","R","B",null,"M","?","$","$","M","R","E","?","T","R","E","?","E"],"character_chosen":"IRONCLAD","items_purchased":["Pen Nib","Shrug It Off","Armaments"],"campfire_rested":1,"item_purchase_floors":[11,20,20],"current_hp_per_floor":[68,67,56,49,48,48,53,58,58,58,58,36,41,47,47,25,57,45,78,78,78,77,77,23,23,23,46,12,12,0],"gold":147,"neow_bonus":"UPGRADE_CARD","is_prod":false,"is_daily":false,"chose_seed":false,"campfire_upgraded":3,"win_rate":0,"timestamp":1547922382,"path_taken":["M","M","?","?","M","R","E","M","T","?","$","E","M","E","R","BOSS","M","?","?","$","M","R","E","?","T","R","E","?","E"],"build_version":"2019-01-17","purchased_purges":3,"victory":false,"max_hp_per_floor":[75,75,75,75,75,75,75,75,75,68,68,68,68,68,68,68,68,68,78,78,78,78,78,78,78,78,78,78,39,39],"card_choices":[{"not_picked":["Ghostly Armor","Flex"],"picked":"Twin Strike","floor":1.0},{"not_picked":["Iron Wave","Clash"],"picked":"Carnage","floor":2.0},{"not_picked":["Clash","Ghostly Armor"],"picked":"Anger","floor":5.0},{"not_picked":["Armaments","Shrug It Off"],"picked":"Reaper","floor":7.0},{"not_picked":["Rupture","Clothesline"],"picked":"True Grit","floor":8.0},{"not_picked":["Flex","Cleave"],"picked":"Corruption","floor":12.0},{"not_picked":["Dual Wield","Havoc"],"picked":"Bludgeon","floor":13.0},{"not_picked":["Wild Strike","Dropkick","Infernal Blade"],"picked":"SKIP","floor":14.0},{"not_picked":["Brutality","Limit Break"],"picked":"Juggernaut","floor":16.0},{"not_picked":["Sever Soul","Rampage","Sword Boomerang"],"picked":"SKIP","floor":18.0},{"not_picked":["Twin Strike+1","Perfected Strike","Clash"],"picked":"SKIP","floor":22.0},{"not_picked":["Uppercut","Warcry","Clash"],"picked":"SKIP","floor":24.0},{"not_picked":["Headbutt","Heavy Blade+1"],"picked":"Immolate","floor":28}],"player_experience":1259734,"relics_obtained":[{"floor":7.0,"key":"Art of War"},{"floor":9.0,"key":"Matryoshka"},{"floor":12.0,"key":"Peace Pipe"},{"floor":14.0,"key":"MawBank"},{"floor":24.0,"key":"Bottled Lightning"},{"floor":26.0,"key":"Vajra"},{"floor":26.0,"key":"Bird Faced Urn"},{"floor":28,"key":"Smiling Mask"}],"event_choices":[{"damage_healed":0.0,"max_hp_gain":0.0,"max_hp_loss":0.0,"gold_gain":75.0,"event_name":"World of Goop","player_choice":"Gather Gold","floor":3.0,"gold_loss":0.0,"damage_taken":11.0},{"cards_removed":["Strike_R"],"damage_healed":0.0,"max_hp_gain":0.0,"max_hp_loss":0.0,"gold_gain":0.0,"event_name":"Golden Wing","player_choice":"Card Removal","floor":4.0,"gold_loss":0.0,"damage_taken":7.0},{"damage_healed":0.0,"max_hp_gain":0.0,"max_hp_loss":7.0,"gold_gain":0.0,"event_name":"Golden Idol","player_choice":"Lose Max HP","floor":10.0,"gold_loss":0.0,"damage_taken":0.0,"relics_obtained":["Golden Idol"]},{"cards_removed":["Reaper"],"damage_healed":23.0,"max_hp_gain":10.0,"max_hp_loss":0.0,"gold_gain":0.0,"event_name":"Bonfire Elementals","player_choice":"Offered Rare","floor":19.0,"gold_loss":0.0,"damage_taken":0.0},{"damage_healed":0.0,"max_hp_gain":0.0,"max_hp_loss":0.0,"gold_gain":50.0,"event_name":"Nest","player_choice":"Stole From Cult","floor":25.0,"gold_loss":0.0,"damage_taken":0.0},{"damage_healed":0,"gold_gain":0,"player_choice":"Became a Ghost","damage_taken":0,"max_hp_gain":0,"max_hp_loss":39,"event_name":"Ghosts","floor":29,"gold_loss":0,"cards_obtained":["Ghostly","Ghostly","Ghostly"]}],"is_beta":true,"boss_relics":[{"not_picked":["Orrery","Eternal Feather"],"picked":"Velvet Choker"}],"items_purged_floors":[11,20,21],"is_endless":false,"potions_floor_spawned":[1,5,12,14,22,28],"killed_by":"Book of Stabbing","ascension_level":20}