{"gold_per_floor":[129,216,238,264,31,51,51,61,61,61,71,95,95,60,60,60],"floor_reached":16,"playtime":581,"items_purged":[],"score":156,"play_id":"ad0d0d9a-eb9b-4aca-960a-2da4c8ef8daa","local_time":"20180908191058","is_ascension_mode":true,"campfire_choices":[{"floor":7,"key":"REST"},{"floor":10,"key":"REST"},{"floor":15,"key":"REST"}],"neow_cost":"NONE","seed_source_timestamp":1841957185021364,"circlet_count":0,"master_deck":["Defend_G","Defend_G","Defend_G","Defend_G","Defend_G","Strike_G","Strike_G","Strike_G","Strike_G","Survivor","Neutralize","AscendersBane","Flying Knee","Deadly Poison","Catalyst","Glass Knife","Footwork","Cloak And Dagger","Sucker Punch","Deadly Poison","Dagger Spray","Masterful Stab"],"relics":["Ring of the Snake","MawBank","Bottled Tornado","Odd Mushroom"],"potions_floor_usage":[11,16],"damage_taken":[{"damage":0,"enemies":"2 Louse","floor":1,"turns":3},{"damage":3,"enemies":"Small Slimes","floor":3,"turns":4},{"damage":2,"enemies":"Jaw Worm","floor":4,"turns":4},{"damage":26,"enemies":"Exordium Thugs","floor":6,"turns":5},{"damage":14,"enemies":"Lots of Slimes","floor":8,"turns":4},{"damage":14,"enemies":"Exordium Wildlife","floor":11,"turns":5},{"damage":12,"enemies":"The Mushroom Lair","floor":12,"turns":5},{"damage":50,"enemies":"Slime Boss","floor":16,"turns":10}],"seed_played":"-7696582762900481037","potions_obtained":[{"floor":4,"key":"FearPotion"},{"floor":8,"key":"AttackPotion"}],"is_trial":false,"path_per_floor":["M","?","M","M","$","M","R","M","T","R","M","?","?","?","R"],"character_chosen":"THE_SILENT","items_purchased":["Glass Knife","Footwork","Cloak And Dagger"],"campfire_rested":3,"item_purchase_floors":[5,5,5],"current_hp_per_floor":[59,48,45,43,43,17,36,22,22,41,27,15,15,31,50,0],"gold":60,"neow_bonus":"RANDOM_COMMON_RELIC","is_prod":false,"is_daily":false,"chose_seed":false,"campfire_upgraded":0,"win_rate":0,"timestamp":1536448258,"path_taken":["M","?","M","M","?","?","R","M","T","R","M","?","?","?","R","BOSS"],"build_version":"2018-09-06","purchased_purges":0,"victory":false,"max_hp_per_floor":[66,66,66,66,66,66,66,66,66,66,66,66,66,66,66,66],"card_choices":[{"not_picked":["Eviscerate","Concentrate"],"picked":"Flying Knee","floor":1},{"not_picked":["Blade Dance","Flying Knee"],"picked":"Deadly Poison","floor":3},{"not_picked":["Bane","All Out Attack"],"picked":"Catalyst","floor":4},{"not_picked":["Deflect","Underhanded Strike"],"picked":"Sucker Punch","floor":6},{"not_picked":["Caltrops","Acrobatics"],"picked":"Deadly Poison","floor":8},{"not_picked":["Flechettes","Dodge and Roll"],"picked":"Dagger Spray","floor":11},{"not_picked":["Accuracy","Well Laid Plans"],"picked":"Masterful Stab","floor":12}],"player_experience":860079,"relics_obtained":[{"floor":9,"key":"Bottled Tornado"},{"floor":12,"key":"Odd Mushroom"}],"event_choices":[{"event_name":"World of Goop","player_choice":"Gather Gold","floor":2,"damage_taken":0},{"event_name":"Mushrooms","player_choice":"Fought Mushrooms","floor":12,"damage_taken":0},{"event_name":"Bonfire Elementals","player_choice":"BASIC","floor":13,"damage_taken":0},{"event_name":"The Cleric","player_choice":"Healed","floor":14,"damage_taken":0}],"is_beta":true,"boss_relics":[],"items_purged_floors":[],"is_endless":false,"potions_floor_spawned":[4,8],"killed_by":"Slime Boss","ascension_level":14}