{"gold_per_floor":[111,123,141,66,76,107,107,140,140,160,180,180,180,180,180,304,304,322,247,247,271,271,271,296,296],"floor_reached":25,"playtime":1328,"items_purged":["Parasite"],"score":232,"play_id":"0f3adcac-1eb7-4ba5-af4b-7ac07825b16b","local_time":"20180713171142","is_ascension_mode":true,"campfire_choices":[{"floor":7,"key":"REST"},{"floor":12,"key":"REST"},{"floor":15,"key":"REST"},{"floor":23,"key":"REST"}],"neow_cost":"CURSE","seed_source_timestamp":0,"circlet_count":0,"master_deck":["Strike_B","Strike_B","Strike_B","Defend_B","Defend_B","Defend_B","Defend_B","Zap","Dualcast","Creative AI","Rip and Tear","Cold Snap","Leap","Redo","Turbo","Cold Snap","Conserve Battery","Double Energy","Cold Snap","Buffer","Gash","Compile Driver+1","Writhe","Gash+1"],"special_seed":17725,"relics":["Cracked Core","Regal Pillow","Bag of Preparation","Shuriken","Odd Mushroom","Golden Idol","Cursed Key","Matryoshka"],"potions_floor_usage":[5,10,16,21,24],"damage_taken":[{"damage":8,"enemies":"2 Louse","floor":1,"turns":3},{"damage":13,"enemies":"Jaw Worm","floor":2,"turns":4},{"damage":0,"enemies":"Cultist","floor":3,"turns":2},{"damage":13,"enemies":"Large Slime","floor":5,"turns":5},{"damage":25,"enemies":"Lagavulin","floor":6,"turns":6},{"damage":25,"enemies":"Gremlin Nob","floor":8,"turns":4},{"damage":5,"floor":10,"turns":6},{"damage":0,"enemies":"2 Fungi Beasts","floor":11,"turns":3},{"damage":31,"enemies":"Hexaghost","floor":16,"turns":15},{"damage":7,"enemies":"Shell Parasite","floor":18,"turns":9},{"damage":48,"enemies":"3 Byrds","floor":21,"turns":8},{"damage":14,"enemies":"Sentry and Sphere","floor":24,"turns":8},{"damage":51,"enemies":"Gremlin Leader","floor":25,"turns":5}],"seed_played":"5986081896675769642","potions_obtained":[{"floor":1,"key":"Ancient Potion"},{"floor":2,"key":"Weak Potion"},{"floor":8,"key":"AttackPotion"},{"floor":10,"key":"Ancient Potion"},{"floor":11,"key":"SteroidPotion"},{"floor":16,"key":"Fruit Juice"},{"floor":21,"key":"FocusPotion"}],"is_trial":false,"path_per_floor":["M","M","M","$","M","E","R","E","T","?","M","R","?","?","R","B",null,"M","?","?","M","?","R","M"],"character_chosen":"DEFECT","items_purchased":[],"campfire_rested":4,"item_purchase_floors":[],"current_hp_per_floor":[67,54,54,54,41,16,52,27,27,22,22,58,58,58,72,41,72,65,65,65,22,22,60,46,0],"gold":296,"neow_bonus":"THREE_RARE_CARDS","is_prod":false,"is_daily":false,"chose_seed":false,"campfire_upgraded":0,"win_rate":0,"timestamp":1531516302,"path_taken":["M","M","M","$","M","E","R","E","T","?","M","R","?","?","R","BOSS","M","?","?","M","?","R","M","E"],"build_version":"2018-07-12","purchased_purges":1,"victory":false,"max_hp_per_floor":[75,75,75,72,72,72,72,72,72,72,72,72,72,72,72,72,72,72,72,72,77,77,77,77,77],"card_choices":[{"not_picked":["Reboot","Fission"],"picked":"Creative AI","floor":0},{"not_picked":["Redo","Steam Power"],"picked":"Rip and Tear","floor":1},{"not_picked":["Steam Power","Compile Driver"],"picked":"Cold Snap","floor":2},{"not_picked":["Static Discharge","Redo"],"picked":"Leap","floor":3},{"not_picked":["Hello World","Thunder Strike"],"picked":"Redo","floor":5},{"not_picked":["Gash","Hyperbeam"],"picked":"Turbo","floor":6},{"not_picked":["Steam Power","Beam Cell"],"picked":"Cold Snap","floor":8},{"not_picked":["Streamline","Compile Driver"],"picked":"Conserve Battery","floor":10},{"not_picked":["Compile Driver","Chaos"],"picked":"Double Energy","floor":11},{"not_picked":["Multi-Cast","Rainbow"],"picked":"Buffer","floor":16},{"not_picked":["Stack+1","Ball Lightning"],"picked":"Gash","floor":18},{"not_picked":["Cold Snap","Beam Cell"],"picked":"Compile Driver+1","floor":21},{"not_picked":["Reinforced Body","Chaos"],"picked":"Gash+1","floor":24}],"player_experience":550502,"relics_obtained":[{"floor":6,"key":"Regal Pillow"},{"floor":8,"key":"Bag of Preparation"},{"floor":9,"key":"Shuriken"},{"floor":10,"key":"Odd Mushroom"}],"event_choices":[{"event_name":"Mushrooms","player_choice":"Fought Mushrooms","floor":10,"damage_taken":0},{"event_name":"Golden Idol","player_choice":"Take Wound","floor":13,"damage_taken":0},{"event_name":"Match and Keep!","player_choice":"1 cards matched","floor":14,"damage_taken":0},{"event_name":"Beggar","player_choice":"Gave Gold","floor":19,"damage_taken":0},{"event_name":"Back to Basics","player_choice":"Elegance","floor":20,"damage_taken":0},{"event_name":"The Mausoleum","player_choice":"Yes","floor":22,"damage_taken":0}],"boss_relics":[{"not_picked":["Fusion Hammer","Ectoplasm"],"picked":"Cursed Key"}],"items_purged_floors":[4],"is_endless":false,"potions_floor_spawned":[1,2,8,10,11,16,21],"killed_by":"Gremlin Leader","ascension_level":2}