{"gold_per_floor":[114,133,146,172,63,63,77,77,77,102,6,16,26,43,43,140,140,126,41,61,0,0],"floor_reached":22,"playtime":867,"items_purged":[],"score":267,"play_id":"43fa5bdb-7e89-4e9e-ba69-3502e35fae3d","local_time":"20180918202110","is_ascension_mode":true,"campfire_choices":[{"data":"Cold Snap","floor":6,"key":"SMITH"},{"data":"Buffer","floor":8,"key":"SMITH"},{"floor":15,"key":"REST"}],"neow_cost":"NONE","seed_source_timestamp":186520216833667,"circlet_count":0,"master_deck":["Strike_B","Strike_B","Strike_B","Strike_B","Defend_B","Defend_B","Defend_B","Defend_B","Zap","Dualcast","AscendersBane","Barrage","Capacitor","Cold Snap+1","Doom and Gloom","Self Repair","Buffer+1","Coolheaded","Conserve Battery","Melter","Machine Learning","Self Repair","Coolheaded","Rainbow","Self Repair","Defragment","Cold Snap","Hologram","Undo","Capacitor","Ball Lightning"],"relics":["Cracked Core","Orichalcum","Art of War","Ornamental Fan","Odd Mushroom","Orrery","Bag of Preparation"],"potions_floor_usage":[16],"damage_taken":[{"damage":0,"enemies":"Cultist","floor":1,"turns":3},{"damage":4,"enemies":"Small Slimes","floor":2,"turns":3},{"damage":7,"enemies":"Jaw Worm","floor":3,"turns":3},{"damage":10,"enemies":"Looter","floor":7,"turns":3},{"damage":24,"enemies":"The Mushroom Lair","floor":10,"turns":4},{"damage":10,"enemies":"Large Slime","floor":12,"turns":6},{"damage":7,"enemies":"Blue Slaver","floor":13,"turns":3},{"damage":14,"enemies":"3 Louse","floor":14,"turns":3},{"damage":37,"enemies":"Hexaghost","floor":16,"turns":11},{"damage":29,"enemies":"2 Thieves","floor":18,"turns":4},{"damage":17,"enemies":"Chosen","floor":20,"turns":7},{"damage":40,"enemies":"Snake Plant","floor":22,"turns":4}],"seed_played":"-8898197953152162848","potions_obtained":[{"floor":3,"key":"Strength Potion"},{"floor":7,"key":"SneckoOil"},{"floor":14,"key":"Weak Potion"},{"floor":20,"key":"FearPotion"}],"is_trial":false,"path_per_floor":["M","M","M","T","$","R","M","R","T","?","$","M","M","M","R","B",null,"M","?","M","?"],"character_chosen":"DEFECT","items_purchased":["Doom and Gloom","Self Repair","Conserve Battery","Melter"],"campfire_rested":1,"item_purchase_floors":[5,5,11,11],"current_hp_per_floor":[68,64,57,57,57,57,54,54,54,37,37,34,34,34,56,33,65,36,36,40,40,0],"gold":0,"neow_bonus":"RANDOM_COMMON_RELIC","is_prod":false,"is_daily":false,"chose_seed":false,"campfire_upgraded":2,"win_rate":0,"timestamp":1537316470,"path_taken":["M","M","M","?","?","R","M","R","T","?","$","M","M","M","R","BOSS","M","?","M","?","?"],"build_version":"2018-09-18","purchased_purges":0,"victory":false,"max_hp_per_floor":[75,75,75,75,75,75,75,75,75,75,75,75,75,75,75,75,75,75,75,75,75,75],"card_choices":[{"not_picked":["Steam","Blizzard"],"picked":"Barrage","floor":1},{"not_picked":["Redo","White Noise"],"picked":"Capacitor","floor":2},{"not_picked":["Reinforced Body","Hologram"],"picked":"Cold Snap","floor":3},{"not_picked":["Hologram","Beam Cell"],"picked":"Buffer","floor":7},{"not_picked":["Blizzard","Go for the Eyes"],"picked":"Coolheaded","floor":10},{"not_picked":["Recycle","Aggregate"],"picked":"Machine Learning","floor":12},{"not_picked":["Leap","Cold Snap"],"picked":"Self Repair","floor":13},{"not_picked":["Streamline","Sweeping Beam"],"picked":"Coolheaded","floor":14},{"not_picked":["Reboot","Amplify"],"picked":"Rainbow","floor":16},{"not_picked":["Reprogram","Steam"],"picked":"Self Repair","floor":17},{"not_picked":["Scrape","Redo"],"picked":"Defragment","floor":17},{"not_picked":["FTL","Hologram"],"picked":"Cold Snap","floor":17},{"not_picked":["Meteor Strike","Darkness"],"picked":"Hologram","floor":17},{"not_picked":["Compile Driver","Stack"],"picked":"Undo","floor":17},{"not_picked":["Loop","Hologram"],"picked":"Capacitor","floor":18},{"not_picked":["Beam Cell","Chaos"],"picked":"Ball Lightning","floor":20}],"player_experience":865149,"relics_obtained":[{"floor":4,"key":"Art of War"},{"floor":9,"key":"Ornamental Fan"},{"floor":10,"key":"Odd Mushroom"}],"event_choices":[{"event_name":"Mushrooms","player_choice":"Fought Mushrooms","floor":10,"damage_taken":0},{"event_name":"Addict","player_choice":"Obtained Relic","floor":19,"damage_taken":0},{"event_name":"Masked Bandits","player_choice":"Paid Fearfully","floor":21,"damage_taken":0}],"is_beta":true,"boss_relics":[{"not_picked":["Calling Bell","Ectoplasm"],"picked":"Orrery"}],"items_purged_floors":[],"is_endless":false,"potions_floor_spawned":[3,7,14,20],"killed_by":"Snake Plant","ascension_level":10}