{"path_per_floor":["M","M","M","?","M","R","?","M","T","R","E","M","E","M","R","B",null,"M","M","?","$","?","R","M","M","T","E","R","M","M","$","R","B",null,"M","T","M","$","?","R","M","M","T","M","?","R","M","M","R","B"],"character_chosen":"THE_SILENT","items_purchased":["Acrobatics","Oddly Smooth Stone","Noxious Fumes","Apotheosis","Tough Bandages"],"gold_per_floor":[117,129,148,148,164,164,164,174,220,220,246,262,296,310,310,412,412,430,441,356,232,232,232,245,255,255,290,290,309,323,3,3,108,108,122,422,442,6,51,51,69,79,79,93,93,93,113,133,133,133],"floor_reached":51,"campfire_rested":4,"playtime":9960,"current_hp_per_floor":[70,70,70,70,67,67,53,47,54,77,67,60,54,54,77,66,77,77,72,86,86,86,86,83,74,74,69,69,69,62,62,89,36,91,90,90,89,89,88,88,60,47,47,47,47,47,45,28,55,7],"items_purged":["Strike_G","Defend_G"],"gold":133,"score":560,"play_id":"b843ab3a-1426-44d6-b407-e303ea9a0d70","is_prod":false,"is_daily":false,"is_ascension_mode":false,"campfire_upgraded":3,"path_taken":["M","M","M","?","M","R","?","M","T","R","E","M","E","M","R","BOSS","M","M","?","$","?","R","?","M","T","E","R","M","M","$","R","BOSS","M","?","M","?","?","R","M","?","T","M","?","R","M","?","R","BOSS"],"build_version":"2018-02-22-PROD2","purchased_purges":2,"victory":true,"master_deck":["Defend_G","Defend_G","Defend_G","Defend_G","Strike_G","Strike_G+1","Survivor+1","Neutralize+1","Flying Knee","Sucker Punch","Cloak And Dagger+1","Prepared","Noxious Fumes","Footwork+1","Blur+1","Well Laid Plans","Adrenaline","Cloak And Dagger+1","Deadly Poison+1","Acrobatics","Accuracy","Accuracy","Blur","Bane","Dash","Cloak And Dagger+1","Noxious Fumes","Envenom","Dagger Throw+1","Apotheosis","Blur","Setup+1","PiercingWail+1","Terror","Footwork","Backstab+1"],"max_hp_per_floor":[70,70,70,70,70,70,70,70,77,77,77,77,77,77,77,77,77,77,77,91,91,91,91,91,91,91,91,91,91,91,91,91,91,91,91,91,91,91,91,91,91,91,91,91,91,91,91,91,91,91],"relics":["Ring of the Snake","Strawberry","Ninja Scroll","Ornamental Fan","Black Star","Mango","Torii","Vajra","Omamori","Oddly Smooth Stone","Sozu","Old Coin","Tough Bandages","Shovel","Art of War","Du-Vu Doll","Dead Branch"],"card_choices":[{"not_picked":["PiercingWail","Predator"],"picked":"Flying Knee"},{"not_picked":["Dagger Spray","Slice"],"picked":"Sucker Punch"},{"not_picked":["Dodge and Roll","Flying Knee"],"picked":"Cloak And Dagger"},{"not_picked":["Blade Dance","Concentrate"],"picked":"Prepared"},{"not_picked":["Leg Sweep","Acrobatics"],"picked":"Noxious Fumes"},{"not_picked":["Distraction","Backflip"],"picked":"Footwork"},{"not_picked":["Storm of Steel","Unload"],"picked":"Blur"},{"not_picked":["Deflect","Dagger Spray"],"picked":"Well Laid Plans"},{"not_picked":["Unload","Envenom"],"picked":"Adrenaline"},{"not_picked":["Bane","Dagger Throw"],"picked":"Cloak And Dagger"},{"not_picked":["Bane","Dagger Spray"],"picked":"Deadly Poison"},{"not_picked":["Footwork","Dagger Throw"],"picked":"Accuracy"},{"not_picked":["Quick Slash","Sucker Punch"],"picked":"Blur"},{"not_picked":["Phantasmal Killer","Deadly Poison"],"picked":"Bane"},{"not_picked":["Flying Knee","Flechettes"],"picked":"Dash"},{"not_picked":["Eviscerate","Poisoned Stab"],"picked":"Cloak And Dagger"},{"not_picked":["Venomology","Glass Knife"],"picked":"Envenom"},{"not_picked":["Dagger Spray","Prepared"],"picked":"Dagger Throw"},{"not_picked":["Dagger Spray","Reflex"],"picked":"Blur"},{"not_picked":["Poisoned Stab","Outmaneuver"],"picked":"Setup"},{"not_picked":["Flying Knee","Concentrate"],"picked":"PiercingWail"},{"not_picked":["Finisher","Choke"],"picked":"Terror"},{"not_picked":["Eviscerate","Malaise"],"picked":"Footwork"},{"not_picked":["Sucker Punch","Heel Hook"],"picked":"Backstab"}],"player_experience":249232,"potions_floor_usage":[11,13,24,27,27,33,39],"damage_taken":[{"damage":0,"enemies":"Small Slimes","floor":1,"turns":4},{"damage":0,"enemies":"Jaw Worm","floor":2,"turns":5},{"damage":0,"enemies":"2 Louse","floor":3,"turns":4},{"damage":3,"enemies":"Exordium Wildlife","floor":5,"turns":5},{"damage":6,"enemies":"3 Louse","floor":8,"turns":4},{"damage":10,"enemies":"3 Sentries","floor":11,"turns":10},{"damage":7,"enemies":"Exordium Thugs","floor":12,"turns":6},{"damage":6,"enemies":"Lagavulin","floor":13,"turns":7},{"damage":0,"enemies":"Red Slaver","floor":14,"turns":4},{"damage":11,"enemies":"Slime Boss","floor":16,"turns":14},{"damage":0,"enemies":"Chosen","floor":18,"turns":7},{"damage":5,"enemies":"Spheric Guardian","floor":19,"turns":5},{"damage":3,"enemies":"Snake Plant","floor":24,"turns":6},{"damage":9,"enemies":"Snecko","floor":25,"turns":7},{"damage":20,"enemies":"Slavers","floor":27,"turns":9},{"damage":0,"enemies":"3 Cultists","floor":29,"turns":6},{"damage":7,"enemies":"Centurion and Healer","floor":30,"turns":7},{"damage":53,"enemies":"Collector","floor":33,"turns":10},{"damage":1,"enemies":"3 Shapes","floor":35,"turns":7},{"damage":1,"enemies":"Orb Walker","floor":37,"turns":5},{"damage":1,"enemies":"Mysterious Sphere","floor":39,"turns":6},{"damage":28,"enemies":"Sphere and 2 Shapes","floor":41,"turns":7},{"damage":13,"enemies":"3 Darklings","floor":42,"turns":6},{"damage":0,"enemies":"Maw","floor":44,"turns":6},{"damage":2,"enemies":"4 Shapes","floor":47,"turns":5},{"damage":17,"enemies":"Sphere and 2 Shapes","floor":48,"turns":7},{"damage":48,"enemies":"Time Eater","floor":50,"turns":13}],"event_choices":[{"event_name":"Living Wall","player_choice":"Forget","floor":4,"damage_taken":0},{"event_name":"Shining Light","player_choice":"Entered Light","floor":7,"damage_taken":0},{"event_name":"Addict","player_choice":"Obtained Relic","floor":20,"damage_taken":0},{"event_name":"The Library","player_choice":"Read","floor":22,"damage_taken":0},{"event_name":"Mysterious Sphere","player_choice":"Fight","floor":39,"damage_taken":0}],"boss_relics":[{"not_picked":["Velvet Choker","Orrery"],"picked":"Black Star"},{"not_picked":["Astrolabe","Pandora\u0027s Box"],"picked":"Sozu"}],"potions_floor_spawned":[2,11,12,16,24,30,33,37,39,41,47],"seed_played":"946827138144700210","ascension_level":0,"is_trial":false}