{"gold_per_floor":[116,116,128,128,203,203,214,214,214,214,245,265,281,14,14,14],"floor_reached":16,"playtime":637,"items_purged":["Strike_G"],"score":200,"play_id":"64876323-cece-4da8-a08e-6856cadcc46c","local_time":"20190128205455","is_ascension_mode":true,"campfire_choices":[{"data":"Neutralize","floor":6.0,"key":"SMITH"},{"data":"Noxious Fumes","floor":8.0,"key":"SMITH"},{"floor":10.0,"key":"REST"},{"floor":15,"key":"REST"}],"neow_cost":"PERCENT_DAMAGE","seed_source_timestamp":11627665683762,"circlet_count":0,"master_deck":["AscendersBane","Defend_G","Defend_G","Defend_G","Defend_G","Defend_G","Strike_G","Strike_G","Strike_G","Survivor","Neutralize+1","Quick Slash","Noxious Fumes+1","Poisoned Stab","Crippling Poison+1","Cloak And Dagger+1","Noxious Fumes"],"special_seed":0,"relics":["Ring of the Snake","Toxic Egg 2","Smiling Mask","Snake Skull"],"potions_floor_usage":[],"damage_taken":[{"damage":0.0,"enemies":"Cultist","floor":1.0,"turns":4.0},{"damage":1.0,"enemies":"Small Slimes","floor":3.0,"turns":5.0},{"damage":0.0,"enemies":"Jaw Worm","floor":7.0,"turns":5.0},{"damage":41.0,"enemies":"Gremlin Nob","floor":11.0,"turns":5.0},{"damage":18.0,"enemies":"Exordium Thugs","floor":12.0,"turns":4.0},{"damage":1,"enemies":"Large Slime","floor":13,"turns":6},{"damage":47,"enemies":"Slime Boss","floor":16,"turns":6}],"seed_played":"940118359064188623","potions_obtained":[{"floor":7.0,"key":"FearPotion"}],"is_trial":false,"path_per_floor":["M","T","M","?","?","R","M","R","T","R","E","M","M","$","R","B"],"character_chosen":"THE_SILENT","items_purchased":["Crippling Poison+1","Cloak And Dagger+1","Noxious Fumes"],"campfire_rested":2,"item_purchase_floors":[14,14,14],"current_hp_per_floor":[56,56,55,55,44,44,44,44,44,67,26,8,7,7,30,0],"gold":14,"neow_bonus":"TWENTY_PERCENT_HP_BONUS","is_prod":false,"is_daily":false,"chose_seed":false,"campfire_upgraded":2,"win_rate":0,"timestamp":1548737695,"path_taken":["M","?","M","?","?","R","M","R","T","R","E","M","M","?","R","BOSS"],"build_version":"2019-01-23","purchased_purges":1,"victory":false,"max_hp_per_floor":[78,78,78,78,78,78,78,78,78,78,78,78,78,78,78,78],"card_choices":[{"not_picked":["PiercingWail","Flying Knee"],"picked":"Quick Slash","floor":1.0},{"not_picked":["Outmaneuver+1","Flying Knee"],"picked":"Noxious Fumes","floor":3.0},{"not_picked":["Bane","Accuracy","Concentrate+1"],"picked":"SKIP","floor":7.0},{"not_picked":["All Out Attack","Outmaneuver+1"],"picked":"Poisoned Stab","floor":11.0},{"not_picked":["Infinite Blades","Underhanded Strike","Storm of Steel+1"],"picked":"SKIP","floor":12.0},{"not_picked":["Riddle With Holes","Masterful Stab","Flying Knee"],"picked":"SKIP","floor":13}],"player_experience":1312799,"relics_obtained":[{"floor":2.0,"key":"Toxic Egg 2"},{"floor":9.0,"key":"Smiling Mask"},{"floor":11.0,"key":"Snake Skull"}],"event_choices":[{"cards_removed":["Strike_G"],"damage_healed":0.0,"max_hp_gain":0.0,"max_hp_loss":0.0,"gold_gain":0.0,"event_name":"Living Wall","player_choice":"Forget","floor":4.0,"gold_loss":0.0,"damage_taken":0.0},{"damage_healed":0.0,"max_hp_gain":0.0,"max_hp_loss":0.0,"gold_gain":75.0,"event_name":"World of Goop","player_choice":"Gather Gold","floor":5.0,"gold_loss":0.0,"damage_taken":11.0}],"is_beta":true,"boss_relics":[],"items_purged_floors":[14],"is_endless":false,"potions_floor_spawned":[7],"killed_by":"Slime Boss","ascension_level":20}