{"gold_per_floor":[118,136,136,136,152,187,207,233,258,269,300,300,333,352,352,450,450,470,482,407,407,52,79,79,104,104,131,131,49,84,84,84,189,189,201,249,266,266,279,279,294,325,325,325,353,353,387,397,397,496,496,510,521,4,4,4,4,32,32,88,118,118,189,218,234,234,329,329,348,366,33,46,56,56,89,89,124,42,77,97,97,97,97,193,193,204,204,214,62,75,103,103,128,154,173,173],"floor_reached":96,"playtime":7556,"items_purged":["Sword Boomerang"],"score":2480,"play_id":"33c53f76-f7aa-4ad9-a342-b0d4223c7005","local_time":"20180721160630","daily_mods":["Draft","Diverse","Heirloom","Elite Swarm"],"is_ascension_mode":true,"campfire_choices":[{"data":"Echo Form","floor":12,"key":"SMITH"},{"data":"Demon Form","floor":15,"key":"SMITH"},{"floor":24,"key":"REST"},{"floor":32,"key":"REST"},{"data":"Wraith Form v2","floor":40,"key":"SMITH"},{"floor":44,"key":"REST"},{"data":"Footwork","floor":46,"key":"SMITH"},{"data":"Barricade","floor":49,"key":"SMITH"},{"data":"Offering","floor":57,"key":"SMITH"},{"data":"Bullet Time","floor":59,"key":"SMITH"},{"data":"Seeing Red","floor":66,"key":"SMITH"},{"data":"Feel No Pain","floor":74,"key":"SMITH"},{"data":"Adrenaline","floor":76,"key":"SMITH"},{"data":"Noxious Fumes","floor":81,"key":"SMITH"},{"data":"Night Terror","floor":83,"key":"SMITH"},{"data":"Adrenaline","floor":92,"key":"SMITH"}],"neow_cost":"","seed_source_timestamp":0,"circlet_count":0,"master_deck":["Demon Form+1","Wraith Form v2+1","Echo Form+1","Warcry+1","Pommel Strike","Seeing Red+1","Uppercut","Turbo","Headbutt","Entrench","Wild Strike","True Grit","Sweeping Beam","Shrug It Off","Noxious Fumes+1","Ghostly Armor+1","Gash+1","Skewer","Evolve","Footwork+1","Armaments+1","Self Repair+1","Body Slam+1","Well Laid Plans","Cloak And Dagger","Malaise","Reaper","Undo","Cold Snap","Hyperbeam","Backflip","Beam Cell","Anger","Acrobatics","Hologram","Dodge and Roll","Adrenaline+1","Cloak And Dagger","Seek","Offering+1","Dark Embrace","Defragment","Barricade+1","Adrenaline+1","Metallicize","Reinforced Body","Body Slam+1","Steam+1","Steam+1","Genetic Algorithm+1","Blade Dance","Double Energy","Wraith Form v2","Adrenaline","Sentinel+1","Dagger Spray+1","Bullet Time+1","Adrenaline","Backflip","Night Terror+1","Armaments+1","Feel No Pain+1","Concentrate+1","Caltrops","Malaise","Whirlwind+1","Reinforced Body+1","Disarm","Die Die Die+1","Deflect+1","Double Energy","Catalyst+1","Burst","Creative AI","Creative AI","Distraction+1","Concentrate+1"],"relics":["Ring of the Serpent","Prayer Wheel","Ice Cream","War Paint","Anchor","Regal Pillow","Blue Candle","Orrery","Omamori","MawBank","Toolbox","Oddly Smooth Stone","The Specimen","Bottled Flame","Blood Vial","Molten Egg 2","Unceasing Top","Singing Bowl","Centennial Puzzle","Pen Nib","Whetstone","Cursed Key","Paper Crane","Vajra","Bag of Marbles","Tiny Chest","Kunai","Lantern"],"potions_floor_usage":[8,11,16,23,25,30,33,37,47,48,58,69,72,75,79,84,86,88,90],"damage_taken":[{"damage":0,"enemies":"Small Slimes","floor":1,"turns":2},{"damage":2,"enemies":"Jaw Worm","floor":2,"turns":4},{"damage":0,"enemies":"2 Louse","floor":5,"turns":2},{"damage":14,"enemies":"Lagavulin","floor":6,"turns":7},{"damage":2,"enemies":"Blue Slaver","floor":7,"turns":4},{"damage":15,"enemies":"3 Sentries","floor":8,"turns":4},{"damage":7,"enemies":"Gremlin Gang","floor":10,"turns":3},{"damage":0,"enemies":"Lagavulin","floor":11,"turns":6},{"damage":25,"enemies":"Gremlin Nob","floor":13,"turns":4},{"damage":0,"enemies":"Red Slaver","floor":14,"turns":2},{"damage":24,"enemies":"The Guardian","floor":16,"turns":7},{"damage":6,"enemies":"3 Byrds","floor":18,"turns":5},{"damage":16,"enemies":"Chosen","floor":19,"turns":7},{"damage":41,"enemies":"Book of Stabbing","floor":23,"turns":7},{"damage":19,"enemies":"Slavers","floor":25,"turns":5},{"damage":27,"enemies":"Book of Stabbing","floor":27,"turns":7},{"damage":37,"enemies":"Gremlin Leader","floor":30,"turns":8},{"damage":47,"enemies":"Automaton","floor":33,"turns":10},{"damage":21,"enemies":"Orb Walker","floor":35,"turns":6},{"damage":14,"floor":36,"turns":7},{"damage":9,"enemies":"Flame Bruiser 1 Orb","floor":37,"turns":8},{"damage":16,"enemies":"3 Darklings","floor":39,"turns":8},{"damage":33,"enemies":"Spire Growth","floor":41,"turns":12},{"damage":14,"enemies":"Nemesis","floor":42,"turns":7},{"damage":22,"enemies":"2 Orb Walkers","floor":45,"turns":8},{"damage":4,"enemies":"Nemesis","floor":47,"turns":10},{"damage":12,"enemies":"Sphere and 2 Shapes","floor":48,"turns":7},{"damage":13,"enemies":"Time Eater","floor":50,"turns":15},{"damage":0,"enemies":"2 Louse","floor":52,"turns":1},{"damage":0,"enemies":"Small Slimes","floor":53,"turns":2},{"damage":0,"enemies":"Lagavulin","floor":58,"turns":5},{"damage":10,"enemies":"Gremlin Nob","floor":61,"turns":4},{"damage":0,"enemies":"Lagavulin","floor":64,"turns":4},{"damage":0,"enemies":"Cultist","floor":65,"turns":2},{"damage":5,"enemies":"Hexaghost","floor":67,"turns":7},{"damage":0,"enemies":"3 Byrds","floor":69,"turns":2},{"damage":1,"enemies":"Shell Parasite","floor":70,"turns":4},{"damage":0,"enemies":"Snake Plant","floor":72,"turns":5},{"damage":0,"enemies":"Chosen and Byrds","floor":73,"turns":3},{"damage":1,"enemies":"Gremlin Leader","floor":75,"turns":3},{"damage":20,"enemies":"Slavers","floor":77,"turns":4},{"damage":0,"enemies":"Gremlin Leader","floor":79,"turns":5},{"damage":5,"enemies":"3 Cultists","floor":80,"turns":3},{"damage":5,"enemies":"Automaton","floor":84,"turns":10},{"damage":0,"enemies":"3 Darklings","floor":86,"turns":4},{"damage":3,"enemies":"Flame Bruiser 1 Orb","floor":88,"turns":6},{"damage":1,"enemies":"4 Shapes","floor":90,"turns":2},{"damage":10,"enemies":"Giant Head","floor":91,"turns":7},{"damage":38,"enemies":"Nemesis","floor":93,"turns":11},{"damage":1,"enemies":"Giant Head","floor":94,"turns":5},{"damage":35,"enemies":"Flame Bruiser 2 Orb","floor":95,"turns":8},{"damage":59,"enemies":"Nemesis","floor":96,"turns":3}],"seed_played":"8186728691678267536","potions_obtained":[{"floor":2,"key":"SpeedPotion"},{"floor":6,"key":"Strength Potion"},{"floor":7,"key":"Fire Potion"},{"floor":10,"key":"SteroidPotion"},{"floor":14,"key":"Fire Potion"},{"floor":18,"key":"Strength Potion"},{"floor":25,"key":"Explosive Potion"},{"floor":27,"key":"Swift Potion"},{"floor":35,"key":"AttackPotion"},{"floor":36,"key":"LiquidBronze"},{"floor":45,"key":"Fire Potion"},{"floor":48,"key":"FearPotion"},{"floor":50,"key":"Regen Potion"},{"floor":58,"key":"Explosive Potion"},{"floor":70,"key":"Explosive Potion"},{"floor":73,"key":"SkillPotion"},{"floor":79,"key":"Energy Potion"},{"floor":80,"key":"AttackPotion"},{"floor":84,"key":"Poison Potion"},{"floor":86,"key":"Strength Potion"}],"is_trial":true,"path_per_floor":["M","M","?","?","M","E","M","E","T","M","E","R","E","M","R","B",null,"M","M","?","?","$","E","R","E","T","E","?","$","E","?","R","B",null,"M","?","M","?","M","R","M","E","T","R","E","R","E","M","R","B",null,"M","M","$","?","$","R","E","R","T","E","?","?","E","M","R","B",null,"M","M","$","M","M","R","E","R","E","$","E","M","R","?","R","B",null,"M","$","M","$","M","E","R","E","E","M"],"character_chosen":"THE_SILENT","items_purchased":["MawBank","Toolbox","Defragment","Paper Crane","Vajra","Dagger Spray+1","Feel No Pain","Kunai","Caltrops","Lantern"],"campfire_rested":3,"item_purchase_floors":[22,22,29,54,54,54,71,71,78,89],"current_hp_per_floor":[70,68,68,68,68,61,66,58,58,65,70,70,45,55,55,31,70,65,56,56,56,56,22,58,68,68,52,39,39,21,21,58,20,75,75,61,54,54,40,40,33,43,43,77,65,65,77,79,79,78,81,85,89,89,86,86,86,88,88,88,87,87,87,91,93,93,93,47,51,53,53,57,59,59,61,61,43,43,63,58,58,58,58,63,63,65,65,67,67,68,66,66,52,53,42,0],"gold":173,"neow_bonus":"","is_prod":false,"is_daily":false,"chose_seed":false,"campfire_upgraded":13,"win_rate":0,"timestamp":1532203590,"path_taken":["M","M","?","?","?","E","M","E","T","M","E","R","E","M","R","BOSS","M","M","?","?","$","E","R","E","T","E","?","$","E","?","R","BOSS","M","?","M","?","M","R","M","E","T","R","E","R","E","M","R","BOSS","M","M","$","?","?","R","E","R","T","E","?","?","E","M","R","BOSS","M","?","$","M","M","R","E","R","E","$","E","M","R","?","R","BOSS","M","$","M","$","M","E","R","E","E","M","E"],"build_version":"2018-07-19","purchased_purges":1,"victory":false,"max_hp_per_floor":[70,70,70,70,70,70,70,70,70,70,70,70,70,70,70,70,70,70,70,70,70,70,70,70,70,70,70,75,75,75,75,75,75,75,75,75,75,75,75,75,75,77,77,77,77,77,77,79,79,81,81,85,89,89,89,89,89,89,89,89,89,89,89,91,93,93,93,47,51,53,53,57,59,59,61,61,63,63,63,63,63,63,63,63,63,65,65,67,67,69,69,69,69,69,69,69],"card_choices":[{"not_picked":["Skim","Ball Lightning"],"picked":"Warcry","floor":0},{"not_picked":["Compile Driver","PiercingWail"],"picked":"Pommel Strike","floor":0},{"not_picked":["Second Wind","Quick Slash"],"picked":"Seeing Red","floor":0},{"not_picked":["Flying Knee","Prepared"],"picked":"Uppercut","floor":0},{"not_picked":["Combust","Slice"],"picked":"Turbo","floor":0},{"not_picked":["Endless Agony","Dual Wield"],"picked":"Headbutt","floor":0},{"not_picked":["Rebound","Turbo"],"picked":"Entrench","floor":0},{"not_picked":["Poisoned Stab","Heel Hook"],"picked":"Wild Strike","floor":0},{"not_picked":["Redo","Hologram"],"picked":"True Grit","floor":0},{"not_picked":["Bane","Flex"],"picked":"Sweeping Beam","floor":0},{"not_picked":["Self Repair","Blur"],"picked":"Shrug It Off","floor":0},{"not_picked":["Shrug It Off","Melter"],"picked":"Noxious Fumes","floor":0},{"not_picked":["Bane","Compile Driver"],"picked":"Ghostly Armor","floor":0},{"not_picked":["Havoc","Cold Snap"],"picked":"Gash","floor":0},{"not_picked":["Darkness","Rage"],"picked":"Skewer","floor":0},{"not_picked":["Leap","Outmaneuver"],"picked":"Evolve","floor":1},{"not_picked":["Dodge and Roll","Iron Wave"],"picked":"Footwork","floor":1},{"not_picked":["Bane","Consume"],"picked":"Sword Boomerang","floor":2},{"not_picked":["Sucker Punch","Glacier"],"picked":"Armaments","floor":2},{"not_picked":["Sever Soul","Deflect"],"picked":"Self Repair","floor":5},{"not_picked":["Sever Soul","Blizzard"],"picked":"Body Slam","floor":5},{"not_picked":["Double Tap","Meteor Strike","Fiend Fire"],"picked":"SKIP","floor":6},{"not_picked":["Deadly Poison","Headbutt"],"picked":"Well Laid Plans","floor":7},{"not_picked":["Flying Knee","Sweeping Beam","Infernal Blade"],"picked":"SKIP","floor":7},{"not_picked":["Envenom","Unload"],"picked":"Rainbow","floor":8},{"not_picked":["Leap","Gash"],"picked":"Cloak And Dagger","floor":10},{"not_picked":["Havoc","Perfected Strike","Clash"],"picked":"SKIP","floor":10},{"not_picked":["Biased Cognition","Fission"],"picked":"Malaise","floor":11},{"not_picked":["Bludgeon","Storm of Steel"],"picked":"Reaper","floor":13},{"not_picked":["Lockon","Bane"],"picked":"Undo","floor":14},{"not_picked":["Compile Driver","Scrape"],"picked":"Cold Snap","floor":14},{"not_picked":["Seek","Buffer"],"picked":"Hyperbeam","floor":16},{"not_picked":["Quick Slash","Warcry"],"picked":"Backflip","floor":17},{"not_picked":["Underhanded Strike","Headbutt"],"picked":"Beam Cell","floor":17},{"not_picked":["Underhanded Strike","Flechettes"],"picked":"Anger","floor":17},{"not_picked":["Darkness","Quick Slash"],"picked":"Acrobatics","floor":17},{"not_picked":["Deflect","Barrage"],"picked":"Hologram","floor":17},{"not_picked":["Hello World","Finisher"],"picked":"Dodge and Roll","floor":18},{"not_picked":["Coolheaded","Iron Wave+1"],"picked":"Adrenaline","floor":18},{"not_picked":["Dash","Compile Driver"],"picked":"Cloak And Dagger","floor":19},{"not_picked":["Dodge and Roll","Warcry","Redo"],"picked":"SKIP","floor":19},{"not_picked":["Envenom","Hyperbeam"],"picked":"Seek","floor":23},{"not_picked":["Glass Knife","Buffer"],"picked":"Offering","floor":25},{"not_picked":["Amplify","Double Tap"],"picked":"Dark Embrace","floor":27},{"not_picked":["Amplify","Biased Cognition"],"picked":"Barricade","floor":30},{"not_picked":["Biased Cognition","Wraith Form v2"],"picked":"Adrenaline","floor":33},{"not_picked":["Slice+1","Cold Snap+1"],"picked":"Metallicize","floor":35},{"not_picked":["Cloak And Dagger+1","Darkness"],"picked":"Reinforced Body","floor":35},{"not_picked":["Perfected Strike+1","Conserve Battery"],"picked":"Body Slam+1","floor":36},{"not_picked":["Deflect+1","Dagger Spray+1"],"picked":"Steam+1","floor":37},{"not_picked":["Warcry+1","Dual Wield"],"picked":"Steam+1","floor":37},{"not_picked":["Underhanded Strike+1","Body Slam+1"],"picked":"Genetic Algorithm+1","floor":39},{"not_picked":["Clash+1","Predator+1","Underhanded Strike+1"],"picked":"SKIP","floor":39},{"not_picked":["Redo","Multi-Cast"],"picked":"Blade Dance","floor":41},{"not_picked":["Dagger Throw+1","Tactician"],"picked":"Double Energy","floor":41},{"not_picked":["Biased Cognition","Phantasmal Killer","Hyperbeam+1"],"picked":"Singing Bowl","floor":42},{"not_picked":["Double Tap","Fission"],"picked":"Wraith Form v2","floor":45},{"not_picked":["Barricade","Fiend Fire+1"],"picked":"Adrenaline","floor":47},{"not_picked":["Deflect","Sweeping Beam+1"],"picked":"Sentinel+1","floor":48},{"not_picked":["Anger+1","Carnage+1","Redo+1"],"picked":"Singing Bowl","floor":48},{"not_picked":["Unload+1","Fiend Fire+1","Fission"],"picked":"Singing Bowl","floor":50},{"not_picked":["Shrug It Off","Dagger Throw+1","Prepared"],"picked":"Singing Bowl","floor":52},{"not_picked":["Storm","Stack","Predator+1"],"picked":"Singing Bowl","floor":52},{"not_picked":["Chill","Recycle","PiercingWail"],"picked":"Singing Bowl","floor":53},{"not_picked":["Expertise","Rebound+1","Combust"],"picked":"Singing Bowl","floor":53},{"not_picked":["Doppelganger","Phantasmal Killer"],"picked":"Bullet Time","floor":58},{"not_picked":["Wraith Form v2","Glass Knife+1"],"picked":"Adrenaline","floor":61},{"not_picked":["Biased Cognition","Envenom","Fiend Fire+1"],"picked":"Singing Bowl","floor":64},{"not_picked":["Loop","Barrage+1","Havoc"],"picked":"Singing Bowl","floor":65},{"not_picked":["Perfected Strike+1","Dodge and Roll"],"picked":"Backflip","floor":65},{"not_picked":["Core Surge+1","Malaise"],"picked":"Night Terror","floor":67},{"not_picked":["Havoc","Hemokinesis+1","Choke+1"],"picked":"Singing Bowl","floor":69},{"not_picked":["FTL+1","Wild Strike+1","Steam"],"picked":"Singing Bowl","floor":69},{"not_picked":["Auto Shields","Perfected Strike+1","Chill"],"picked":"Singing Bowl","floor":70},{"not_picked":["Deflect+1","Quick Slash+1"],"picked":"Armaments+1","floor":70},{"not_picked":["Darkness+1","Clash+1","Headbutt+1"],"picked":"Singing Bowl","floor":72},{"not_picked":["Acrobatics","Sucker Punch+1","Lockon+1"],"picked":"Singing Bowl","floor":72},{"not_picked":["Thunderclap+1","Sucker Punch+1","Dash+1"],"picked":"Singing Bowl","floor":73},{"not_picked":["Twin Strike+1","Shrug It Off"],"picked":"Concentrate+1","floor":73},{"not_picked":["Meteor Strike+1","Multi-Cast","Biased Cognition"],"picked":"Singing Bowl","floor":75},{"not_picked":["Envenom","Grand Finale+1","Echo Form"],"picked":"Singing Bowl","floor":77},{"not_picked":["Exhume","Bludgeon+1"],"picked":"Malaise","floor":79},{"not_picked":["Hemokinesis+1","Finisher+1"],"picked":"Whirlwind+1","floor":80},{"not_picked":["Choke+1","Turbo+1"],"picked":"Reinforced Body+1","floor":80},{"not_picked":["Demon Form","Fission"],"picked":"Die Die Die+1","floor":84},{"not_picked":["Prepared","Cold Snap+1","Havoc"],"picked":"Singing Bowl","floor":86},{"not_picked":["True Grit","Streamline+1"],"picked":"Deflect+1","floor":86},{"not_picked":["Reckless Charge+1","Auto Shields"],"picked":"Double Energy","floor":88},{"not_picked":["Barrage+1","Accuracy+1","Reckless Charge+1"],"picked":"Singing Bowl","floor":88},{"not_picked":["Poisoned Stab+1","Cleave+1"],"picked":"Catalyst+1","floor":90},{"not_picked":["Dagger Spray+1","Scrape+1","Chaos+1"],"picked":"Singing Bowl","floor":90},{"not_picked":["Seek","Fiend Fire+1"],"picked":"Burst","floor":91},{"not_picked":["Immolate+1","Seek"],"picked":"Creative AI","floor":93},{"not_picked":["Doppelganger","Rainbow"],"picked":"Creative AI","floor":94},{"not_picked":["Steam+1","Heavy Blade+1"],"picked":"Distraction+1","floor":95},{"not_picked":["Leap","Ghostly Armor"],"picked":"Concentrate+1","floor":95}],"player_experience":591897,"relics_obtained":[{"floor":6,"key":"Ice Cream"},{"floor":8,"key":"War Paint"},{"floor":9,"key":"Anchor"},{"floor":11,"key":"Regal Pillow"},{"floor":13,"key":"Blue Candle"},{"floor":23,"key":"Oddly Smooth Stone"},{"floor":25,"key":"The Specimen"},{"floor":26,"key":"Bottled Flame"},{"floor":27,"key":"Blood Vial"},{"floor":30,"key":"Molten Egg 2"},{"floor":36,"key":"Unceasing Top"},{"floor":42,"key":"Singing Bowl"},{"floor":43,"key":"Centennial Puzzle"},{"floor":45,"key":"Pen Nib"},{"floor":47,"key":"Whetstone"},{"floor":60,"key":"Tiny Chest"}],"event_choices":[{"event_name":"The Cleric","player_choice":"Leave","floor":3,"damage_taken":0},{"event_name":"Living Wall","player_choice":"Grow","floor":4,"damage_taken":0},{"event_name":"Beggar","player_choice":"Gave Gold","floor":20,"damage_taken":0},{"event_name":"The Mausoleum","player_choice":"Yes","floor":21,"damage_taken":0},{"event_name":"Forgotten Altar","player_choice":"Shed Blood","floor":28,"damage_taken":0},{"event_name":"Drug Dealer","player_choice":"Ignored","floor":31,"damage_taken":0},{"event_name":"Mysterious Sphere","player_choice":"Fight","floor":36,"damage_taken":0},{"event_name":"Accursed Blacksmith","player_choice":"Forge","floor":38,"damage_taken":0},{"event_name":"Scrap Ooze","player_choice":"success","floor":55,"damage_taken":3},{"event_name":"Liars Game","player_choice":"disagreed","floor":62,"damage_taken":0},{"event_name":"Golden Wing","player_choice":"Gained Gold","floor":63,"damage_taken":0},{"event_name":"The Library","player_choice":"Read","floor":82,"damage_taken":0}],"is_beta":true,"boss_relics":[{"not_picked":["Fusion Hammer","Calling Bell"],"picked":"Orrery"},{"not_picked":["Empty Cage","Tiny House"],"picked":"Ring of the Serpent"},{"not_picked":["HoveringKite","Busted Crown"],"picked":"Cursed Key"},{"not_picked":["VoidEssence"],"picked":"BlightedDurian"},{"not_picked":["GraspOfShadows"],"picked":"Scatterbrain"}],"items_purged_floors":[54],"is_endless":true,"potions_floor_spawned":[2,6,7,10,14,18,25,27,35,36,45,48,50,53,58,70,73,79,80,84,86],"killed_by":"Nemesis","ascension_level":1}