{"gold_per_floor":[110,60,76,76,76,76,105,122,149,165,178,212,212,224,224,224],"floor_reached":16,"playtime":525,"items_purged":[],"score":123,"play_id":"c26b64ff-9547-4eef-8202-9cd88fe92bee","local_time":"20190126183009","is_ascension_mode":true,"campfire_choices":[{"data":"Go for the Eyes","floor":6,"key":"SMITH"},{"floor":15,"key":"REST"}],"neow_cost":"TEN_PERCENT_HP_LOSS","seed_source_timestamp":530566221808340,"circlet_count":0,"master_deck":["Strike_B","Strike_B","Strike_B","Defend_B","Defend_B","Defend_B","Defend_B","Zap","Dualcast","Reinforced Body","Go for the Eyes+1","Blizzard","Tempest","Echo Form","Capacitor","Gash","Coolheaded"],"relics":["Cracked Core","Unceasing Top","Anchor","Happy Flower","Bronze Scales"],"potions_floor_usage":[12,13,16],"damage_taken":[{"damage":0,"enemies":"2 Louse","floor":1,"turns":3},{"damage":2,"enemies":"Jaw Worm","floor":3,"turns":4},{"damage":33,"enemies":"Lagavulin","floor":7,"turns":8},{"damage":1,"enemies":"Cultist","floor":8,"turns":3},{"damage":17,"enemies":"Gremlin Gang","floor":10,"turns":6},{"damage":1,"enemies":"Looter","floor":11,"turns":3},{"damage":10,"enemies":"Gremlin Nob","floor":12,"turns":5},{"damage":0,"enemies":"The Mushroom Lair","floor":13,"turns":2},{"damage":3,"enemies":"3 Louse","floor":14,"turns":3},{"damage":30,"enemies":"Slime Boss","floor":16,"turns":7}],"seed_played":"5143126282160928279","potions_obtained":[{"floor":5,"key":"SmokeBomb"},{"floor":5,"key":"Block Potion"},{"floor":5,"key":"FearPotion"},{"floor":8,"key":"Ancient Potion"},{"floor":12,"key":"GamblersBrew"}],"is_trial":false,"path_per_floor":["M","?","M","$","?","R","E","M","T","M","M","E","?","M","R","B"],"character_chosen":"DEFECT","items_purchased":[],"campfire_rested":1,"item_purchase_floors":[],"current_hp_per_floor":[68,68,66,66,66,66,33,32,32,15,14,4,4,1,21,0],"gold":224,"neow_bonus":"ONE_RARE_RELIC","is_prod":false,"is_daily":false,"chose_seed":false,"campfire_upgraded":1,"win_rate":0,"timestamp":1548545409,"path_taken":["M","?","M","$","?","R","E","M","T","?","?","E","?","M","R","BOSS"],"build_version":"2019-01-23","purchased_purges":0,"victory":false,"max_hp_per_floor":[68,68,68,68,68,68,68,68,68,68,68,68,68,68,68,68],"card_choices":[{"not_picked":["Beam Cell","Recycle"],"picked":"Reinforced Body","floor":1},{"not_picked":["Rebound","Sweeping Beam"],"picked":"Go for the Eyes","floor":3},{"not_picked":["Steam Power","Steam"],"picked":"Blizzard","floor":7},{"not_picked":["Steam","Streamline"],"picked":"Tempest","floor":8},{"not_picked":["Turbo","Rip and Tear"],"picked":"Echo Form","floor":10},{"not_picked":["Stack","Reinforced Body"],"picked":"Capacitor","floor":11},{"not_picked":["Turbo","Beam Cell"],"picked":"Gash","floor":12},{"not_picked":["Chill","Stack"],"picked":"Coolheaded","floor":14}],"player_experience":1314816,"relics_obtained":[{"floor":7,"key":"Anchor"},{"floor":9,"key":"Happy Flower"},{"floor":12,"key":"Bronze Scales"}],"event_choices":[{"cards_removed":["Strike_B"],"damage_healed":0,"gold_gain":0,"player_choice":"Card Removal","damage_taken":0,"max_hp_gain":0,"max_hp_loss":0,"event_name":"The Cleric","floor":2,"gold_loss":50},{"damage_healed":0,"gold_gain":0,"player_choice":"Got Potions","damage_taken":0,"max_hp_gain":0,"max_hp_loss":0,"event_name":"Lab","floor":5,"gold_loss":0},{"damage_healed":0,"gold_gain":0,"player_choice":"Fought Mushrooms","damage_taken":0,"max_hp_gain":0,"max_hp_loss":0,"event_name":"Mushrooms","floor":13,"gold_loss":0}],"is_beta":true,"boss_relics":[],"items_purged_floors":[],"is_endless":false,"potions_floor_spawned":[8,10,12],"killed_by":"Slime Boss","ascension_level":2}