{"path_per_floor":["M","M","M","?","?","R","?","$","T","M","R","M","M","M","R","B",null,"M","M","M","$","?","R","?","M","T","M","R","?"],"character_chosen":"THE_SILENT","items_purchased":["Burst","Deflect","Whetstone","Noxious Fumes"],"gold_per_floor":[114,126,136,136,211,211,211,34,80,100,100,111,131,148,148,249,249,237,252,269,42,42,42,42,56,56,69,69,29],"floor_reached":30,"campfire_rested":2,"playtime":2125,"current_hp_per_floor":[70,69,69,74,63,63,60,60,60,60,60,60,47,47,69,52,75,75,65,44,44,44,44,44,44,44,26,48,48],"items_purged":[],"gold":29,"score":224,"play_id":"6f83c557-e338-48cc-9b58-1956c738c221","is_prod":false,"is_daily":false,"is_ascension_mode":false,"campfire_upgraded":3,"path_taken":["M","M","M","?","?","R","?","$","T","M","R","?","M","M","R","BOSS","M","M","M","$","?","R","?","?","T","M","R","?","E"],"build_version":"2018-02-15-PROD1","purchased_purges":0,"victory":false,"master_deck":["Defend_G+1","Defend_G+1","Defend_G+1","Defend_G+1","Defend_G+1","Strike_G+1","Strike_G+1","Strike_G+1","Strike_G+1","Strike_G+1","Survivor","Neutralize+1","Slice","Noxious Fumes+1","Deadly Poison","Burst+1","Deflect","Deflect","Caltrops","Escape Plan","Predator","After Image+1","Riddle With Holes","Predator+1","Deadly Poison","Noxious Fumes","Writhe","Blur","Pain","Flying Knee+1"],"max_hp_per_floor":[70,70,70,75,75,75,75,75,75,75,75,75,75,75,75,75,75,75,75,75,75,75,75,75,75,75,75,75,75],"relics":["Ring of the Snake","Oddly Smooth Stone","Pen Nib","Cursed Key","Whetstone","Pantograph","Torii"],"card_choices":[{"not_picked":["Underhanded Strike","Finisher"],"picked":"Slice"},{"not_picked":["Reflex","Blade Dance"],"picked":"Noxious Fumes"},{"not_picked":["Riddle With Holes","Malaise"],"picked":"Deadly Poison"},{"not_picked":["Distraction","Cloak And Dagger"],"picked":"Deflect"},{"not_picked":["Dodge and Roll","Prepared"],"picked":"Caltrops"},{"not_picked":["Outmaneuver","Slice"],"picked":"Escape Plan"},{"not_picked":["Underhanded Strike","Leg Sweep"],"picked":"Predator"},{"not_picked":["Storm of Steel","Adrenaline"],"picked":"After Image"},{"not_picked":["Cloak And Dagger","Footwork"],"picked":"Riddle With Holes"},{"not_picked":["Slice","Dagger Spray"],"picked":"Predator"},{"not_picked":["Accuracy","Expertise"],"picked":"Deadly Poison"},{"not_picked":["Acrobatics","Finisher"],"picked":"Blur"},{"not_picked":["Deadly Poison","Prepared"],"picked":"Flying Knee"}],"player_experience":110611,"potions_floor_usage":[13,14,18,18,27,30,30],"damage_taken":[{"damage":0,"enemies":"2 Louse","floor":1,"turns":3},{"damage":1,"enemies":"Jaw Worm","floor":2,"turns":5},{"damage":0,"enemies":"Cultist","floor":3,"turns":4},{"damage":0,"enemies":"2 Fungi Beasts","floor":10,"turns":4},{"damage":0,"enemies":"Red Slaver","floor":12,"turns":5},{"damage":13,"enemies":"Exordium Thugs","floor":13,"turns":4},{"damage":0,"enemies":"Exordium Wildlife","floor":14,"turns":3},{"damage":17,"enemies":"Slime Boss","floor":16,"turns":11},{"damage":0,"enemies":"2 Thieves","floor":18,"turns":4},{"damage":10,"enemies":"Spheric Guardian","floor":19,"turns":5},{"damage":21,"enemies":"Cultist and Chosen","floor":20,"turns":8},{"damage":0,"enemies":"Snake Plant","floor":25,"turns":4},{"damage":18,"enemies":"Sentry and Sphere","floor":27,"turns":4},{"damage":49,"enemies":"Gremlin Leader","floor":30,"turns":5}],"event_choices":[{"event_name":"Big Fish","player_choice":"Donut","floor":4,"damage_taken":0},{"event_name":"World of Goop","player_choice":"Gather Gold","floor":5,"damage_taken":0},{"event_name":"Scrap Ooze","player_choice":"success","floor":7,"damage_taken":3},{"event_name":"Back to Basics","player_choice":"Simplicity","floor":22,"damage_taken":0},{"event_name":"The Mausoleum","player_choice":"Yes","floor":24,"damage_taken":0},{"event_name":"The Woman in Blue","player_choice":"Bought 3 Potions","floor":29,"damage_taken":0}],"boss_relics":[{"not_picked":["Sozu","Orrery"],"picked":"Cursed Key"}],"potions_floor_spawned":[2,10,12,13,25],"seed_played":"870629819859491260","killed_by":"Gremlin Leader","ascension_level":0,"is_trial":false}