{"gold_per_floor":[112,112,112,112,127,127,153,167,167,167,201,223,235,118,118,191,191,211,40,40,40,54,54,71,102,129,52,52,52,65,65,65,139,139,150,168,178,11,11,11,11],"floor_reached":41,"playtime":2431,"items_purged":["Strike_B"],"score":984,"play_id":"4d321654-cb82-44af-8512-da9e04d3e8b3","local_time":"20190216151648","is_ascension_mode":true,"campfire_choices":[{"floor":6.0,"key":"REST"},{"floor":10.0,"key":"REST"},{"data":"Capacitor","floor":13.0,"key":"SMITH"},{"floor":15.0,"key":"REST"},{"data":"Self Repair","floor":23.0,"key":"SMITH"},{"data":"Defragment","floor":28.0,"key":"SMITH"},{"data":"Conserve Battery","floor":32.0,"key":"SMITH"},{"floor":40.0,"key":"RECALL"}],"neow_cost":"TEN_PERCENT_HP_LOSS","seed_source_timestamp":75283622003120,"circlet_count":0,"master_deck":["AscendersBane","Strike_B","Defend_B","Defend_B","Defend_B","Defend_B","Zap","Dualcast","Ball Lightning","Capacitor+1","Sweeping Beam","Conserve Battery+1","Leap+1","Darkness+1","Steam+1","Echo Form","Conserve Battery+1","Echo Form","Self Repair+1","Chill+1","Electrodynamics","Defragment+1","Hologram+1","Core Surge","Coolheaded+1","Seek+1","Consume+1","Compile Driver+1","Stack+1","Stack+1","Finesse+1","Thinking Ahead+1","Bandage Up+1"],"special_seed":0,"relics":["Nunchaku","Question Card","Bronze Scales","Toxic Egg 2","MawBank","Coffee Dripper","Happy Flower","Lantern","Nloth\u0027s Gift","Orrery","PreservedInsect"],"potions_floor_usage":[41],"damage_taken":[{"damage":2.0,"enemies":"Cultist","floor":1.0,"turns":4.0},{"damage":0.0,"enemies":"Small Slimes","floor":5.0,"turns":2.0},{"damage":35.0,"enemies":"3 Sentries","floor":7.0,"turns":8.0},{"damage":9.0,"enemies":"Jaw Worm","floor":8.0,"turns":3.0},{"damage":13.0,"enemies":"Lagavulin","floor":11.0,"turns":7.0},{"damage":0.0,"enemies":"2 Fungi Beasts","floor":12.0,"turns":2.0},{"damage":17.0,"enemies":"Hexaghost","floor":16.0,"turns":8.0},{"damage":16.0,"enemies":"Shell Parasite","floor":18.0,"turns":7.0},{"damage":21.0,"enemies":"Chosen","floor":22.0,"turns":8.0},{"damage":15.0,"enemies":"Snake Plant","floor":24.0,"turns":5.0},{"damage":28.0,"enemies":"Book of Stabbing","floor":25.0,"turns":8.0},{"damage":16.0,"enemies":"Cultist and Chosen","floor":30.0,"turns":6.0},{"damage":0.0,"enemies":"Champ","floor":33.0,"turns":10.0},{"damage":5.0,"enemies":"Orb Walker","floor":35.0,"turns":4.0},{"damage":4.0,"enemies":"3 Darklings","floor":36.0,"turns":4.0},{"damage":18.0,"enemies":"Jaw Worm Horde","floor":37.0,"turns":4.0},{"damage":61,"enemies":"Reptomancer","floor":41,"turns":2}],"seed_played":"637857381740899956","potions_obtained":[{"floor":5.0,"key":"Fruit Juice"},{"floor":11.0,"key":"AttackPotion"},{"floor":12.0,"key":"EssenceOfSteel"},{"floor":22.0,"key":"Regen Potion"},{"floor":36.0,"key":"Explosive Potion"}],"is_trial":false,"path_per_floor":["M","?","?","?","M","R","E","M","T","R","E","M","R","$","R","B",null,"M","$","?","?","M","R","M","E","T","$","R","?","M","?","R","B",null,"M","M","M","$","?","R","E"],"character_chosen":"DEFECT","items_purchased":["Steam+1","Regen Potion","Echo Form","Defragment","PreservedInsect"],"campfire_rested":3,"item_purchase_floors":[14,19,19,27,38],"current_hp_per_floor":[62,55,55,29,29,48,13,9,9,29,16,16,16,16,36,19,57,41,41,41,41,49,49,48,30,30,30,30,30,14,14,14,34,60,65,69,61,61,51,51,0],"gold":11,"neow_bonus":"ONE_RARE_RELIC","is_prod":false,"is_daily":false,"chose_seed":false,"campfire_upgraded":4,"win_rate":0,"timestamp":1550359008,"path_taken":["M","?","?","?","M","R","E","M","T","R","E","M","R","?","R","BOSS","M","$","?","?","M","R","M","E","T","$","R","?","M","?","R","BOSS","M","M","M","$","?","R","E"],"build_version":"2019-02-06","purchased_purges":1,"victory":false,"max_hp_per_floor":[64,64,64,64,64,64,64,69,69,69,69,69,69,69,69,69,69,69,69,69,69,69,69,69,69,69,69,69,69,69,69,69,69,69,69,69,69,69,69,69,69],"card_choices":[{"not_picked":["Rebound","Hologram"],"picked":"Ball Lightning","floor":1.0},{"not_picked":["Reprogram","Hologram","Thunder Strike"],"picked":"Capacitor","floor":5.0},{"not_picked":["Scrape","Chaos","Steam Power"],"picked":"Sweeping Beam","floor":7.0},{"not_picked":["Turbo","Streamline","Rebound"],"picked":"Conserve Battery","floor":8.0},{"not_picked":["Stack+1","Rip and Tear","Aggregate+1"],"picked":"Leap+1","floor":11.0},{"not_picked":["Go for the Eyes","Force Field+1","Conserve Battery+1"],"picked":"Darkness+1","floor":12.0},{"not_picked":["Multi-Cast+1","Reboot+1","Thunder Strike"],"picked":"Echo Form","floor":16.0},{"not_picked":["Cold Snap","Heatsinks","Gash"],"picked":"Conserve Battery+1","floor":18.0},{"not_picked":["Ball Lightning+1","Redo+1","Recycle+1"],"picked":"Chill+1","floor":22.0},{"not_picked":["Ball Lightning","Rebound+1","Leap+1","Blizzard"],"picked":"SKIP","floor":24.0},{"not_picked":["Gash","Chill+1","Sweeping Beam"],"picked":"Electrodynamics","floor":25.0},{"not_picked":["Recycle+1","Force Field+1","Gash"],"picked":"Hologram+1","floor":30.0},{"not_picked":["Rainbow+1","Electrodynamics","Thunder Strike"],"picked":"Core Surge","floor":33.0},{"not_picked":["Ball Lightning+1","Beam Cell","Undo+1"],"picked":"Coolheaded+1","floor":34.0},{"not_picked":["Compile Driver","Capacitor","Leap+1"],"picked":"Seek+1","floor":34.0},{"not_picked":["BootSequence+1","Seek+1","Go for the Eyes"],"picked":"Consume+1","floor":34.0},{"not_picked":["Fusion+1","Sunder+1","Steam+1"],"picked":"Compile Driver+1","floor":35.0},{"not_picked":["Go for the Eyes","Streamline","Coolheaded+1"],"picked":"Stack+1","floor":36.0},{"not_picked":["Amplify+1","Redo+1","Cold Snap"],"picked":"Stack+1","floor":37.0},{"not_picked":["The Bomb+1","Swift Strike","Metamorphosis+1"],"picked":"Finesse+1","floor":39.0},{"not_picked":["Dramatic Entrance","Impatience+1","Secret Weapon+1"],"picked":"Thinking Ahead+1","floor":39.0},{"not_picked":["Madness+1","Panache","Flash of Steel"],"picked":"Bandage Up+1","floor":39.0}],"player_experience":1327501,"relics_obtained":[{"floor":7.0,"key":"Bronze Scales"},{"floor":9.0,"key":"Toxic Egg 2"},{"floor":11.0,"key":"MawBank"},{"floor":25.0,"key":"Happy Flower"},{"floor":26.0,"key":"Lantern"}],"event_choices":[{"cards_removed":["Strike_B"],"damage_healed":0.0,"max_hp_gain":0.0,"max_hp_loss":0.0,"gold_gain":0.0,"event_name":"Golden Wing","player_choice":"Card Removal","floor":2.0,"gold_loss":0.0,"damage_taken":7.0},{"cards_removed":["Strike_B"],"damage_healed":0.0,"max_hp_gain":0.0,"max_hp_loss":0.0,"gold_gain":0.0,"event_name":"Living Wall","player_choice":"Forget","floor":3.0,"gold_loss":0.0,"damage_taken":0.0},{"damage_healed":0.0,"max_hp_gain":0.0,"max_hp_loss":0.0,"gold_gain":0.0,"event_name":"Scrap Ooze","player_choice":"Success","floor":4.0,"gold_loss":0.0,"damage_taken":26.0,"relics_obtained":["Question Card"]},{"damage_healed":0.0,"max_hp_gain":0.0,"max_hp_loss":0.0,"gold_gain":0.0,"event_name":"Cursed Tome","player_choice":"Ignored","floor":20.0,"gold_loss":0.0,"damage_taken":0.0},{"damage_healed":0.0,"max_hp_gain":0.0,"max_hp_loss":0.0,"gold_gain":0.0,"event_name":"The Library","player_choice":"Read","floor":21.0,"gold_loss":0.0,"damage_taken":0.0,"cards_obtained":["Self Repair"]},{"damage_healed":0.0,"max_hp_gain":0.0,"max_hp_loss":0.0,"gold_gain":0.0,"event_name":"Vampires","player_choice":"Ignored","floor":29.0,"gold_loss":0.0,"damage_taken":0.0},{"damage_healed":0.0,"max_hp_gain":0.0,"max_hp_loss":0.0,"gold_gain":0.0,"event_name":"N\u0027loth","player_choice":"Traded Relic","floor":31.0,"relics_lost":["Cracked Core"],"gold_loss":0.0,"damage_taken":0.0,"relics_obtained":["Nloth\u0027s Gift"]},{"damage_healed":0.0,"max_hp_gain":0.0,"max_hp_loss":0.0,"gold_gain":0.0,"event_name":"SensoryStone","player_choice":"Memory 3","floor":39.0,"gold_loss":0.0,"damage_taken":10.0}],"is_beta":true,"boss_relics":[{"not_picked":["Tiny House","Lizard Tail"],"picked":"Coffee Dripper"},{"not_picked":["Sozu","Black Star"],"picked":"Orrery"}],"items_purged_floors":[14],"is_endless":false,"potions_floor_spawned":[5,11,12,22,36],"killed_by":"Reptomancer","ascension_level":20}