{"path_per_floor":["M","?","?","M","$","E","M","R","T","M","E","R","?","E","R","B",null,"M"],"character_chosen":"IRONCLAD","items_purchased":["Inflame"],"gold_per_floor":[114,64,64,83,12,47,67,67,67,78,111,111,111,143,143,243,243,256,256],"floor_reached":19,"campfire_rested":1,"playtime":4625,"current_hp_per_floor":[80,80,80,80,80,94,94,94,94,81,52,94,87,65,65,8,73,75,0],"items_purged":[],"gold":256,"score":263,"play_id":"f804df4b-ab2f-4340-bfd6-291ed947c3ac","local_time":"20180414173205","is_prod":false,"is_daily":false,"chose_seed":false,"is_ascension_mode":true,"campfire_upgraded":2,"timestamp":1523741525,"path_taken":["M","?","?","?","$","E","M","R","T","M","E","R","?","E","R","BOSS","M","?"],"build_version":"2018-04-13","seed_source_timestamp":200729016609052,"purchased_purges":1,"victory":false,"master_deck":["Strike_R","Strike_R","Strike_R","Strike_R","Defend_R+1","Defend_R+1","Defend_R","Bash","Headbutt","Headbutt","Inflame","Heavy Blade","Heavy Blade+1","Shrug It Off","Armaments+1","Burning Pact","Offering","Intimidate"],"max_hp_per_floor":[80,80,80,80,80,94,94,94,94,94,94,94,94,94,94,94,94,94,94],"relics":["Burning Blood","NeowsBlessing","Lantern","Mango","Blue Candle","Regal Pillow","War Paint","Eternal Feather"],"card_choices":[{"not_picked":["Dual Wield","Disarm"],"picked":"Headbutt","floor":1},{"not_picked":["Warcry","Fire Breathing"],"picked":"Headbutt","floor":4},{"not_picked":["Warcry","Reckless Charge"],"picked":"Heavy Blade","floor":6},{"not_picked":["Rupture","Carnage"],"picked":"Heavy Blade","floor":7},{"not_picked":["Iron Wave","Hemokinesis"],"picked":"Shrug It Off","floor":10},{"not_picked":["Ghostly Armor","Entrench"],"picked":"Armaments","floor":11},{"not_picked":["Headbutt","Immolate"],"picked":"Burning Pact","floor":14},{"not_picked":["Barricade","Impervious"],"picked":"Offering","floor":16},{"not_picked":["Clash","Iron Wave"],"picked":"Intimidate","floor":18}],"player_experience":179915,"potions_floor_usage":[10,14,19,19],"damage_taken":[{"damage":0,"enemies":"2 Louse","floor":1,"turns":1},{"damage":0,"enemies":"Cultist","floor":4,"turns":1},{"damage":0,"enemies":"Gremlin Nob","floor":6,"turns":1},{"damage":6,"enemies":"Small Slimes","floor":7,"turns":3},{"damage":19,"enemies":"Exordium Thugs","floor":10,"turns":3},{"damage":35,"enemies":"Lagavulin","floor":11,"turns":6},{"damage":28,"enemies":"3 Sentries","floor":14,"turns":7},{"damage":63,"enemies":"Slime Boss","floor":16,"turns":11},{"damage":4,"enemies":"Chosen","floor":18,"turns":4},{"damage":82,"enemies":"Masked Bandits","floor":19,"turns":5}],"event_choices":[{"event_name":"The Cleric","player_choice":"Card Removal","floor":2,"damage_taken":0},{"event_name":"Accursed Blacksmith","player_choice":"Rummage","floor":3,"damage_taken":0},{"event_name":"Golden Wing","player_choice":"Card Removal","floor":13,"damage_taken":0},{"event_name":"Masked Bandits","player_choice":"Fought over 256 gold","floor":19,"damage_taken":0}],"boss_relics":[{"not_picked":["White Beast Statue","Lizard Tail"],"picked":"Eternal Feather"}],"potions_floor_spawned":[1,7,11,16,18],"seed_played":"-13358045234552916","killed_by":"Masked Bandits","ascension_level":5,"is_trial":false}