{"gold_per_floor":[116,131,149,224,238,238,252,252,298,328,328,42,68,85,85,157,157,157,132,132,142,157,157,191,191,217,248,248,262,262,262,262,336,336,347,366,79,129,145,145,179,189,270,270,287,287,303,318,318,318],"floor_reached":51,"playtime":2644,"items_purged":["Strike_R"],"score":1360,"play_id":"d6d4ee4d-d395-4dc9-93f6-c3f463245309","local_time":"20190217223228","is_ascension_mode":true,"campfire_choices":[{"floor":6.0,"key":"REST"},{"floor":11.0,"key":"REST"},{"data":"Flame Barrier","floor":15.0,"key":"SMITH"},{"data":"Shockwave","floor":23.0,"key":"SMITH"},{"floor":25.0,"key":"REST"},{"floor":28.0,"key":"REST"},{"floor":30.0,"key":"REST"},{"floor":32.0,"key":"REST"},{"data":"Battle Trance","floor":40.0,"key":"SMITH"},{"data":"Flame Barrier","floor":44.0,"key":"SMITH"},{"data":"Impervious","floor":46.0,"key":"SMITH"},{"data":"Pommel Strike","floor":49.0,"key":"SMITH"}],"neow_cost":"NONE","seed_source_timestamp":0,"circlet_count":0,"master_deck":["AscendersBane","Defend_R","Defend_R","Defend_R","Defend_R","Bash","Fiend Fire+1","Flame Barrier+1","Pommel Strike+1","Shockwave+1","Barricade+1","Anger+1","Combust+1","Inflame+1","Battle Trance+1","Bite","Bite","Bite","Bite","Bite","Double Tap+1","Corruption+1","Bloodletting+1","Warcry+1","Flame Barrier+1","Impervious+1","Disarm+1"],"special_seed":0,"relics":["Burning Blood","Ancient Tea Set","Frozen Egg 2","Omamori","Pen Nib","Runic Pyramid","FaceOfCleric","Pocketwatch","Vajra","Astrolabe","Lee\u0027s Waffle","Red Skull","Bottled Tornado"],"potions_floor_usage":[],"damage_taken":[{"damage":9.0,"enemies":"Jaw Worm","floor":1.0,"turns":4.0},{"damage":8.0,"enemies":"Small Slimes","floor":2.0,"turns":4.0},{"damage":7.0,"enemies":"Cultist","floor":3.0,"turns":4.0},{"damage":10.0,"enemies":"3 Louse","floor":5.0,"turns":4.0},{"damage":8.0,"enemies":"Gremlin Gang","floor":7.0,"turns":4.0},{"damage":29.0,"enemies":"3 Sentries","floor":10.0,"turns":7.0},{"damage":6.0,"enemies":"Lagavulin","floor":13.0,"turns":6.0},{"damage":14.0,"enemies":"Large Slime","floor":14.0,"turns":3.0},{"damage":39.0,"enemies":"Slime Boss","floor":16.0,"turns":10.0},{"damage":0.0,"enemies":"Shell Parasite","floor":18.0,"turns":1.0},{"damage":13.0,"enemies":"2 Thieves","floor":19.0,"turns":4.0},{"damage":0.0,"enemies":"Snecko","floor":21.0,"turns":2.0},{"damage":21.0,"enemies":"Shelled Parasite and Fungi","floor":22.0,"turns":4.0},{"damage":49.0,"enemies":"Slavers","floor":24.0,"turns":9.0},{"damage":18.0,"enemies":"Book of Stabbing","floor":27.0,"turns":4.0},{"damage":27.0,"enemies":"Sentry and Sphere","floor":29.0,"turns":4.0},{"damage":49.0,"enemies":"Automaton","floor":33.0,"turns":6.0},{"damage":14.0,"enemies":"Orb Walker","floor":35.0,"turns":3.0},{"damage":50.0,"enemies":"3 Darklings","floor":36.0,"turns":4.0},{"damage":20.0,"enemies":"Sphere and 2 Shapes","floor":39.0,"turns":12.0},{"damage":14.0,"enemies":"Reptomancer","floor":41.0,"turns":3.0},{"damage":6.0,"enemies":"Maw","floor":42.0,"turns":6.0},{"damage":14.0,"enemies":"4 Shapes","floor":45.0,"turns":10.0},{"damage":15.0,"enemies":"Spire Growth","floor":47.0,"turns":3.0},{"damage":22.0,"enemies":"Transient","floor":48.0,"turns":6.0},{"damage":82,"enemies":"Donu and Deca","floor":50,"turns":10}],"seed_played":"-1585349127254460498","potions_obtained":[{"floor":1.0,"key":"SpeedPotion"},{"floor":5.0,"key":"AttackPotion"},{"floor":7.0,"key":"PowerPotion"},{"floor":13.0,"key":"SmokeBomb"},{"floor":19.0,"key":"Block Potion"},{"floor":24.0,"key":"Strength Potion"},{"floor":29.0,"key":"AttackPotion"},{"floor":33.0,"key":"Fire Potion"},{"floor":35.0,"key":"SkillPotion"},{"floor":36.0,"key":"SpeedPotion"},{"floor":45.0,"key":"SkillPotion"},{"floor":47.0,"key":"Block Potion"}],"is_trial":false,"path_per_floor":["M","M","M","?","M","R","M","?","T","E","R","$","E","M","R","B",null,"M","M","?","M","M","R","E","R","T","E","R","M","R","?","R","B",null,"M","M","$","?","M","R","E","M","T","R","M","R","M","M","R","B",null],"character_chosen":"IRONCLAD","items_purchased":["Omamori","Block Potion","Lee\u0027s Waffle","Flame Barrier"],"campfire_rested":6,"item_purchase_floors":[12,12,37,37],"current_hp_per_floor":[65,63,62,51,47,69,67,67,67,44,66,66,66,58,58,25,63,69,62,62,69,55,55,13,36,36,27,50,32,56,56,80,48,73,70,39,90,90,83,83,78,91,91,91,92,92,86,87,87,38],"gold":318,"neow_bonus":"ONE_RANDOM_RARE_CARD","is_prod":false,"is_daily":false,"chose_seed":false,"campfire_upgraded":6,"win_rate":0,"timestamp":1550460748,"path_taken":["M","M","M","?","M","R","M","?","T","E","R","$","E","M","R","BOSS","M","?","?","?","M","R","E","R","T","E","R","M","R","?","R","BOSS","M","M","$","?","M","R","E","M","T","R","M","R","?","M","R","BOSS"],"build_version":"2019-01-23","purchased_purges":1,"victory":true,"max_hp_per_floor":[75,75,75,75,75,75,75,75,75,75,75,75,75,75,75,75,75,75,75,75,76,77,77,78,78,78,79,79,80,80,80,80,81,81,82,83,90,90,91,91,92,93,93,93,94,94,95,96,96,97],"card_choices":[{"not_picked":["Carnage","Thunderclap"],"picked":"Flame Barrier","floor":1.0},{"not_picked":["Perfected Strike","Entrench"],"picked":"Anger","floor":2.0},{"not_picked":["Headbutt","Twin Strike","Perfected Strike"],"picked":"SKIP","floor":3.0},{"not_picked":["Power Through","Blood for Blood","Wild Strike"],"picked":"SKIP","floor":5.0},{"not_picked":["Flex","Power Through"],"picked":"Pommel Strike","floor":7.0},{"not_picked":["Seeing Red","Entrench"],"picked":"Shockwave","floor":10.0},{"not_picked":["Anger","Fiend Fire"],"picked":"Pummel","floor":13.0},{"not_picked":["Wild Strike","Flame Barrier"],"picked":"Headbutt","floor":14.0},{"not_picked":["Double Tap","Reaper"],"picked":"Barricade+1","floor":16.0},{"not_picked":["Havoc","Hemokinesis"],"picked":"Anger+1","floor":19.0},{"not_picked":["Anger","Armaments"],"picked":"Combust+1","floor":21.0},{"not_picked":["Dual Wield","Iron Wave","Twin Strike"],"picked":"SKIP","floor":22.0},{"not_picked":["Flex","Combust+1"],"picked":"Inflame+1","floor":24.0},{"not_picked":["Power Through","Reaper","Perfected Strike"],"picked":"SKIP","floor":27.0},{"not_picked":["True Grit","Pommel Strike"],"picked":"Battle Trance","floor":29.0},{"not_picked":["Sword Boomerang","Burning Pact"],"picked":"Warcry+1","floor":35.0},{"not_picked":["Whirlwind+1","Pommel Strike","Anger"],"picked":"SKIP","floor":36.0},{"not_picked":["Body Slam","Burning Pact","Shrug It Off"],"picked":"SKIP","floor":39.0},{"not_picked":["Second Wind","Armaments+1"],"picked":"Impervious","floor":41.0},{"not_picked":["Evolve+1","Body Slam"],"picked":"Disarm+1","floor":42.0},{"not_picked":["Rampage","Perfected Strike","Wild Strike+1"],"picked":"SKIP","floor":45.0},{"not_picked":["Body Slam","Evolve+1","Clash+1"],"picked":"SKIP","floor":47.0},{"not_picked":["Clash+1","Iron Wave","Feed"],"picked":"SKIP","floor":48.0}],"player_experience":295221,"relics_obtained":[{"floor":9.0,"key":"Ancient Tea Set"},{"floor":10.0,"key":"Frozen Egg 2"},{"floor":13.0,"key":"Pen Nib"},{"floor":24.0,"key":"Pocketwatch"},{"floor":26.0,"key":"Blood Vial"},{"floor":27.0,"key":"Vajra"},{"floor":41.0,"key":"Red Skull"},{"floor":43.0,"key":"Bottled Tornado"}],"event_choices":[{"damage_healed":0.0,"max_hp_gain":0.0,"max_hp_loss":0.0,"gold_gain":75.0,"event_name":"World of Goop","player_choice":"Gather Gold","floor":4.0,"gold_loss":0.0,"damage_taken":11.0},{"damage_healed":0.0,"max_hp_gain":0.0,"max_hp_loss":0.0,"gold_gain":0.0,"event_name":"Accursed Blacksmith","player_choice":"Forge","floor":8.0,"gold_loss":0.0,"damage_taken":0.0,"cards_upgraded":["Fiend Fire"]},{"damage_healed":0.0,"max_hp_gain":0.0,"max_hp_loss":0.0,"gold_gain":0.0,"event_name":"FaceTrader","player_choice":"Trade","floor":20.0,"gold_loss":0.0,"damage_taken":0.0,"relics_obtained":["FaceOfCleric"]},{"damage_healed":0.0,"max_hp_gain":0.0,"max_hp_loss":0.0,"gold_gain":0.0,"event_name":"Vampires","player_choice":"Became a vampire (Vial)","floor":31.0,"relics_lost":["Blood Vial"],"gold_loss":0.0,"damage_taken":0.0,"cards_obtained":["Bite","Bite","Bite","Bite","Bite"]},{"damage_healed":0.0,"max_hp_gain":0.0,"max_hp_loss":0.0,"gold_gain":50.0,"event_name":"Golden Shrine","player_choice":"Pray","floor":38.0,"gold_loss":0.0,"damage_taken":0.0}],"is_beta":false,"boss_relics":[{"not_picked":["Tiny House","Philosopher\u0027s Stone"],"picked":"Runic Pyramid"},{"not_picked":["White Beast Statue","Runic Dome"],"picked":"Astrolabe"}],"items_purged_floors":[12],"is_endless":false,"potions_floor_spawned":[1,5,7,13,19,24,29,33,35,36,45,47],"ascension_level":17}