{"gold_per_floor":[117,117,136,148,163,190,190,215,215,215,225,190,490,45,45,119,119,130,130,147,147,147,147,177,177,201,201,116,134,184,219,219,295,295,311,311,311,411,431,431,67,67,67,79,107,107,126,1,1,1],"floor_reached":51,"playtime":2023,"items_purged":["Strike_B","Strike_B","Parasite"],"score":1315,"play_id":"c53291b5-144b-4521-8fcc-89c5e08bbf07","local_time":"20190208012753","is_ascension_mode":true,"campfire_choices":[{"floor":7.0,"key":"REST"},{"floor":10.0,"key":"REST"},{"data":"Defragment","floor":15.0,"key":"SMITH"},{"data":"Glacier","floor":23.0,"key":"SMITH"},{"floor":25.0,"key":"REST"},{"data":"Amplify","floor":27.0,"key":"SMITH"},{"data":"Streamline","floor":32.0,"key":"SMITH"},{"data":"Loop","floor":40.0,"key":"SMITH"},{"data":"Echo Form","floor":42.0,"key":"SMITH"},{"data":"Defragment","floor":46.0,"key":"SMITH"},{"data":"Glacier","floor":49,"key":"SMITH"}],"neow_cost":"NONE","seed_source_timestamp":0,"circlet_count":0,"master_deck":["AscendersBane","Strike_B","Strike_B","Defend_B","Defend_B","Defend_B","Defend_B","Zap","Dualcast+1","Streamline+1","Sweeping Beam","Hologram","Glacier+1","Static Discharge","Self Repair","Defragment+1","Glacier+1","Amplify+1","Storm","Creative AI","Loop+1","Echo Form+1","Defragment+1"],"special_seed":0,"relics":["FrozenCore","Incense Burner","Singing Bowl","Matryoshka","Mummified Hand","Old Coin","Question Card","Snecko Eye","Cables","Symbiotic Virus","Bottled Lightning","Juzu Bracelet","Bronze Scales","Pantograph","Ice Cream","Potion Belt","Turnip","Nunchaku"],"potions_floor_usage":[47,47],"damage_taken":[{"damage":2.0,"enemies":"2 Louse","floor":1.0,"turns":3.0},{"damage":12.0,"enemies":"Small Slimes","floor":3.0,"turns":3.0},{"damage":2.0,"enemies":"Jaw Worm","floor":4.0,"turns":2.0},{"damage":23.0,"enemies":"Exordium Wildlife","floor":5.0,"turns":6.0},{"damage":12.0,"enemies":"Gremlin Nob","floor":6.0,"turns":3.0},{"damage":19.0,"enemies":"Lagavulin","floor":8.0,"turns":7.0},{"damage":6.0,"enemies":"Looter","floor":11.0,"turns":4.0},{"damage":22.0,"enemies":"The Guardian","floor":16.0,"turns":14.0},{"damage":0.0,"enemies":"Chosen","floor":18.0,"turns":4.0},{"damage":0.0,"enemies":"Shell Parasite","floor":20.0,"turns":4.0},{"damage":31.0,"enemies":"Gremlin Leader","floor":24.0,"turns":8.0},{"damage":0.0,"enemies":"3 Cultists","floor":29.0,"turns":5.0},{"damage":3.0,"enemies":"Slavers","floor":31.0,"turns":4.0},{"damage":70.0,"enemies":"Automaton","floor":33.0,"turns":14.0},{"damage":0.0,"enemies":"3 Darklings","floor":35.0,"turns":6.0},{"damage":0.0,"enemies":"Mind Bloom Boss Battle","floor":38.0,"turns":5.0},{"damage":2.0,"enemies":"Orb Walker","floor":39.0,"turns":3.0},{"damage":18.0,"enemies":"Sphere and 2 Shapes","floor":44.0,"turns":7.0},{"damage":5.0,"enemies":"Reptomancer","floor":45.0,"turns":6.0},{"damage":9,"enemies":"Writhing Mass","floor":47,"turns":4},{"damage":12,"enemies":"Donu and Deca","floor":50,"turns":6}],"seed_played":"5096907934213356683","potions_obtained":[{"floor":5.0,"key":"SmokeBomb"},{"floor":8.0,"key":"LiquidBronze"},{"floor":24.0,"key":"Swift Potion"},{"floor":29.0,"key":"Regen Potion"},{"floor":35.0,"key":"Swift Potion"},{"floor":44.0,"key":"FairyPotion"}],"is_trial":false,"path_per_floor":["M","?","M","M","M","E","R","E","T","R","M","?","T","$","R","B",null,"M","?","M","?","?","R","E","R","T","R","?","M","?","E","R","B",null,"M","?","?","?","M","R","$","R","T","M","E","R","M","$","R","B",null],"character_chosen":"DEFECT","items_purchased":["Defragment","Question Card","Glacier","Echo Form","Potion Belt","Block Potion"],"campfire_rested":3,"item_purchase_floors":[14,14,14,41,41,41],"current_hp_per_floor":[69,69,57,55,32,20,43,24,24,47,50,70,70,70,70,48,72,81,81,83,83,83,83,59,84,84,84,84,86,86,88,88,40,76,85,85,87,92,94,94,94,94,94,85,87,87,94,94,94,90],"gold":1,"neow_bonus":"TEN_PERCENT_HP_BONUS","is_prod":false,"is_daily":false,"chose_seed":false,"campfire_upgraded":8,"win_rate":0,"timestamp":1549607273,"path_taken":["M","?","M","M","M","E","R","E","T","R","M","?","?","$","R","BOSS","M","?","M","?","?","R","E","R","T","R","?","M","?","E","R","BOSS","M","?","?","?","M","R","$","R","T","M","E","R","M","?","R","BOSS"],"build_version":"2019-01-23","purchased_purges":3,"victory":true,"max_hp_per_floor":[78,78,78,78,78,78,78,78,78,78,80,80,80,80,80,80,80,82,82,84,84,84,84,84,84,84,84,84,86,86,88,88,88,88,90,90,92,92,94,94,94,94,94,96,96,96,98,95,95,95],"card_choices":[{"not_picked":["Barrage","Coolheaded"],"picked":"Streamline","floor":1.0},{"not_picked":["Hologram","Storm"],"picked":"Sweeping Beam","floor":3.0},{"not_picked":["BootSequence","Tempest"],"picked":"Hologram","floor":4.0},{"not_picked":["Auto Shields","Leap"],"picked":"Glacier","floor":5.0},{"not_picked":["Redo","Genetic Algorithm"],"picked":"Static Discharge","floor":6.0},{"not_picked":["Creative AI","Heatsinks"],"picked":"Self Repair","floor":8.0},{"not_picked":["Redo","Force Field","Cold Snap"],"picked":"Singing Bowl","floor":11.0},{"not_picked":["Meteor Strike","Machine Learning","Fission"],"picked":"Amplify","floor":16.0},{"not_picked":["Steam","Auto Shields+1","Genetic Algorithm","Go for the Eyes"],"picked":"Singing Bowl","floor":18.0},{"not_picked":["Chill","Compile Driver","Leap","Rip and Tear"],"picked":"Singing Bowl","floor":20.0},{"not_picked":["Genetic Algorithm","BootSequence","Rebound"],"picked":"Storm","floor":24.0},{"not_picked":["Cold Snap","Darkness","Barrage","Rip and Tear"],"picked":"Singing Bowl","floor":29.0},{"not_picked":["Steam Power+1","Double Energy","Compile Driver","Cold Snap"],"picked":"Singing Bowl","floor":31.0},{"not_picked":["Reboot","Buffer","Hyperbeam"],"picked":"Creative AI","floor":33.0},{"not_picked":["Stack","Leap","Conserve Battery","Recycle"],"picked":"Singing Bowl","floor":35.0},{"not_picked":["Dramatic Entrance","PanicButton","Deep Breath","Discovery"],"picked":"Singing Bowl","floor":37.0},{"not_picked":["Streamline+1","Sweeping Beam","Steam+1"],"picked":"Loop","floor":38.0},{"not_picked":["Gash","Ball Lightning","Go for the Eyes+1","Static Discharge"],"picked":"Singing Bowl","floor":39.0},{"not_picked":["Compile Driver","Redo","Chill","Barrage"],"picked":"Singing Bowl","floor":44.0},{"not_picked":["Storm+1","Self Repair","Meteor Strike"],"picked":"Defragment","floor":45.0},{"not_picked":["Steam","Recycle","Conserve Battery","Rip and Tear"],"picked":"Singing Bowl","floor":47}],"player_experience":251803,"relics_obtained":[{"floor":6.0,"key":"Incense Burner"},{"floor":8.0,"key":"Singing Bowl"},{"floor":9.0,"key":"Matryoshka"},{"floor":13.0,"key":"Mummified Hand"},{"floor":13.0,"key":"Old Coin"},{"floor":24.0,"key":"Symbiotic Virus"},{"floor":26.0,"key":"Bottled Lightning"},{"floor":26.0,"key":"Juzu Bracelet"},{"floor":31.0,"key":"Pantograph"},{"floor":38.0,"key":"Ice Cream"},{"floor":43.0,"key":"Turnip"},{"floor":45.0,"key":"Nunchaku"}],"event_choices":[{"damage_healed":0.0,"max_hp_gain":0.0,"max_hp_loss":0.0,"gold_gain":0.0,"event_name":"Living Wall","player_choice":"Grow","floor":2.0,"gold_loss":0.0,"damage_taken":0.0,"cards_upgraded":["Dualcast"]},{"damage_healed":20.0,"max_hp_gain":0.0,"max_hp_loss":0.0,"gold_gain":0.0,"event_name":"The Cleric","player_choice":"Healed","floor":12.0,"gold_loss":35.0,"damage_taken":0.0},{"damage_healed":0.0,"max_hp_gain":0.0,"max_hp_loss":0.0,"gold_gain":0.0,"event_name":"Vampires","player_choice":"Ignored","floor":19.0,"gold_loss":0.0,"damage_taken":0.0},{"damage_healed":0.0,"max_hp_gain":0.0,"max_hp_loss":0.0,"gold_gain":0.0,"event_name":"Ghosts","player_choice":"Ignored","floor":21.0,"gold_loss":0.0,"damage_taken":0.0},{"damage_healed":0.0,"max_hp_gain":0.0,"max_hp_loss":0.0,"gold_gain":0.0,"event_name":"The Mausoleum","player_choice":"Opened","floor":22.0,"gold_loss":0.0,"damage_taken":0.0,"relics_obtained":["Cables"],"cards_obtained":["Writhe"]},{"damage_healed":0.0,"max_hp_gain":0.0,"max_hp_loss":0.0,"gold_gain":0.0,"event_name":"Addict","player_choice":"Obtained Relic","floor":28.0,"gold_loss":85.0,"damage_taken":0.0,"relics_obtained":["Bronze Scales"]},{"damage_healed":0.0,"max_hp_gain":0.0,"max_hp_loss":0.0,"gold_gain":50.0,"event_name":"Golden Shrine","player_choice":"Pray","floor":30.0,"gold_loss":0.0,"damage_taken":0.0},{"cards_removed":["Writhe"],"damage_healed":0.0,"max_hp_gain":0.0,"max_hp_loss":0.0,"gold_gain":0.0,"event_name":"Fountain of Cleansing","player_choice":"Removed Curses","floor":36.0,"gold_loss":0.0,"damage_taken":0.0},{"damage_healed":0.0,"max_hp_gain":0.0,"max_hp_loss":0.0,"gold_gain":0.0,"event_name":"SensoryStone","player_choice":"Memory 1","floor":37.0,"gold_loss":0.0,"damage_taken":0.0},{"damage_healed":0.0,"max_hp_gain":0.0,"max_hp_loss":0.0,"gold_gain":0.0,"event_name":"MindBloom","player_choice":"Fight","floor":38.0,"gold_loss":0.0,"damage_taken":0.0}],"is_beta":false,"boss_relics":[{"not_picked":["Lizard Tail","Tiny House"],"picked":"Snecko Eye"},{"not_picked":["Calling Bell","Eternal Feather"],"picked":"FrozenCore"}],"items_purged_floors":[14,41,48],"is_endless":false,"potions_floor_spawned":[5,8,16,24,29,35,38,44,45],"ascension_level":15}