{"gold_per_floor":[118,98,111,123,135,135,198,198,198,217,247,258,258,258,258,331,331,342,267,284,22,49,49,49,103,156,174,202,202,228,153,153,153],"floor_reached":33,"playtime":2302,"items_purged":["Strike_B"],"score":586,"play_id":"c40258c9-cabf-4360-bfc5-d702a3c6d9f2","local_time":"20190123185943","is_ascension_mode":true,"campfire_choices":[{"data":"Ball Lightning","floor":6.0,"key":"SMITH"},{"data":"Hologram","floor":8.0,"key":"SMITH"},{"floor":13.0,"key":"REST"},{"data":"Undo","floor":15.0,"key":"SMITH"},{"floor":24.0,"key":"REST"},{"data":"Fission","floor":29,"key":"SMITH"},{"floor":32,"key":"REST"}],"neow_cost":"PERCENT_DAMAGE","seed_source_timestamp":594254575605631,"circlet_count":0,"master_deck":["AscendersBane","Strike_B","Strike_B","Defend_B","Defend_B","Defend_B","Defend_B","Zap","Dualcast","Compile Driver","Chill","Melter","Ball Lightning+1","Hologram+1","Undo+1","Conserve Battery","Genetic Algorithm","Echo Form","Self Repair","Stack","Go for the Eyes","Fission+1","Coolheaded"],"special_seed":0,"relics":["Cracked Core","Tiny Chest","Question Card","Thread and Needle","Velvet Choker","Pantograph","Red Mask","Bronze Scales","Boot","Peace Pipe"],"potions_floor_usage":[28,28],"damage_taken":[{"damage":2.0,"enemies":"Jaw Worm","floor":1.0,"turns":4.0},{"damage":1.0,"enemies":"Cultist","floor":3.0,"turns":4.0},{"damage":0.0,"enemies":"2 Louse","floor":4.0,"turns":4.0},{"damage":1.0,"enemies":"Looter","floor":5.0,"turns":2.0},{"damage":15.0,"enemies":"Lagavulin","floor":7.0,"turns":7.0},{"damage":11.0,"enemies":"Exordium Wildlife","floor":10.0,"turns":4.0},{"damage":23.0,"enemies":"Gremlin Nob","floor":11.0,"turns":4.0},{"damage":1.0,"enemies":"Large Slime","floor":12.0,"turns":4.0},{"damage":24.0,"enemies":"The Guardian","floor":16.0,"turns":14.0},{"damage":5.0,"enemies":"Chosen","floor":18.0,"turns":5.0},{"damage":9.0,"enemies":"2 Thieves","floor":20.0,"turns":5.0},{"damage":17.0,"enemies":"Masked Bandits","floor":22.0,"turns":6.0},{"damage":19.0,"enemies":"Cultist and Chosen","floor":27.0,"turns":9.0},{"damage":16,"enemies":"Book of Stabbing","floor":28,"turns":6},{"damage":33,"enemies":"Slavers","floor":30,"turns":5},{"damage":81,"enemies":"Automaton","floor":33,"turns":14}],"seed_played":"-9015566090586168912","potions_obtained":[{"floor":1.0,"key":"Strength Potion"},{"floor":2.0,"key":"Energy Potion"},{"floor":5.0,"key":"LiquidBronze"},{"floor":11.0,"key":"FocusPotion"},{"floor":22.0,"key":"SpeedPotion"},{"floor":27.0,"key":"Ancient Potion"}],"is_trial":false,"path_per_floor":["M","?","M","M","M","R","E","R","T","M","E","M","R","?","R","B",null,"M","$","M","$","?","?","R","T","T","M","E","R","E","?","R","B"],"character_chosen":"DEFECT","items_purchased":["Pantograph"],"campfire_rested":3,"item_purchase_floors":[21],"current_hp_per_floor":[58,58,57,57,56,56,41,41,41,30,7,6,31,31,31,7,66,61,61,52,52,49,49,74,74,74,62,53,53,20,20,45,0],"gold":153,"neow_bonus":"TWENTY_PERCENT_HP_BONUS","is_prod":false,"is_daily":false,"chose_seed":false,"campfire_upgraded":4,"win_rate":0,"timestamp":1548298783,"path_taken":["M","?","M","?","?","R","E","R","T","M","E","M","R","?","R","BOSS","M","$","M","$","?","?","R","?","T","?","E","R","E","?","R","BOSS"],"build_version":"2019-01-23","purchased_purges":1,"victory":false,"max_hp_per_floor":[85,85,85,85,85,85,85,85,85,85,85,85,85,85,85,85,85,85,85,85,85,85,85,85,85,85,85,85,85,85,85,85,85],"card_choices":[{"not_picked":["Auto Shields","Go for the Eyes"],"picked":"Compile Driver","floor":1.0},{"not_picked":["Double Energy","Barrage"],"picked":"Chill","floor":3.0},{"not_picked":["Compile Driver","Gash"],"picked":"Melter","floor":4.0},{"not_picked":["Leap","Skim"],"picked":"Ball Lightning","floor":5.0},{"not_picked":["Force Field","Steam Power"],"picked":"Hologram","floor":7.0},{"not_picked":["Steam","Doom and Gloom","Hologram"],"picked":"Undo","floor":10.0},{"not_picked":["Hyperbeam","Leap","Barrage"],"picked":"Conserve Battery","floor":11.0},{"not_picked":["Double Energy","Streamline","Steam"],"picked":"Genetic Algorithm","floor":12.0},{"not_picked":["Amplify","All For One","Fission"],"picked":"Echo Form","floor":16.0},{"not_picked":["Lockon","Turbo","Streamline"],"picked":"Self Repair","floor":18.0},{"not_picked":["Self Repair","Hologram","Ball Lightning"],"picked":"Stack","floor":20.0},{"not_picked":["Chill","Streamline","Leap"],"picked":"Go for the Eyes","floor":22.0},{"not_picked":["Aggregate","Rip and Tear","Blizzard","Lockon"],"picked":"SKIP","floor":27.0},{"not_picked":["Rebound+1","Multi-Cast","Leap"],"picked":"Fission","floor":28},{"not_picked":["Melter","Sweeping Beam","Compile Driver+1"],"picked":"Coolheaded","floor":30}],"player_experience":1292370,"relics_obtained":[{"floor":7.0,"key":"Tiny Chest"},{"floor":9.0,"key":"Question Card"},{"floor":11.0,"key":"Thread and Needle"},{"floor":22.0,"key":"Red Mask"},{"floor":25.0,"key":"Bronze Scales"},{"floor":28,"key":"Boot"},{"floor":30,"key":"Peace Pipe"}],"event_choices":[{"damage_healed":0.0,"max_hp_gain":0.0,"max_hp_loss":0.0,"gold_gain":0.0,"event_name":"The Woman in Blue","player_choice":"Bought 1 Potion","floor":2.0,"gold_loss":0.0,"damage_taken":0.0},{"damage_healed":0.0,"max_hp_gain":0.0,"max_hp_loss":0.0,"gold_gain":0.0,"event_name":"Liars Game","player_choice":"Ignored","floor":14.0,"gold_loss":0.0,"damage_taken":0.0},{"damage_healed":0.0,"max_hp_gain":0.0,"max_hp_loss":0.0,"gold_gain":0.0,"event_name":"Masked Bandits","player_choice":"Fought Bandits","floor":22.0,"gold_loss":0.0,"damage_taken":0.0},{"cards_removed":["Strike_B"],"damage_healed":0,"gold_gain":0,"player_choice":"Gave Gold","damage_taken":0,"max_hp_gain":0,"max_hp_loss":0,"event_name":"Beggar","floor":31,"gold_loss":75}],"is_beta":true,"boss_relics":[{"not_picked":["Black Star","Sozu"],"picked":"Velvet Choker"}],"items_purged_floors":[19],"is_endless":false,"potions_floor_spawned":[1,5,11,20,22,27],"killed_by":"Automaton","ascension_level":20}