{"path_per_floor":["M","M","M","M","T","R","M","R","T","R","M","?","M","$","R","B",null,"M","$","M","$"],"character_chosen":"DEFECT","items_purchased":["Double Energy","Capacitor","Coolheaded","Cold Snap","Loop","Flux Capacitor"],"gold_per_floor":[118,131,146,158,203,203,221,221,221,221,236,206,220,48,48,153,153,165,114,132,16,16],"floor_reached":22,"campfire_rested":2,"playtime":874,"current_hp_per_floor":[73,72,65,47,47,69,47,69,69,69,63,63,60,60,60,40,75,53,53,49,49,0],"items_purged":[],"gold":16,"score":178,"play_id":"70b1e93c-038a-469f-b1b9-d3859bc77ae8","local_time":"20180429141915","is_prod":false,"is_daily":false,"chose_seed":false,"is_ascension_mode":false,"campfire_upgraded":2,"timestamp":1525025955,"path_taken":["M","M","M","M","?","R","M","R","T","R","M","?","M","$","R","BOSS","M","?","M","$","M"],"build_version":"2018-04-27v3","seed_source_timestamp":1489060267327558,"purchased_purges":0,"victory":false,"master_deck":["Strike_B","Strike_B","Strike_B","Strike_B","Defend_B","Defend_B","Defend_B","Defend_B","Zap","Dualcast","Reboot","Ball Lightning","Streamline+1","Conserve Battery","Capacitor","Creative AI+1","Turbo","Axe Kick","Aggregate","Beam Cell","Double Energy","Capacitor","Coolheaded","Machine Learning","Barrage","Cold Snap","Stack+1","Loop","Flux Capacitor"],"max_hp_per_floor":[75,75,75,75,75,75,75,75,75,75,75,75,75,75,75,75,75,75,75,75,75,75],"relics":["Cracked Core","Dream Catcher","Meat on the Bone","Lizard Tail"],"card_choices":[{"not_picked":["Turbo","Skim"],"picked":"Ball Lightning","floor":1},{"not_picked":["Stack","Barrage"],"picked":"Streamline","floor":2},{"not_picked":["Turbo","Impulse"],"picked":"Conserve Battery","floor":3},{"not_picked":["Defragment","Barrage"],"picked":"Capacitor","floor":4},{"not_picked":["Rebound","Leap"],"picked":"Creative AI","floor":6},{"not_picked":["Gash","Ball Lightning"],"picked":"Turbo","floor":7},{"not_picked":["Go for the Eyes","Rebound"],"picked":"Axe Kick","floor":8},{"not_picked":["Blizzard","Rebound"],"picked":"Aggregate","floor":11},{"not_picked":["Creative AI","Conserve Battery"],"picked":"Beam Cell","floor":13},{"not_picked":["All For One","Reboot"],"picked":"Machine Learning","floor":16},{"not_picked":["Rebound","Go for the Eyes"],"picked":"Barrage","floor":18},{"not_picked":["Gash","Rebound"],"picked":"Stack","floor":20}],"player_experience":323712,"potions_floor_usage":[11,18,22],"damage_taken":[{"damage":2,"enemies":"Cultist","floor":1,"turns":5},{"damage":1,"enemies":"Jaw Worm","floor":2,"turns":3},{"damage":7,"enemies":"Small Slimes","floor":3,"turns":3},{"damage":18,"enemies":"Gremlin Gang","floor":4,"turns":5},{"damage":22,"enemies":"Lots of Slimes","floor":7,"turns":4},{"damage":6,"enemies":"3 Louse","floor":11,"turns":2},{"damage":3,"enemies":"Looter","floor":13,"turns":2},{"damage":32,"enemies":"Slime Boss","floor":16,"turns":7},{"damage":22,"enemies":"3 Byrds","floor":18,"turns":6},{"damage":58,"enemies":"2 Thieves","floor":20,"turns":5},{"damage":49,"enemies":"Slaver and Parasite","floor":22,"turns":4}],"event_choices":[{"event_name":"The Woman in Blue","player_choice":"Bought 2 Potions","floor":12,"damage_taken":0}],"boss_relics":[{"not_picked":["Philosopher\u0027s Stone","Inserter"],"picked":"Lizard Tail"}],"potions_floor_spawned":[2,7,13,20],"seed_played":"-6988938535464099399","killed_by":"Slaver and Parasite","ascension_level":0,"is_trial":false}