{"gold_per_floor":[211,63,63,18,30,64,64,82,82,113,113,145,161,177,177,282,282,294,294,314,157,175,175,175,201,273,291,291,291,303,316,316,417,417,432,452,452,72,84,84,137,137,137,147,147,157,47,61,61,61],"floor_reached":50,"playtime":3174,"items_purged":["Grand Finale+1","Strike_G"],"score":775,"play_id":"36914f37-d0c3-4a1f-b636-879fdc426ec2","local_time":"20180801205543","is_ascension_mode":true,"campfire_choices":[{"floor":7,"key":"REST"},{"floor":11,"key":"REST"},{"floor":15,"key":"REST"},{"floor":23,"key":"REST"},{"data":"Footwork","floor":28,"key":"SMITH"},{"floor":32,"key":"REST"},{"floor":40,"key":"REST"},{"floor":42,"key":"REST"},{"data":"1","floor":45,"key":"LIFT"},{"floor":49,"key":"REST"}],"neow_cost":"NONE","seed_source_timestamp":981630194698805,"circlet_count":0,"master_deck":["Defend_G","Defend_G","Defend_G","Defend_G","Defend_G","Survivor","Neutralize","AscendersBane","Sucker Punch","Deadly Poison","Predator","All Out Attack","Flying Knee","Caltrops","Crippling Poison","Footwork","Tools of the Trade","Dagger Throw+1","Caltrops+1","Endless Agony+1","RitualDagger","Cloak And Dagger","Footwork","PiercingWail","Footwork+1","Dagger Spray+1","Cloak And Dagger","Escape Plan","Dash+1","Distraction","A Thousand Cuts","Acrobatics+1","Blade Dance+1","Backflip+1","Accuracy","Leg Sweep","Noxious Fumes+1","PiercingWail+1","Burst","Sucker Punch+1","Caltrops","Terror","Noxious Fumes","Well Laid Plans"],"relics":["Ring of the Snake","Anchor","Gremlin Horn","Letter Opener","Happy Flower","Bronze Scales","Astrolabe","Lantern","Dream Catcher","Darkstone Periapt","Philosopher\u0027s Stone","Incense Burner","Blood Vial","Girya","Calipers"],"potions_floor_usage":[10,10,16,25,30,37,44,50],"damage_taken":[{"damage":0,"enemies":"Cultist","floor":1,"turns":4},{"damage":0,"enemies":"2 Louse","floor":5,"turns":3},{"damage":36,"enemies":"Gremlin Nob","floor":6,"turns":6},{"damage":0,"enemies":"Small Slimes","floor":8,"turns":2},{"damage":15,"enemies":"Lagavulin","floor":10,"turns":4},{"damage":9,"enemies":"3 Sentries","floor":12,"turns":4},{"damage":1,"enemies":"Blue Slaver","floor":13,"turns":3},{"damage":0,"enemies":"Lots of Slimes","floor":14,"turns":2},{"damage":41,"enemies":"The Guardian","floor":16,"turns":9},{"damage":0,"enemies":"3 Byrds","floor":18,"turns":3},{"damage":13,"enemies":"Chosen","floor":20,"turns":6},{"damage":10,"enemies":"Snake Plant","floor":22,"turns":4},{"damage":9,"enemies":"Book of Stabbing","floor":25,"turns":5},{"damage":11,"enemies":"Slaver and Parasite","floor":27,"turns":5},{"damage":14,"enemies":"Sentry and Sphere","floor":30,"turns":5},{"damage":20,"enemies":"Centurion and Healer","floor":31,"turns":7},{"damage":22,"enemies":"Champ","floor":33,"turns":17},{"damage":2,"enemies":"3 Shapes","floor":35,"turns":4},{"damage":5,"enemies":"Flame Bruiser 1 Orb","floor":36,"turns":7},{"damage":13,"floor":37,"turns":9},{"damage":27,"enemies":"Sphere and 2 Shapes","floor":39,"turns":6},{"damage":20,"floor":41,"turns":6},{"damage":14,"enemies":"3 Darklings","floor":44,"turns":3},{"damage":1,"enemies":"Maw","floor":46,"turns":8},{"damage":35,"enemies":"4 Shapes","floor":48,"turns":3},{"damage":41,"enemies":"Time Eater","floor":50,"turns":3}],"seed_played":"-4705219354231859465","potions_obtained":[{"floor":8,"key":"EntropicBrew"},{"floor":13,"key":"LiquidBronze"},{"floor":16,"key":"GamblersBrew"},{"floor":20,"key":"Regen Potion"},{"floor":22,"key":"Fire Potion"},{"floor":27,"key":"Swift Potion"},{"floor":36,"key":"Regen Potion"},{"floor":37,"key":"Weak Potion"},{"floor":44,"key":"SteroidPotion"}],"is_trial":false,"path_per_floor":["M","$","?","$","M","E","R","M","T","E","R","E","M","M","R","B",null,"M","?","M","$","M","R","T","E","T","M","R","?","M","M","R","B",null,"M","M","?","$","M","R","?","R","T","M","R","M","$","M","R"],"character_chosen":"THE_SILENT","items_purchased":["Anchor","Deadly Poison","Footwork","PiercingWail","Accuracy","Leg Sweep","Blood Vial","Terror","Noxious Fumes"],"campfire_rested":8,"item_purchase_floors":[2,4,21,21,38,38,38,47,47],"current_hp_per_floor":[63,63,56,56,56,20,41,41,41,26,47,38,37,37,58,17,57,57,51,38,38,28,49,49,55,55,44,44,67,53,33,54,32,61,59,54,56,56,31,52,34,55,55,43,43,44,44,11,32,0],"gold":61,"neow_bonus":"HUNDRED_GOLD","is_prod":false,"is_daily":false,"chose_seed":false,"campfire_upgraded":1,"win_rate":0,"timestamp":1533171343,"path_taken":["M","$","?","$","M","E","R","?","T","E","R","E","M","M","R","BOSS","M","?","M","?","M","R","?","E","T","M","R","?","M","M","R","BOSS","M","M","?","$","M","R","?","R","T","?","R","M","?","M","R","BOSS"],"build_version":"2018-07-31","purchased_purges":2,"victory":false,"max_hp_per_floor":[70,70,70,70,70,70,70,70,70,70,70,70,70,70,70,70,70,70,70,70,70,70,70,70,70,70,70,70,70,70,70,70,70,70,70,70,70,70,70,70,70,70,70,70,70,70,70,70,70,70],"card_choices":[{"not_picked":["PiercingWail","Backflip"],"picked":"Sucker Punch","floor":1},{"not_picked":["Riddle With Holes","Poisoned Stab"],"picked":"Predator","floor":5},{"not_picked":["Reflex","Poisoned Stab"],"picked":"All Out Attack","floor":6},{"not_picked":["Tactician","Bane"],"picked":"Flying Knee","floor":8},{"not_picked":["Phantasmal Killer","Bane","Catalyst"],"picked":"SKIP","floor":10},{"not_picked":["Backstab","Backflip"],"picked":"Caltrops","floor":12},{"not_picked":["Endless Agony","PiercingWail"],"picked":"Crippling Poison","floor":13},{"not_picked":["Distraction","PiercingWail"],"picked":"Footwork","floor":14},{"not_picked":["Doppelganger","Grand Finale"],"picked":"Tools of the Trade","floor":16},{"not_picked":["Prepared","Distraction+1"],"picked":"Endless Agony+1","floor":18},{"not_picked":["Dagger Throw","Acrobatics"],"picked":"Cloak And Dagger","floor":20},{"not_picked":["Flying Knee+1","Quick Slash+1"],"picked":"Footwork","floor":22},{"not_picked":["Choke+1","Backstab"],"picked":"Dagger Spray+1","floor":25},{"not_picked":["Calculated Gamble","Dagger Throw+1"],"picked":"Cloak And Dagger","floor":27},{"not_picked":["Predator+1","Well Laid Plans"],"picked":"Escape Plan","floor":30},{"not_picked":["PiercingWail+1","Grand Finale"],"picked":"Dash+1","floor":31},{"not_picked":["Slice","Underhanded Strike"],"picked":"Distraction","floor":32},{"not_picked":["Unload","Venomology"],"picked":"A Thousand Cuts","floor":33},{"not_picked":["PiercingWail+1","Prepared+1"],"picked":"Acrobatics+1","floor":35},{"not_picked":["Bane+1","PiercingWail+1"],"picked":"Blade Dance+1","floor":36},{"not_picked":["Dagger Throw","Catalyst+1"],"picked":"Backflip+1","floor":37},{"not_picked":["Leg Sweep","Tactician+1"],"picked":"Noxious Fumes+1","floor":39},{"not_picked":["Concentrate","Infinite Blades+1"],"picked":"PiercingWail+1","floor":40},{"not_picked":["All Out Attack+1","Prepared"],"picked":"Burst","floor":41},{"not_picked":["PiercingWail","Quick Slash"],"picked":"Sucker Punch+1","floor":44},{"not_picked":["Riddle With Holes","Prepared"],"picked":"Caltrops","floor":46},{"not_picked":["Acrobatics+1","Endless Agony+1","A Thousand Cuts"],"picked":"SKIP","floor":48},{"not_picked":["Expertise+1","All Out Attack"],"picked":"Well Laid Plans","floor":49}],"player_experience":691102,"relics_obtained":[{"floor":6,"key":"Gremlin Horn"},{"floor":9,"key":"Letter Opener"},{"floor":10,"key":"Happy Flower"},{"floor":12,"key":"Bronze Scales"},{"floor":24,"key":"Lantern"},{"floor":25,"key":"Dream Catcher"},{"floor":26,"key":"Darkstone Periapt"},{"floor":37,"key":"Incense Burner"},{"floor":41,"key":"Girya"},{"floor":43,"key":"Calipers"}],"event_choices":[{"event_name":"Golden Wing","player_choice":"Card Removal","floor":3,"damage_taken":0},{"event_name":"Nest","player_choice":"Joined the Cult","floor":19,"damage_taken":0},{"event_name":"The Library","player_choice":"Heal","floor":29,"damage_taken":0},{"event_name":"MindBloom","player_choice":"Fight","floor":37,"damage_taken":0},{"event_name":"Mysterious Sphere","player_choice":"Fight","floor":41,"damage_taken":0}],"is_beta":true,"boss_relics":[{"not_picked":["HoveringKite","Coffee Dripper"],"picked":"Astrolabe"},{"not_picked":["Snecko Eye","WristBlade"],"picked":"Philosopher\u0027s Stone"}],"items_purged_floors":[21,38],"is_endless":false,"potions_floor_spawned":[8,13,16,20,22,27,36,37,41,44],"killed_by":"Time Eater","ascension_level":11}