{"path_per_floor":["M","M","M","M","M","R","E","R","T","M","M","?","M","$","R","B",null,"M","?","M","M","M","R","M"],"character_chosen":"THE_SILENT","items_purchased":["Shuriken"],"gold_per_floor":[116,130,143,162,181,181,214,214,238,255,267,267,288,49,49,168,168,183,183,178,193,217,217,241,241],"floor_reached":25,"campfire_rested":3,"playtime":1501,"current_hp_per_floor":[68,66,60,46,43,43,25,46,46,42,39,39,38,38,59,49,70,70,70,39,25,31,52,19,0],"items_purged":[],"gold":241,"score":211,"play_id":"d51defae-afee-4de8-b9e8-eea7e39b5407","local_time":"20180331193524","is_prod":false,"is_daily":false,"is_ascension_mode":false,"campfire_upgraded":1,"timestamp":1522539324,"path_taken":["M","M","M","M","M","R","E","R","T","M","M","?","M","$","R","BOSS","M","?","M","M","M","R","?","?"],"build_version":"2018-03-29","purchased_purges":0,"victory":false,"master_deck":["Defend_G","Defend_G","Defend_G","Defend_G","Defend_G","Strike_G","Strike_G","Strike_G+1","Strike_G","Strike_G+1","Survivor","Neutralize","Malaise","Escape Plan","Noxious Fumes+1","Dagger Spray","Blade Dance","PiercingWail","Backflip","Backflip","Injury","Terror","Tools of the Trade","Neutralize","Footwork","Slice","Finisher+1","Blade Dance"],"max_hp_per_floor":[70,70,70,70,70,70,70,70,70,70,70,70,70,70,70,70,70,70,70,70,70,70,70,70,70],"relics":["Runic Pyramid","Vajra","Whetstone","Golden Idol","Shuriken","Lizard Tail"],"card_choices":[{"not_picked":["Prepared","PiercingWail"],"picked":"Malaise","floor":1.0},{"not_picked":["Slice","Quick Slash"],"picked":"Escape Plan","floor":2.0},{"not_picked":["Deflect","Malaise"],"picked":"Noxious Fumes","floor":3.0},{"not_picked":["Prepared","Dagger Throw"],"picked":"Dagger Spray","floor":4.0},{"not_picked":["PiercingWail","Sucker Punch"],"picked":"Blade Dance","floor":5.0},{"not_picked":["Expertise","Poisoned Stab"],"picked":"PiercingWail","floor":7.0},{"not_picked":["Quick Slash","Leg Sweep"],"picked":"Backflip","floor":10.0},{"not_picked":["Storm of Steel","PiercingWail"],"picked":"Backflip","floor":11.0},{"not_picked":["Slice","All Out Attack"],"picked":"Terror","floor":13.0},{"not_picked":["Venomology","Tactician"],"picked":"Tools of the Trade","floor":16.0},{"not_picked":["Underhanded Strike","Deadly Poison"],"picked":"Footwork","floor":20.0},{"not_picked":["Crippling Poison","Acrobatics"],"picked":"Slice","floor":21.0},{"not_picked":["Malaise","Outmaneuver"],"picked":"Finisher","floor":22},{"not_picked":["Predator","Dagger Throw"],"picked":"Blade Dance","floor":24}],"player_experience":40020,"potions_floor_usage":[22,25],"damage_taken":[{"damage":2.0,"enemies":"Small Slimes","floor":1.0,"turns":4.0},{"damage":2.0,"enemies":"Cultist","floor":2.0,"turns":7.0},{"damage":6.0,"enemies":"Jaw Worm","floor":3.0,"turns":7.0},{"damage":14.0,"enemies":"Lots of Slimes","floor":4.0,"turns":5.0},{"damage":3.0,"enemies":"Exordium Wildlife","floor":5.0,"turns":4.0},{"damage":18.0,"enemies":"Lagavulin","floor":7.0,"turns":7.0},{"damage":4.0,"enemies":"Gremlin Gang","floor":10.0,"turns":3.0},{"damage":3.0,"enemies":"Blue Slaver","floor":11.0,"turns":5.0},{"damage":1.0,"enemies":"3 Louse","floor":13.0,"turns":3.0},{"damage":10.0,"enemies":"The Guardian","floor":16.0,"turns":11.0},{"damage":12.0,"enemies":"Shell Parasite","floor":18.0,"turns":9.0},{"damage":31.0,"enemies":"2 Thieves","floor":20.0,"turns":4.0},{"damage":14.0,"enemies":"Snake Plant","floor":21.0,"turns":7.0},{"damage":54,"enemies":"Cultist and Chosen","floor":22,"turns":10},{"damage":33,"enemies":"Centurion and Healer","floor":24,"turns":7},{"damage":20,"enemies":"Sentry and Sphere","floor":25,"turns":5}],"event_choices":[{"event_name":"Golden Idol","player_choice":"Take Wound","floor":12.0,"damage_taken":0.0},{"event_name":"Match and Keep!","player_choice":"1 cards matched","floor":19.0,"damage_taken":0.0}],"boss_relics":[],"potions_floor_spawned":[1,3,4,10,18,21,24],"seed_played":"826808236470403798","killed_by":"Sentry and Sphere","ascension_level":0,"is_trial":false}