{"gold_per_floor":[118,134,134,134,111,111,146,146,146,180,180,191,215,230,230,230],"floor_reached":16,"playtime":526,"items_purged":[],"score":113,"play_id":"bc148eb5-292d-4d63-9ca7-b7fdff7071b8","local_time":"20190104213333","is_ascension_mode":true,"campfire_choices":[{"data":"True Grit","floor":6,"key":"SMITH"},{"floor":8,"key":"REST"},{"floor":11,"key":"REST"},{"data":"Sword Boomerang","floor":15,"key":"SMITH"}],"neow_cost":"NONE","seed_source_timestamp":351034787760896,"circlet_count":0,"master_deck":["Strike_R","Strike_R","Strike_R","Strike_R","Defend_R","Defend_R","Defend_R","Defend_R","Bash","Headbutt","Headbutt","True Grit+1","Searing Blow","Sword Boomerang+1","Clothesline","Reaper"],"relics":["Burning Blood","Blood Vial","Calipers","Singing Bowl","Smiling Mask"],"potions_floor_usage":[10],"damage_taken":[{"damage":0,"enemies":"Small Slimes","floor":1,"turns":4},{"damage":11,"enemies":"Jaw Worm","floor":2,"turns":5},{"damage":59,"enemies":"Lagavulin","floor":7,"turns":8},{"damage":43,"enemies":"3 Sentries","floor":10,"turns":10},{"damage":1,"enemies":"Cultist","floor":12,"turns":3},{"damage":11,"enemies":"Blue Slaver","floor":14,"turns":4},{"damage":79,"enemies":"Slime Boss","floor":16,"turns":8}],"seed_played":"4846976217522930620","potions_obtained":[{"floor":7,"key":"LiquidBronze"},{"floor":14,"key":"SneckoOil"}],"is_trial":false,"path_per_floor":["M","M","?","?","$","R","E","R","T","E","R","M","T","M","R","B"],"character_chosen":"IRONCLAD","items_purchased":["True Grit"],"campfire_rested":2,"item_purchase_floors":[5],"current_hp_per_floor":[88,83,88,81,81,81,28,55,55,20,47,54,54,51,51,0],"gold":230,"neow_bonus":"TEN_PERCENT_HP_BONUS","is_prod":false,"is_daily":false,"chose_seed":false,"campfire_upgraded":2,"win_rate":0,"timestamp":1546655613,"path_taken":["M","M","?","?","$","R","E","R","T","E","R","M","?","M","R","BOSS"],"build_version":"2019-01-03v4","purchased_purges":0,"victory":false,"max_hp_per_floor":[88,88,93,93,93,93,93,93,93,93,93,93,93,93,93,93],"card_choices":[{"not_picked":["Shrug It Off","True Grit"],"picked":"Headbutt","floor":1},{"not_picked":["Combust","Hemokinesis"],"picked":"Headbutt","floor":2},{"not_picked":["True Grit","Blood for Blood"],"picked":"Searing Blow","floor":7},{"not_picked":["Flex","Rage"],"picked":"Sword Boomerang","floor":10},{"not_picked":["Flex","Brutality"],"picked":"Clothesline","floor":12},{"not_picked":["Iron Wave","Twin Strike"],"picked":"Reaper","floor":14}],"player_experience":1165575,"relics_obtained":[{"floor":7,"key":"Blood Vial"},{"floor":9,"key":"Calipers"},{"floor":10,"key":"Singing Bowl"},{"floor":13,"key":"Smiling Mask"}],"event_choices":[{"damage_healed":0,"gold_gain":0,"player_choice":"Donut","damage_taken":0,"max_hp_gain":5,"max_hp_loss":0,"event_name":"Big Fish","floor":3,"gold_loss":0},{"cards_removed":["Strike_R"],"damage_healed":0,"gold_gain":0,"player_choice":"Card Removal","damage_taken":7,"max_hp_gain":0,"max_hp_loss":0,"event_name":"Golden Wing","floor":4,"gold_loss":0}],"is_beta":true,"boss_relics":[],"items_purged_floors":[],"is_endless":false,"potions_floor_spawned":[7,14],"killed_by":"Slime Boss","ascension_level":1}