{"gold_per_floor":[111,122,47,64,64,64,64,105,186,186,16,35,60,22,22,146,146,162,162,162,180,180,221,241,241,314,334,358,371,371,396,396,396],"floor_reached":33,"playtime":1446,"items_purged":["Strike_R","Strike_R"],"score":510,"play_id":"7c194137-895d-4448-b8f8-19c0a0aee060","local_time":"20181216205523","is_ascension_mode":true,"campfire_choices":[{"data":"Bash","floor":6,"key":"SMITH"},{"data":"Uppercut","floor":10,"key":"SMITH"},{"floor":15,"key":"REST"},{"floor":25,"key":"REST"},{"floor":30,"key":"REST"},{"floor":32,"key":"REST"}],"neow_cost":"NONE","seed_source_timestamp":118076208155942,"circlet_count":0,"master_deck":["AscendersBane","Strike_R","Strike_R","Strike_R","Defend_R","Defend_R+1","Defend_R","Defend_R","Bash+1","Battle Trance+1","Anger","Headbutt","Uppercut+1","Inflame","Fire Breathing","Rampage","Reaper","Spot Weakness","True Grit","Flash of Steel","Battle Trance+1","Evolve","Battle Trance","Barricade","Rage"],"relics":["Burning Blood","Bag of Marbles","Golden Idol","War Paint","Sundial","Sozu","Orichalcum"],"potions_floor_usage":[8],"damage_taken":[{"damage":8,"enemies":"Jaw Worm","floor":1,"turns":5},{"damage":0,"enemies":"Small Slimes","floor":2,"turns":3},{"damage":1,"enemies":"Cultist","floor":4,"turns":3},{"damage":16,"enemies":"Gremlin Nob","floor":8,"turns":3},{"damage":4,"enemies":"2 Fungi Beasts","floor":12,"turns":2},{"damage":25,"enemies":"Gremlin Gang","floor":13,"turns":5},{"damage":0,"enemies":"Slime Boss","floor":16,"turns":5},{"damage":19,"enemies":"Spheric Guardian","floor":18,"turns":4},{"damage":19,"enemies":"3 Byrds","floor":21,"turns":7},{"damage":57,"enemies":"Gremlin Leader","floor":23,"turns":5},{"damage":20,"enemies":"Sentry and Sphere","floor":24,"turns":5},{"damage":33,"enemies":"Cultist and Chosen","floor":27,"turns":6},{"damage":25,"enemies":"Snake Plant","floor":28,"turns":4},{"damage":19,"enemies":"Shelled Parasite and Fungi","floor":29,"turns":5},{"damage":10,"enemies":"Cultist and Chosen","floor":31,"turns":5},{"damage":83,"enemies":"Collector","floor":33,"turns":7}],"seed_played":"-4524746320470597100","potions_obtained":[{"floor":1,"key":"FearPotion"},{"floor":16,"key":"LiquidBronze"}],"is_trial":false,"path_per_floor":["M","M","$","M","?","R","?","E","T","R","$","M","M","$","R","B",null,"M","?","?","M","?","E","M","R","T","M","M","M","R","M","R","B"],"character_chosen":"IRONCLAD","items_purchased":["Inflame","Rampage"],"campfire_rested":4,"item_purchase_floors":[11,14],"current_hp_per_floor":[70,76,76,80,80,80,60,50,50,50,50,52,33,33,57,63,76,63,63,63,65,65,29,24,48,48,43,30,24,48,44,68,0],"gold":396,"neow_bonus":"RANDOM_COMMON_RELIC","is_prod":false,"is_daily":false,"chose_seed":false,"campfire_upgraded":2,"win_rate":0,"timestamp":1545011723,"path_taken":["M","M","$","M","?","R","?","E","T","R","?","M","M","$","R","BOSS","M","?","?","?","?","E","M","R","T","?","M","M","R","M","R","BOSS"],"build_version":"2018-12-13","purchased_purges":2,"victory":false,"max_hp_per_floor":[80,80,80,80,80,80,80,80,80,80,80,80,80,80,80,80,80,80,80,80,80,80,80,80,80,80,80,80,80,80,80,80,80],"card_choices":[{"not_picked":["Pummel","Warcry"],"picked":"Battle Trance","floor":1},{"not_picked":["Heavy Blade","Shrug It Off"],"picked":"Anger","floor":2},{"not_picked":["Body Slam","Combust"],"picked":"Headbutt","floor":4},{"not_picked":["Flex","Cleave"],"picked":"Uppercut","floor":8},{"not_picked":["Infernal Blade","Uppercut","Flex"],"picked":"SKIP","floor":12},{"not_picked":["Rupture","Clash"],"picked":"Fire Breathing","floor":13},{"not_picked":["Offering","Demon Form"],"picked":"Reaper","floor":16},{"not_picked":["Warcry","Twin Strike"],"picked":"Spot Weakness","floor":18},{"not_picked":["Wild Strike","Thunderclap+1","Anger"],"picked":"SKIP","floor":21},{"not_picked":["Wild Strike","Battle Trance"],"picked":"Evolve","floor":23},{"not_picked":["Brutality","Thunderclap","Sword Boomerang"],"picked":"SKIP","floor":24},{"not_picked":["Body Slam","Iron Wave+1"],"picked":"Battle Trance","floor":27},{"not_picked":["Corruption","Havoc","Uppercut"],"picked":"SKIP","floor":28},{"not_picked":["Clash","Intimidate"],"picked":"Barricade","floor":29},{"not_picked":["Havoc","Iron Wave"],"picked":"Rage","floor":31}],"player_experience":1000213,"relics_obtained":[{"floor":8,"key":"War Paint"},{"floor":9,"key":"Sundial"},{"floor":23,"key":"Orichalcum"}],"event_choices":[{"damage_healed":0,"gold_gain":0,"player_choice":"Ignored","damage_taken":0,"max_hp_gain":0,"max_hp_loss":0,"event_name":"Liars Game","floor":5,"gold_loss":0},{"damage_healed":0,"gold_gain":0,"player_choice":"Take Damage","damage_taken":20,"relics_obtained":["Golden Idol"],"max_hp_gain":0,"max_hp_loss":0,"event_name":"Golden Idol","floor":7,"gold_loss":0},{"damage_healed":0,"gold_gain":0,"player_choice":"Ignored","damage_taken":0,"max_hp_gain":0,"max_hp_loss":0,"event_name":"Vampires","floor":19,"gold_loss":0},{"damage_healed":0,"gold_gain":0,"player_choice":"2 cards matched","damage_taken":0,"max_hp_gain":0,"max_hp_loss":0,"event_name":"Match and Keep!","floor":20,"gold_loss":0,"cards_obtained":["True Grit","Flash of Steel"]},{"damage_healed":0,"gold_gain":0,"player_choice":"Copied","damage_taken":0,"max_hp_gain":0,"max_hp_loss":0,"event_name":"Duplicator","floor":22,"gold_loss":0,"cards_obtained":["Battle Trance"]}],"is_beta":true,"boss_relics":[{"not_picked":["Empty Cage","Philosopher\u0027s Stone"],"picked":"Sozu"}],"items_purged_floors":[3,11],"is_endless":false,"potions_floor_spawned":[1,16,23,24,28,31],"killed_by":"Collector","ascension_level":12}