{"gold_per_floor":[116,116,134,153,169,169,182,182,182,182,192,220,233,308,308,411,411,426,60,50,67,77,77,106,106,160,160,180,192,247,277,289,403,415,440,274,288,288,302,302,317,317,317,348,362,373,392,405,405,405],"floor_reached":50,"playtime":3024,"items_purged":["Shame"],"score":806,"play_id":"70d234f4-064e-4e0d-a711-d2f3ce4911c6","local_time":"20180806212710","is_ascension_mode":true,"campfire_choices":[{"data":"Neutralize","floor":6,"key":"SMITH"},{"data":"Blade Dance","floor":8,"key":"SMITH"},{"floor":15,"key":"REST"},{"floor":23,"key":"REST"},{"data":"After Image","floor":25,"key":"SMITH"},{"floor":32,"key":"REST"},{"data":"A Thousand Cuts","floor":40,"key":"SMITH"},{"data":"Cloak And Dagger","floor":42,"key":"SMITH"},{"floor":49,"key":"REST"}],"neow_cost":"","seed_source_timestamp":0,"circlet_count":0,"master_deck":["Defend_G","Defend_G","Defend_G","Defend_G","Defend_G","Strike_G+1","Strike_G","Strike_G","Strike_G","Survivor+1","Neutralize+1","AscendersBane","Poisoned Stab+1","Flying Knee","Flechettes","Blade Dance+1","After Image+1","Cloak And Dagger+1","Footwork","Malaise","Backflip","Infinite Blades","Cloak And Dagger","Slice","Accuracy","Dodge and Roll","Doubt","Injury","Finisher","Corpse Explosion","Cloak And Dagger+1","A Thousand Cuts+1","Accuracy","Footwork","Slice+1","Deflect+1","Backflip+1","Shame","Infinite Blades+1","Backstab+1","Infinite Blades+1","Leg Sweep","Riddle With Holes+1"],"relics":["Ring of the Serpent","Meat on the Bone","Bird Faced Urn","Cursed Key","Kunai","The Courier","Happy Flower","MawBank","Shuriken","Pen Nib"],"potions_floor_usage":[11,20,29,33,39,44,48,50],"damage_taken":[{"damage":2,"enemies":"Jaw Worm","floor":1,"turns":5},{"damage":0,"enemies":"Small Slimes","floor":3,"turns":3},{"damage":1,"enemies":"Cultist","floor":4,"turns":4},{"damage":3,"enemies":"Blue Slaver","floor":5,"turns":5},{"damage":10,"enemies":"2 Fungi Beasts","floor":7,"turns":4},{"damage":21,"enemies":"Gremlin Gang","floor":11,"turns":4},{"damage":8,"enemies":"3 Sentries","floor":12,"turns":10},{"damage":2,"enemies":"Blue Slaver","floor":13,"turns":3},{"damage":25,"enemies":"The Guardian","floor":16,"turns":15},{"damage":3,"enemies":"3 Byrds","floor":18,"turns":7},{"damage":17,"enemies":"2 Thieves","floor":20,"turns":4},{"damage":8,"enemies":"Cultist and Chosen","floor":21,"turns":7},{"damage":15,"enemies":"Sentry and Sphere","floor":22,"turns":8},{"damage":18,"enemies":"Book of Stabbing","floor":24,"turns":8},{"damage":35,"enemies":"3 Cultists","floor":28,"turns":8},{"damage":0,"enemies":"Snake Plant","floor":29,"turns":7},{"damage":27,"enemies":"Cultist and Chosen","floor":31,"turns":7},{"damage":37,"enemies":"Collector","floor":33,"turns":14},{"damage":6,"enemies":"Flame Bruiser 1 Orb","floor":35,"turns":7},{"damage":11,"enemies":"3 Shapes","floor":37,"turns":4},{"damage":18,"enemies":"Sphere and 2 Shapes","floor":39,"turns":7},{"damage":22,"enemies":"Spire Growth","floor":41,"turns":7},{"damage":11,"enemies":"Nemesis","floor":44,"turns":5},{"damage":39,"enemies":"Transient","floor":45,"turns":5},{"damage":14,"enemies":"Maw","floor":46,"turns":6},{"damage":9,"enemies":"Spire Growth","floor":47,"turns":4},{"damage":18,"enemies":"4 Shapes","floor":48,"turns":3},{"damage":87,"enemies":"Donu and Deca","floor":50,"turns":7}],"seed_played":"-6887432318696554911","potions_obtained":[{"floor":3,"key":"Poison Potion"},{"floor":7,"key":"Ancient Potion"},{"floor":13,"key":"SteroidPotion"},{"floor":18,"key":"Explosive Potion"},{"floor":28,"key":"PowerPotion"},{"floor":29,"key":"Strength Potion"},{"floor":35,"key":"Block Potion"},{"floor":44,"key":"Ancient Potion"},{"floor":47,"key":"Poison Potion"}],"is_trial":false,"path_per_floor":["M","?","M","M","M","R","M","R","T","?","M","E","M","?","R","B",null,"M","$","M","M","M","R","E","R","T","?","M","M","T","M","R","B",null,"M","$","M","?","M","R","M","R","T","E","M","M","M","M","R"],"character_chosen":"THE_SILENT","items_purchased":["Kunai","Infinite Blades","Cloak And Dagger","Accuracy","Footwork"],"campfire_rested":4,"item_purchase_floors":[19,19,19,36,36],"current_hp_per_floor":[61,47,47,46,43,43,33,33,33,33,24,28,40,29,50,41,63,64,64,51,49,40,61,51,51,51,51,36,46,46,37,58,41,63,67,67,63,63,57,57,49,49,49,50,33,47,48,38,59,0],"gold":405,"neow_bonus":"","is_prod":false,"is_daily":false,"chose_seed":true,"campfire_upgraded":5,"win_rate":0,"timestamp":1533605230,"path_taken":["M","?","M","?","M","R","M","R","T","?","M","E","?","?","R","BOSS","M","?","M","M","M","R","E","R","T","?","M","M","?","M","R","BOSS","M","$","M","?","M","R","M","R","T","E","M","M","M","M","R","BOSS"],"build_version":"2018-08-01","purchased_purges":1,"victory":false,"max_hp_per_floor":[70,70,70,70,70,70,70,70,70,70,70,70,70,70,70,70,70,70,70,70,70,70,70,70,70,70,70,70,70,70,70,70,70,70,70,70,70,70,70,70,70,70,70,70,70,70,70,70,70,70],"card_choices":[{"not_picked":["Dagger Throw","Dodge and Roll"],"picked":"Poisoned Stab","floor":1},{"not_picked":["Choke","Outmaneuver","Bane"],"picked":"SKIP","floor":3},{"not_picked":["Bouncing Flask","Acrobatics"],"picked":"Flying Knee","floor":4},{"not_picked":["Outmaneuver","Sucker Punch"],"picked":"Flechettes","floor":5},{"not_picked":["Slice","Flechettes"],"picked":"Blade Dance","floor":7},{"not_picked":["Setup","Choke"],"picked":"After Image","floor":11},{"not_picked":["Bane","Acrobatics"],"picked":"Cloak And Dagger","floor":12},{"not_picked":["Sucker Punch","All Out Attack"],"picked":"Footwork","floor":13},{"not_picked":["Bullet Time","Doppelganger"],"picked":"Malaise","floor":16},{"not_picked":["Poisoned Stab","Deflect+1"],"picked":"Backflip","floor":18},{"not_picked":["Prepared+1","Concentrate"],"picked":"Slice","floor":20},{"not_picked":["Quick Slash","PiercingWail"],"picked":"Accuracy","floor":21},{"not_picked":["Sucker Punch","Acrobatics"],"picked":"Dodge and Roll","floor":22},{"not_picked":["Masterful Stab+1","Flying Knee","Quick Slash"],"picked":"SKIP","floor":24},{"not_picked":["Catalyst","Dash"],"picked":"Finisher","floor":28},{"not_picked":["Predator+1","Riddle With Holes"],"picked":"Corpse Explosion","floor":29},{"not_picked":["Predator+1","Flying Knee"],"picked":"Cloak And Dagger","floor":31},{"not_picked":["Grand Finale","Tools of the Trade"],"picked":"A Thousand Cuts","floor":33},{"not_picked":["Reflex","Dash+1","Flying Knee"],"picked":"SKIP","floor":35},{"not_picked":["Dagger Throw+1","Catalyst+1"],"picked":"Slice+1","floor":37},{"not_picked":["Outmaneuver+1","Heel Hook"],"picked":"Deflect+1","floor":39},{"not_picked":["Deflect","Slice"],"picked":"Backflip+1","floor":41},{"not_picked":["Calculated Gamble","Eviscerate"],"picked":"Infinite Blades+1","floor":44},{"not_picked":["Acrobatics","Sucker Punch+1"],"picked":"Backstab+1","floor":45},{"not_picked":["Footwork","Prepared"],"picked":"Infinite Blades+1","floor":46},{"not_picked":["Deadly Poison+1","Quick Slash+1"],"picked":"Leg Sweep","floor":47},{"not_picked":["Distraction+1","Expertise"],"picked":"Riddle With Holes+1","floor":48}],"player_experience":740542,"relics_obtained":[{"floor":9,"key":"Meat on the Bone"},{"floor":12,"key":"Bird Faced Urn"},{"floor":24,"key":"The Courier"},{"floor":26,"key":"Happy Flower"},{"floor":30,"key":"MawBank"},{"floor":43,"key":"Shuriken"},{"floor":44,"key":"Pen Nib"}],"event_choices":[{"event_name":"Shining Light","player_choice":"Entered Light","floor":2,"damage_taken":0},{"event_name":"Living Wall","player_choice":"Grow","floor":10,"damage_taken":0},{"event_name":"World of Goop","player_choice":"Gather Gold","floor":14,"damage_taken":0},{"event_name":"Accursed Blacksmith","player_choice":"Forge","floor":27,"damage_taken":0},{"event_name":"Falling","player_choice":"Removed Attack","floor":38,"damage_taken":0}],"is_beta":true,"boss_relics":[{"not_picked":["Tiny House","Eternal Feather"],"picked":"Cursed Key"},{"not_picked":["Lizard Tail","Pandora\u0027s Box"],"picked":"Ring of the Serpent"}],"items_purged_floors":[36],"is_endless":false,"potions_floor_spawned":[3,7,13,18,28,29,31,35,44,47],"killed_by":"Donu and Deca","ascension_level":11}