{"gold_per_floor":[115,115,134,134,18,18,45,45,45,56,73,107,107,126,126,227,227,242,262,214,214,226,226,122,122,122,122,137,162,162,177,177,177],"floor_reached":33,"playtime":1062,"items_purged":[],"score":464,"play_id":"bad37a17-0b73-4cf2-9841-a79b3f4106b0","local_time":"20180717203231","is_ascension_mode":true,"campfire_choices":[{"data":"Uppercut","floor":6,"key":"SMITH"},{"data":"True Grit","floor":13,"key":"SMITH"},{"data":"Demon Form","floor":15,"key":"SMITH"},{"floor":23,"key":"REST"},{"floor":25,"key":"REST"},{"floor":30,"key":"REST"},{"floor":32,"key":"REST"}],"neow_cost":"NONE","seed_source_timestamp":2848492216831532,"circlet_count":0,"master_deck":["Strike_R+1","Strike_R","Strike_R","Defend_R+1","Defend_R","Defend_R","Defend_R","Bash+1","Pommel Strike","Immolate+1","Clothesline","True Grit+1","Uppercut+1","Demon Form+1","Heavy Blade","Battle Trance","Fiend Fire","Flame Barrier","Flame Barrier","Rampage","Feel No Pain","Pummel","Metallicize","Headbutt"],"relics":["Burning Blood","NeowsBlessing","Whetstone","Pantograph","Ancient Tea Set","Fusion Hammer","Mercury Hourglass","Juzu Bracelet"],"potions_floor_usage":[16,16,22,22,27,27,33],"damage_taken":[{"damage":0,"enemies":"Small Slimes","floor":1,"turns":1},{"damage":0,"enemies":"Cultist","floor":3,"turns":1},{"damage":0,"enemies":"3 Sentries","floor":7,"turns":2},{"damage":0,"enemies":"2 Louse","floor":10,"turns":1},{"damage":5,"enemies":"Red Slaver","floor":11,"turns":4},{"damage":30,"enemies":"Lagavulin","floor":12,"turns":6},{"damage":0,"enemies":"2 Fungi Beasts","floor":14,"turns":1},{"damage":71,"enemies":"Hexaghost","floor":16,"turns":11},{"damage":19,"enemies":"2 Thieves","floor":18,"turns":3},{"damage":3,"enemies":"Chosen","floor":19,"turns":3},{"damage":1,"enemies":"Sentry and Sphere","floor":22,"turns":5},{"damage":10,"enemies":"Book of Stabbing","floor":27,"turns":4},{"damage":39,"enemies":"Slaver and Parasite","floor":28,"turns":6},{"damage":12,"enemies":"Gremlin Leader","floor":29,"turns":7},{"damage":23,"enemies":"Centurion and Healer","floor":31,"turns":3},{"damage":96,"enemies":"Champ","floor":33,"turns":10}],"seed_played":"-933008416917829838","potions_obtained":[{"floor":1,"key":"Weak Potion"},{"floor":10,"key":"EssenceOfSteel"},{"floor":18,"key":"LiquidBronze"},{"floor":19,"key":"BloodPotion"},{"floor":22,"key":"SmokeBomb"},{"floor":28,"key":"Block Potion"}],"is_trial":false,"path_per_floor":["M","?","M","?","$","R","E","?","T","M","M","E","R","M","R","B",null,"M","M","$","?","M","R","$","R","T","E","M","E","R","M","R"],"character_chosen":"IRONCLAD","items_purchased":["True Grit","Uppercut","Block Potion","Feel No Pain","Pummel"],"campfire_rested":4,"item_purchase_floors":[5,5,20,24,24],"current_hp_per_floor":[78,78,80,64,64,64,70,70,70,76,77,53,53,59,59,15,64,51,54,54,54,67,80,80,80,80,76,43,37,61,44,68,0],"gold":177,"neow_bonus":"THREE_ENEMY_KILL","is_prod":false,"is_daily":false,"chose_seed":true,"campfire_upgraded":3,"win_rate":0,"timestamp":1531873951,"path_taken":["M","?","?","?","$","R","E","?","T","M","M","E","R","M","R","BOSS","M","?","$","?","?","R","?","R","T","E","M","E","R","M","R","BOSS"],"build_version":"2018-07-16","purchased_purges":0,"victory":false,"max_hp_per_floor":[80,80,80,80,80,80,80,80,80,80,80,80,80,80,80,80,80,80,80,80,80,80,80,80,80,80,80,80,80,80,80,80,80],"card_choices":[{"not_picked":["Dual Wield","Havoc"],"picked":"Pommel Strike","floor":1},{"not_picked":["Ghostly Armor","Sword Boomerang"],"picked":"Clothesline","floor":3},{"not_picked":["Infernal Blade","Warcry"],"picked":"Demon Form","floor":7},{"not_picked":["Wild Strike","Thunderclap"],"picked":"Heavy Blade","floor":10},{"not_picked":["Flex","Iron Wave","Clothesline"],"picked":"SKIP","floor":11},{"not_picked":["Anger","Combust"],"picked":"Battle Trance","floor":12},{"not_picked":["Wild Strike","Thunderclap","Berserk"],"picked":"SKIP","floor":14},{"not_picked":["Exhume","Berserk"],"picked":"Fiend Fire","floor":16},{"not_picked":["Searing Blow","Second Wind","Cleave"],"picked":"SKIP","floor":18},{"not_picked":["Blood for Blood","Clash+1"],"picked":"Flame Barrier","floor":19},{"not_picked":["Corruption","Perfected Strike"],"picked":"Rampage","floor":22},{"not_picked":["Clothesline","Iron Wave"],"picked":"Metallicize","floor":28},{"not_picked":["Inflame","Blood for Blood"],"picked":"Headbutt","floor":29},{"not_picked":["Rupture","Carnage","Headbutt"],"picked":"SKIP","floor":31}],"player_experience":583645,"relics_obtained":[{"floor":7,"key":"Whetstone"},{"floor":9,"key":"Pantograph"},{"floor":12,"key":"Ancient Tea Set"},{"floor":26,"key":"Mercury Hourglass"},{"floor":29,"key":"Juzu Bracelet"}],"event_choices":[{"event_name":"Transmorgrifier","player_choice":"Transform","floor":2,"damage_taken":0},{"event_name":"Shining Light","player_choice":"Entered Light","floor":4,"damage_taken":0},{"event_name":"Bonfire Elementals","player_choice":"BASIC","floor":8,"damage_taken":0},{"event_name":"Duplicator","player_choice":"One dupe","floor":21,"damage_taken":0}],"boss_relics":[{"not_picked":["Ectoplasm","Busted Crown"],"picked":"Fusion Hammer"}],"items_purged_floors":[],"is_endless":false,"potions_floor_spawned":[1,10,18,19,22,28],"killed_by":"Champ","ascension_level":9}