{"gold_per_floor":[116,128,78,97,117,117,147,125,125,125,138,148,162,162,162,162],"floor_reached":16,"playtime":842,"items_purged":[],"score":156,"play_id":"fc08f816-0144-4d4f-bb4a-8796e930c53c","local_time":"20180630144236","is_ascension_mode":true,"campfire_choices":[{"data":"Neutralize","floor":6,"key":"SMITH"},{"data":"Calculated Gamble","floor":10,"key":"SMITH"},{"floor":15,"key":"REST"}],"neow_cost":"NONE","seed_source_timestamp":1359741592844405,"circlet_count":0,"master_deck":["Defend_G","Defend_G","Defend_G","Defend_G","Defend_G","Strike_G","Strike_G","Strike_G","Strike_G","Survivor","Neutralize+1","AscendersBane","Escape Plan","Calculated Gamble+1","Poisoned Stab","Footwork+1","Dagger Spray","Backflip","Flying Knee","Cloak And Dagger","Backstab"],"relics":["Ring of the Snake","Blue Candle","Tough Bandages"],"potions_floor_usage":[12,16,16],"damage_taken":[{"damage":0,"enemies":"Cultist","floor":1,"turns":4},{"damage":0,"enemies":"2 Louse","floor":2,"turns":5},{"damage":2,"enemies":"Small Slimes","floor":4,"turns":4},{"damage":7,"enemies":"Looter","floor":5,"turns":4},{"damage":17,"enemies":"3 Sentries","floor":7,"turns":16},{"damage":0,"enemies":"Lots of Slimes","floor":11,"turns":3},{"damage":7,"enemies":"Gremlin Gang","floor":12,"turns":6},{"damage":2,"enemies":"Blue Slaver","floor":13,"turns":4},{"damage":61,"enemies":"Hexaghost","floor":16,"turns":11}],"seed_played":"1475353628105578552","potions_obtained":[{"floor":4,"key":"GamblersBrew"},{"floor":5,"key":"SneckoOil"},{"floor":11,"key":"Energy Potion"},{"floor":12,"key":"SteroidPotion"}],"is_trial":false,"path_per_floor":["M","M","?","M","M","R","E","$","T","R","M","M","M","?","R"],"character_chosen":"THE_SILENT","items_purchased":["Backflip"],"campfire_rested":1,"item_purchase_floors":[8],"current_hp_per_floor":[70,70,70,68,61,61,44,44,44,44,44,37,35,35,58,0],"gold":162,"neow_bonus":"TEN_PERCENT_HP_BONUS","is_prod":false,"is_daily":false,"chose_seed":false,"campfire_upgraded":2,"win_rate":0,"timestamp":1530384156,"path_taken":["M","?","?","M","M","R","E","$","T","R","M","M","M","?","R","BOSS"],"build_version":"2018-06-29","purchased_purges":0,"victory":false,"max_hp_per_floor":[77,77,77,77,77,77,77,77,77,77,77,77,77,77,77,77],"card_choices":[{"not_picked":["Dagger Throw","Bouncing Flask"],"picked":"Escape Plan","floor":1},{"not_picked":["Bane","Deflect"],"picked":"Calculated Gamble","floor":2},{"not_picked":["Reflex","Setup"],"picked":"Poisoned Stab","floor":4},{"not_picked":["Masterful Stab","Bouncing Flask"],"picked":"Footwork","floor":5},{"not_picked":["Setup","Cloak And Dagger"],"picked":"Dagger Spray","floor":7},{"not_picked":["All Out Attack","Slice"],"picked":"Flying Knee","floor":11},{"not_picked":["Sucker Punch","Setup"],"picked":"Cloak And Dagger","floor":12},{"not_picked":["Caltrops","Prepared"],"picked":"Backstab","floor":13}],"player_experience":482070,"relics_obtained":[{"floor":7,"key":"Blue Candle"},{"floor":9,"key":"Tough Bandages"}],"event_choices":[{"event_name":"The Cleric","player_choice":"Card Removal","floor":3,"damage_taken":0},{"event_name":"Living Wall","player_choice":"Grow","floor":14,"damage_taken":0}],"boss_relics":[],"items_purged_floors":[],"is_endless":false,"potions_floor_spawned":[4,5,11,12],"killed_by":"Hexaghost","ascension_level":10}