{"gold_per_floor":[111,128,145,163,181,181,214,214,241,1,33,51,82,95,95,193,193,204,217,217,237,252,252,272,298,324,341,341,354,354,379,379,379],"floor_reached":33,"playtime":1344,"items_purged":[],"score":439,"play_id":"80194b08-be7d-430c-8c58-c6b1b2e69c23","local_time":"20180804143006","is_ascension_mode":true,"campfire_choices":[{"data":"Defragment","floor":6,"key":"SMITH"},{"data":"Hyperbeam","floor":8,"key":"SMITH"},{"data":"Go for the Eyes","floor":15,"key":"SMITH"},{"data":"Glacier","floor":23,"key":"SMITH"},{"floor":28,"key":"REST"},{"data":"Stack","floor":30,"key":"SMITH"},{"floor":32,"key":"REST"}],"neow_cost":"NONE","seed_source_timestamp":1219581542124639,"circlet_count":0,"master_deck":["Strike_B","Strike_B","Strike_B","Strike_B","Defend_B+1","Defend_B","Defend_B","Defend_B","Zap","Dualcast+1","Hyperbeam+1","Beam Cell","Go for the Eyes+1","Stack+1","Glacier+1","Defragment+1","Storm","Steam+1","Hologram+1","Tempest+1","Stack+1","Fission+1","Capacitor","Barrage","Necronomicurse","Glacier+1","Undo+1","Streamline+1","Gash","Echo Form"],"relics":["Cracked Core","Bottled Flame","War Paint","Toxic Egg 2","Bag of Marbles","Oddly Smooth Stone","Velvet Choker","Necronomicon","Meat on the Bone","Bronze Scales","Happy Flower"],"potions_floor_usage":[13,25,31,33,33,33],"damage_taken":[{"damage":0,"enemies":"2 Louse","floor":1,"turns":1},{"damage":0,"enemies":"Small Slimes","floor":2,"turns":4},{"damage":0,"enemies":"Cultist","floor":3,"turns":3},{"damage":8,"enemies":"Looter","floor":4,"turns":2},{"damage":0,"enemies":"2 Fungi Beasts","floor":5,"turns":1},{"damage":4,"enemies":"3 Sentries","floor":7,"turns":4},{"damage":5,"enemies":"Lagavulin","floor":11,"turns":10},{"damage":0,"enemies":"Gremlin Gang","floor":12,"turns":1},{"damage":0,"enemies":"Gremlin Nob","floor":13,"turns":2},{"damage":0,"enemies":"Red Slaver","floor":14,"turns":1},{"damage":14,"enemies":"Hexaghost","floor":16,"turns":11},{"damage":0,"enemies":"2 Thieves","floor":18,"turns":1},{"damage":0,"enemies":"3 Byrds","floor":19,"turns":2},{"damage":0,"enemies":"Snake Plant","floor":21,"turns":1},{"damage":0,"enemies":"Centurion and Healer","floor":22,"turns":1},{"damage":0,"enemies":"Snecko","floor":24,"turns":2},{"damage":34,"enemies":"Book of Stabbing","floor":25,"turns":6},{"damage":0,"enemies":"Sentry and Sphere","floor":27,"turns":1},{"damage":0,"enemies":"Centurion and Healer","floor":29,"turns":1},{"damage":38,"enemies":"Gremlin Leader","floor":31,"turns":5},{"damage":54,"enemies":"Champ","floor":33,"turns":6}],"seed_played":"-8201551676770635324","potions_obtained":[{"floor":3,"key":"Strength Potion"},{"floor":4,"key":"EssenceOfSteel"},{"floor":11,"key":"GamblersBrew"},{"floor":12,"key":"PowerPotion"},{"floor":16,"key":"Poison Potion"},{"floor":18,"key":"Strength Potion"},{"floor":22,"key":"PowerPotion"},{"floor":27,"key":"Poison Potion"},{"floor":31,"key":"AttackPotion"}],"is_trial":false,"path_per_floor":["M","M","M","M","M","R","E","R","T","$","E","M","E","M","R","B",null,"M","M","?","M","M","R","M","E","T","M","R","M","R","E","R"],"character_chosen":"DEFECT","items_purchased":["Toxic Egg 2"],"campfire_rested":2,"item_purchase_floors":[10],"current_hp_per_floor":[68,68,68,60,60,60,56,56,56,56,51,51,51,51,51,37,66,66,66,50,50,50,50,50,16,16,28,50,50,50,24,46,0],"gold":379,"neow_bonus":"ONE_RANDOM_RARE_CARD","is_prod":false,"is_daily":false,"chose_seed":false,"campfire_upgraded":5,"win_rate":0,"timestamp":1533407406,"path_taken":["M","M","M","M","M","R","E","R","T","$","E","M","E","M","R","BOSS","M","M","?","M","M","R","M","E","T","M","R","M","R","E","R","BOSS"],"build_version":"2018-08-01","purchased_purges":0,"victory":false,"max_hp_per_floor":[75,75,75,75,75,75,75,75,75,75,75,75,75,75,75,75,75,75,75,75,75,75,75,75,75,75,75,75,75,75,75,75,75],"card_choices":[{"not_picked":["Streamline","Reprogram"],"picked":"Beam Cell","floor":1},{"not_picked":["Beam Cell","Redo"],"picked":"Go for the Eyes","floor":2},{"not_picked":["Streamline","Lockon"],"picked":"Stack","floor":3},{"not_picked":["FTL","Electrodynamics"],"picked":"Glacier","floor":4},{"not_picked":["Go for the Eyes","Glacier"],"picked":"Defragment","floor":5},{"not_picked":["Double Energy","Rebound"],"picked":"Storm","floor":7},{"not_picked":["Reprogram+1","Double Energy+1"],"picked":"Steam+1","floor":11},{"not_picked":["Gash","Beam Cell"],"picked":"Hologram+1","floor":12},{"not_picked":["Go for the Eyes","Force Field+1"],"picked":"Tempest+1","floor":13},{"not_picked":["Steam+1","Skim+1"],"picked":"Stack+1","floor":14},{"not_picked":["Biased Cognition","All For One"],"picked":"Fission+1","floor":16},{"not_picked":["Self Repair","Turbo+1"],"picked":"Capacitor","floor":18},{"not_picked":["Scrape","Beam Cell"],"picked":"Barrage","floor":19},{"not_picked":["Steam+1","Beam Cell"],"picked":"Glacier+1","floor":21},{"not_picked":["Sweeping Beam","Beam Cell","Rebound"],"picked":"SKIP","floor":22},{"not_picked":["Hello World+1","Melter+1","Cold Snap"],"picked":"SKIP","floor":24},{"not_picked":["Rainbow+1","Steam+1"],"picked":"Undo+1","floor":25},{"not_picked":["Hologram+1","Conserve Battery+1"],"picked":"Streamline+1","floor":27},{"not_picked":["Undo+1","Sweeping Beam"],"picked":"Gash","floor":29},{"not_picked":["Auto Shields+1","Storm+1"],"picked":"Echo Form","floor":31}],"player_experience":710944,"relics_obtained":[{"floor":7,"key":"Bottled Flame"},{"floor":9,"key":"War Paint"},{"floor":11,"key":"Bag of Marbles"},{"floor":13,"key":"Oddly Smooth Stone"},{"floor":20,"key":"Necronomicon"},{"floor":25,"key":"Meat on the Bone"},{"floor":26,"key":"Bronze Scales"},{"floor":31,"key":"Happy Flower"}],"event_choices":[{"event_name":"Cursed Tome","player_choice":"Obtained Book","floor":20,"damage_taken":0}],"is_beta":true,"boss_relics":[{"not_picked":["Lizard Tail","Astrolabe"],"picked":"Velvet Choker"}],"items_purged_floors":[],"is_endless":false,"potions_floor_spawned":[3,4,11,12,16,18,22,27,29,31],"killed_by":"Champ","ascension_level":6}