{"path_per_floor":["M","?","?","M","?","R","?","M","T","E","M","R","$","M","R","B",null,"M","?","?","$","M","R","M","R","T","?","$","M","M","T","R"],"character_chosen":"IRONCLAD","items_purchased":["Ghostly Armor","Battle Trance","Flex"],"gold_per_floor":[111,111,111,123,123,123,198,198,222,249,268,268,120,138,138,239,239,259,259,259,83,101,101,113,113,113,113,61,71,90,90,90],"floor_reached":33,"campfire_rested":2,"playtime":1576,"current_hp_per_floor":[80,80,64,69,69,69,58,64,64,60,61,61,61,67,67,41,80,66,51,51,51,60,60,66,91,91,91,91,91,78,78,91],"items_purged":["Strike_R","Strike_R"],"gold":90,"score":245,"play_id":"13b12a56-34d4-4281-b682-8274f16fd6ba","local_time":"20180303142232","is_prod":false,"is_daily":false,"is_ascension_mode":false,"campfire_upgraded":2,"timestamp":1520104952,"path_taken":["M","?","?","?","?","R","?","M","T","E","M","R","$","M","R","BOSS","M","?","?","$","M","R","M","R","T","?","?","M","M","?","R","BOSS"],"build_version":"2018-03-01-PROD1","purchased_purges":2,"victory":false,"master_deck":["Strike_R","Strike_R","Strike_R","Defend_R","Defend_R+1","Defend_R+1","Bash","Armaments+1","Inflame","Headbutt+1","Evolve+1","Cleave","Flex","Ghostly Armor","Power Through","Feed","Battle Trance+1","Second Wind+1","True Grit+1","Wild Strike+1","Flex+1","Rampage+1","Double Tap+1","Shrug It Off+1"],"max_hp_per_floor":[80,80,80,80,80,80,80,80,80,80,80,80,80,80,80,80,80,80,85,85,85,88,88,91,91,91,91,91,91,91,91,91],"relics":["Burning Blood","Happy Flower","Prayer Wheel","Shovel","Toxic Egg 2","Mark of Pain","Lantern","Charon\u0027s Ashes","Sundial"],"card_choices":[{"not_picked":["Carnage","True Grit"],"picked":"Armaments"},{"not_picked":["Clash","Cleave"],"picked":"Headbutt"},{"not_picked":["Second Wind","Warcry"],"picked":"Evolve"},{"not_picked":["Warcry","Pommel Strike"],"picked":"Cleave"},{"not_picked":["Havoc","Anger"],"picked":"Flex"},{"not_picked":["Metallicize","Blood for Blood"],"picked":"Power Through"},{"not_picked":["Bludgeon","Reaper"],"picked":"Feed"},{"not_picked":["Clothesline","Iron Wave"],"picked":"Second Wind"},{"not_picked":["Warcry","Armaments"],"picked":"True Grit"},{"not_picked":["Rupture","Carnage"],"picked":"Wild Strike"},{"not_picked":["Anger","Pommel Strike"],"picked":"Rampage"},{"not_picked":["Disarm","Sword Boomerang"],"picked":"Double Tap"},{"not_picked":["Clash","Inflame"],"picked":"Shrug It Off"}],"player_experience":359745,"potions_floor_usage":[16,16,33,33,33],"damage_taken":[{"damage":6,"enemies":"Jaw Worm","floor":1,"turns":3},{"damage":1,"enemies":"Cultist","floor":4,"turns":4},{"damage":0,"enemies":"Small Slimes","floor":8,"turns":3},{"damage":10,"enemies":"Lagavulin","floor":10,"turns":7},{"damage":5,"enemies":"Exordium Wildlife","floor":11,"turns":4},{"damage":0,"enemies":"Lots of Slimes","floor":14,"turns":1},{"damage":32,"enemies":"Slime Boss","floor":16,"turns":16},{"damage":20,"enemies":"Spheric Guardian","floor":18,"turns":6},{"damage":0,"enemies":"3 Byrds","floor":22,"turns":6},{"damage":3,"enemies":"3 Cultists","floor":24,"turns":6},{"damage":2,"enemies":"Snake Plant","floor":29,"turns":4},{"damage":19,"enemies":"Chosen and Byrds","floor":30,"turns":5},{"damage":105,"enemies":"Collector","floor":33,"turns":6}],"event_choices":[{"event_name":"Match and Keep!","player_choice":"1 cards matched","floor":2,"damage_taken":0},{"event_name":"Match and Keep!","player_choice":"1 cards matched","floor":2,"damage_taken":0},{"event_name":"Shining Light","player_choice":"Entered Light","floor":3,"damage_taken":0},{"event_name":"Accursed Blacksmith","player_choice":"Forge","floor":5,"damage_taken":0},{"event_name":"World of Goop","player_choice":"Gather Gold","floor":7,"damage_taken":0},{"event_name":"Forgotten Altar","player_choice":"Shed Blood","floor":19,"damage_taken":0},{"event_name":"Back to Basics","player_choice":"Elegance","floor":20,"damage_taken":0},{"event_name":"Vampires","player_choice":"Ignored","floor":27,"damage_taken":0}],"boss_relics":[{"not_picked":["Lizard Tail","Calling Bell"],"picked":"Mark of Pain"}],"potions_floor_spawned":[1,10,14,29,30],"seed_played":"-4118841348253655757","killed_by":"Collector","ascension_level":0,"is_trial":false}