{"path_per_floor":["M","$","?","M","M","E","R","E","T","R","M","M","?","E","R","B",null,"M","?","$","?","M","R","E","$","T","M","M","R","M","M","R","B",null,"M","?","?","M","M","R","?","$","T","R","M","R","M","?","R","B"],"character_chosen":"THE_SILENT","items_purchased":["Noxious Fumes","Calipers","Cloak And Dagger","Dodecahedron"],"gold_per_floor":[113,43,43,55,72,97,97,123,196,196,211,221,221,247,247,351,351,366,366,28,28,48,48,79,4,77,91,102,102,113,132,132,235,235,250,299,299,317,333,333,333,84,84,84,100,100,117,117,117,117],"floor_reached":51,"campfire_rested":3,"playtime":4372,"current_hp_per_floor":[68,68,68,68,68,61,61,33,33,54,56,67,70,59,59,18,70,67,54,54,54,53,53,69,69,69,60,70,70,72,58,72,40,72,68,45,45,46,52,52,82,82,82,82,82,82,55,45,69,24],"items_purged":["Parasite"],"gold":117,"score":611,"play_id":"18c63722-42cc-4a69-98fa-f4eed01f57b3","local_time":"20180309122021","is_prod":false,"is_daily":false,"is_ascension_mode":true,"campfire_upgraded":7,"timestamp":1520616021,"path_taken":["M","?","?","M","?","E","R","E","T","R","M","M","?","E","R","BOSS","M","?","?","?","M","R","E","$","T","M","M","R","M","M","R","BOSS","M","?","?","M","?","R","?","$","T","R","M","R","?","?","R","BOSS"],"build_version":"2018-03-01-PROD1","purchased_purges":1,"victory":true,"master_deck":["Defend_G","Defend_G","Defend_G","Defend_G","Defend_G","Survivor","Neutralize","Acrobatics","Noxious Fumes+1","Dodge and Roll","Footwork+1","Backflip","Poisoned Stab","Outmaneuver","PiercingWail","Adrenaline+1","Infinite Blades+1","Cloak And Dagger+1","Bite+1","Bite+1","Bite+1","Bite+1","Cloak And Dagger","Terror","Pain","Cloak And Dagger+1","Finisher+1","Bouncing Flask","Burst+1","Acrobatics","Quick Slash+1","Expertise+1","Outmaneuver+1","Poisoned Stab+1","Dagger Spray+1","Backflip+1","Burst","Injury","Dodge and Roll+1","Madness","Madness"],"max_hp_per_floor":[70,70,70,70,70,70,70,70,70,70,70,70,70,70,70,70,70,70,75,75,75,75,75,75,72,72,72,72,72,72,72,72,72,72,72,72,72,72,72,72,82,82,82,82,82,82,82,82,82,82],"relics":["Ring of the Snake","Anchor","Dead Branch","Molten Egg 2","Gremlin Horn","Cursed Key","Calipers","Orichalcum","Tough Bandages","Orrery","Frozen Eye","Dodecahedron","Tingsha"],"card_choices":[{"not_picked":["Slice","Dagger Throw"],"picked":"Acrobatics"},{"not_picked":["Expertise","Underhanded Strike"],"picked":"Dodge and Roll"},{"not_picked":["Dodge and Roll","Predator"],"picked":"Footwork"},{"not_picked":["Outmaneuver","Slice"],"picked":"Backflip"},{"not_picked":["Outmaneuver","Prepared"],"picked":"Poisoned Stab"},{"not_picked":["Quick Slash","Bullet Time"],"picked":"Outmaneuver"},{"not_picked":["Outmaneuver","Quick Slash"],"picked":"PiercingWail"},{"not_picked":["Outmaneuver","Infinite Blades"],"picked":"Adrenaline"},{"not_picked":["Doppelganger","Envenom"],"picked":"Corpse Explosion"},{"not_picked":["Concentrate","Underhanded Strike"],"picked":"Infinite Blades"},{"not_picked":["Poisoned Stab","Underhanded Strike"],"picked":"Cloak And Dagger"},{"not_picked":["Cloak And Dagger","Dodge and Roll"],"picked":"Terror"},{"not_picked":["Noxious Fumes","Dash"],"picked":"Cloak And Dagger"},{"not_picked":["Dagger Throw","Backflip"],"picked":"Finisher"},{"not_picked":["PiercingWail","Calculated Gamble"],"picked":"Bouncing Flask"},{"not_picked":["Envenom","Doppelganger"],"picked":"Burst"},{"not_picked":["Deflect","Sucker Punch"],"picked":"Acrobatics"},{"not_picked":["Dagger Throw","Cloak And Dagger"],"picked":"Quick Slash"},{"not_picked":["Noxious Fumes","Acrobatics"],"picked":"Expertise"},{"not_picked":["Deadly Poison","PiercingWail"],"picked":"Outmaneuver"},{"not_picked":["Sucker Punch","Bane"],"picked":"Poisoned Stab"},{"not_picked":["Outmaneuver","Bane"],"picked":"Dagger Spray"},{"not_picked":["Quick Slash","Finisher"],"picked":"Backflip"},{"not_picked":["Prepared","Poisoned Stab"],"picked":"Burst"},{"not_picked":["Acrobatics","Prepared"],"picked":"Dodge and Roll"}],"player_experience":455770,"potions_floor_usage":[8,12,14,14,14,18,24,33,33,50,50,50],"damage_taken":[{"damage":2,"enemies":"Cultist","floor":1,"turns":4},{"damage":0,"enemies":"Small Slimes","floor":4,"turns":3},{"damage":0,"enemies":"2 Louse","floor":5,"turns":3},{"damage":7,"enemies":"3 Sentries","floor":6,"turns":9},{"damage":43,"enemies":"Gremlin Nob","floor":8,"turns":6},{"damage":0,"enemies":"Red Slaver","floor":11,"turns":5},{"damage":0,"enemies":"2 Fungi Beasts","floor":12,"turns":5},{"damage":11,"enemies":"Lagavulin","floor":14,"turns":9},{"damage":43,"enemies":"Slime Boss","floor":16,"turns":14},{"damage":3,"enemies":"Shell Parasite","floor":18,"turns":7},{"damage":19,"enemies":"Spheric Guardian","floor":22,"turns":6},{"damage":11,"enemies":"Slavers","floor":24,"turns":7},{"damage":16,"enemies":"Snake Plant","floor":27,"turns":5},{"damage":11,"enemies":"Centurion and Healer","floor":28,"turns":9},{"damage":8,"enemies":"Slaver and Parasite","floor":30,"turns":7},{"damage":17,"enemies":"Snake Plant","floor":31,"turns":6},{"damage":41,"enemies":"Champ","floor":33,"turns":9},{"damage":11,"enemies":"3 Darklings","floor":35,"turns":6},{"damage":32,"enemies":"Mysterious Sphere","floor":36,"turns":9},{"damage":8,"enemies":"Orb Walker","floor":38,"turns":5},{"damage":15,"enemies":"Maw","floor":39,"turns":8},{"damage":0,"enemies":"4 Shapes","floor":45,"turns":3},{"damage":30,"enemies":"3 Darklings","floor":47,"turns":3},{"damage":72,"enemies":"Donu and Deca","floor":50,"turns":14}],"event_choices":[{"event_name":"The Lab","player_choice":"Got Potions","floor":3,"damage_taken":0},{"event_name":"Mushrooms","player_choice":"Healed and dodged fight","floor":13,"damage_taken":0},{"event_name":"Forgotten Altar","player_choice":"Shed Blood","floor":19,"damage_taken":0},{"event_name":"Vampires","player_choice":"Became a vampire (Vial)","floor":21,"damage_taken":0},{"event_name":"Mysterious Sphere","player_choice":"Fight","floor":36,"damage_taken":0},{"event_name":"Bonfire Elementals","player_choice":"RARE","floor":41,"damage_taken":0},{"event_name":"Winding Halls","player_choice":"Embrace Madness","floor":48,"damage_taken":0}],"boss_relics":[{"not_picked":["Astrolabe","Tiny House"],"picked":"Cursed Key"},{"not_picked":["Sozu","Runic Dome"],"picked":"Orrery"}],"potions_floor_spawned":[5,11,12,16,22,27,31,36,38,39,45,47],"seed_played":"-9059190488758548071","ascension_level":3,"is_trial":false}