{"gold_per_floor":[216,236,161,161,40,40,66,66,90,90,90,116,116,131,131,208,208,221,321,321,246,23,57,57,57,57,77,77,96,24,24,24,24],"floor_reached":33,"playtime":1338,"items_purged":["Strike_G"],"score":467,"play_id":"206db5ec-adc1-4b1c-ae8e-a2d2bc4fa21b","local_time":"20190201233729","is_ascension_mode":true,"campfire_choices":[{"floor":6,"key":"REST"},{"data":"Skewer","floor":8,"key":"SMITH"},{"data":"Terror","floor":11,"key":"SMITH"},{"floor":13,"key":"REST"},{"data":"Malaise","floor":15,"key":"SMITH"},{"floor":25,"key":"REST"},{"floor":32,"key":"REST"}],"neow_cost":"NONE","seed_source_timestamp":442189617584134,"circlet_count":0,"master_deck":["AscendersBane","Defend_G","Defend_G","Defend_G+1","Defend_G+1","Defend_G","Strike_G","Strike_G","Survivor","Neutralize+1","Calculated Gamble","Dagger Spray","Skewer+1","Well Laid Plans","Terror+1","Malaise+1","Backflip","Wraith Form v2","Acrobatics","Dagger Spray+1","Ghostly","Ghostly","Ghostly","Noxious Fumes","Noxious Fumes","Backstab","Calculated Gamble","Backstab+1","Wraith Form v2","Noxious Fumes"],"relics":["Ring of the Snake","Happy Flower","Omamori","Art of War","Runic Dome","Torii","Matryoshka","PreservedInsect","Smiling Mask","Question Card","Juzu Bracelet","Molten Egg 2"],"potions_floor_usage":[7,7,12,33,33],"damage_taken":[{"damage":1,"enemies":"Small Slimes","floor":1,"turns":4},{"damage":4,"enemies":"2 Louse","floor":2,"turns":4},{"damage":8,"enemies":"3 Sentries","floor":7,"turns":11},{"damage":17,"enemies":"Lagavulin","floor":12,"turns":4},{"damage":0,"enemies":"Jaw Worm","floor":14,"turns":4},{"damage":46,"enemies":"Slime Boss","floor":16,"turns":10},{"damage":1,"enemies":"Chosen","floor":18,"turns":4},{"damage":14,"enemies":"Colosseum Slavers","floor":19,"turns":4},{"damage":21,"enemies":"Colosseum Nobs","floor":19,"turns":7},{"damage":9,"enemies":"2 Thieves","floor":21,"turns":5},{"damage":2,"enemies":"Book of Stabbing","floor":23,"turns":6},{"damage":3,"enemies":"Snake Plant","floor":27,"turns":5},{"damage":1,"enemies":"Snecko","floor":29,"turns":5},{"damage":22,"enemies":"Champ","floor":33,"turns":11}],"seed_played":"-3705820979270858470","potions_obtained":[{"floor":1,"key":"Block Potion"},{"floor":2,"key":"Block Potion"},{"floor":7,"key":"LiquidBronze"},{"floor":19,"key":"PowerPotion"},{"floor":27,"key":"GhostInAJar"}],"is_trial":false,"path_per_floor":["M","M","?","?","$","R","E","R","T","?","R","E","R","M","R","B",null,"M","?","?","M","$","E","T","R","T","M","?","M","$","?","R","B"],"character_chosen":"THE_SILENT","items_purchased":["Skewer","Well Laid Plans","Noxious Fumes","Backstab","Noxious Fumes"],"campfire_rested":4,"item_purchase_floors":[5,5,22,22,30],"current_hp_per_floor":[58,54,54,34,34,53,45,45,45,45,45,28,47,47,47,1,50,49,14,14,5,5,3,3,12,12,9,9,8,8,8,17,0],"gold":24,"neow_bonus":"HUNDRED_GOLD","is_prod":false,"is_daily":false,"chose_seed":false,"campfire_upgraded":3,"win_rate":0,"timestamp":1549082249,"path_taken":["M","M","?","?","$","R","E","R","T","?","R","E","R","M","R","BOSS","M","?","?","M","?","E","?","R","T","M","?","M","?","?","R","BOSS"],"build_version":"2019-01-23","purchased_purges":1,"victory":false,"max_hp_per_floor":[66,66,66,66,66,66,66,66,66,66,66,66,66,66,66,66,66,66,66,33,33,33,33,33,33,33,33,33,33,33,33,33,33],"card_choices":[{"not_picked":["Eviscerate","Accuracy"],"picked":"Calculated Gamble","floor":1},{"not_picked":["Backflip","Prepared"],"picked":"Dagger Spray","floor":2},{"not_picked":["Choke","Setup"],"picked":"Terror","floor":7},{"not_picked":["Dodge and Roll","Backflip"],"picked":"Malaise","floor":12},{"not_picked":["Tactician","Outmaneuver"],"picked":"Backflip","floor":14},{"not_picked":["Tools of the Trade","Doppelganger"],"picked":"Wraith Form v2","floor":16},{"not_picked":["Slice","Cloak And Dagger"],"picked":"Acrobatics","floor":18},{"not_picked":["Flying Knee","Deflect"],"picked":"Dagger Spray+1","floor":19},{"not_picked":["PiercingWail","Backflip"],"picked":"Noxious Fumes","floor":21},{"not_picked":["Doppelganger","Sucker Punch"],"picked":"Calculated Gamble","floor":23},{"not_picked":["Blade Dance","Deflect","Underhanded Strike+1"],"picked":"Backstab+1","floor":27},{"not_picked":["Dagger Spray+1","Distraction","Poisoned Stab+1","Heel Hook+1"],"picked":"SKIP","floor":29}],"player_experience":1353766,"relics_obtained":[{"floor":7,"key":"Happy Flower"},{"floor":9,"key":"Omamori"},{"floor":12,"key":"Art of War"},{"floor":19,"key":"Torii"},{"floor":19,"key":"Matryoshka"},{"floor":23,"key":"PreservedInsect"},{"floor":24,"key":"Smiling Mask"},{"floor":24,"key":"Question Card"},{"floor":26,"key":"Juzu Bracelet"},{"floor":26,"key":"Molten Egg 2"}],"event_choices":[{"cards_removed":["Strike_G"],"damage_healed":0,"gold_gain":0,"player_choice":"Card Removal","damage_taken":0,"max_hp_gain":0,"max_hp_loss":0,"event_name":"The Cleric","floor":3,"gold_loss":75},{"damage_healed":0,"gold_gain":0,"player_choice":"Entered Light","damage_taken":20,"max_hp_gain":0,"max_hp_loss":0,"event_name":"Shining Light","floor":4,"gold_loss":0,"cards_upgraded":["Defend_G","Defend_G"]},{"damage_healed":0,"gold_gain":0,"player_choice":"Grow","damage_taken":0,"max_hp_gain":0,"max_hp_loss":0,"event_name":"Living Wall","floor":10,"gold_loss":0,"cards_upgraded":["Neutralize"]},{"damage_healed":0,"gold_gain":0,"player_choice":"Fight","damage_taken":0,"max_hp_gain":0,"max_hp_loss":0,"event_name":"Colosseum","floor":19,"gold_loss":0},{"damage_healed":0,"gold_gain":0,"player_choice":"Fought Nobs","damage_taken":0,"max_hp_gain":0,"max_hp_loss":0,"event_name":"Colosseum","floor":19,"gold_loss":0},{"damage_healed":0,"gold_gain":0,"player_choice":"Became a Ghost","damage_taken":0,"max_hp_gain":0,"max_hp_loss":33,"event_name":"Ghosts","floor":20,"gold_loss":0,"cards_obtained":["Ghostly","Ghostly","Ghostly"]},{"damage_healed":0,"gold_gain":0,"player_choice":"Copied","damage_taken":0,"max_hp_gain":0,"max_hp_loss":0,"event_name":"Duplicator","floor":28,"gold_loss":0,"cards_obtained":["Wraith Form v2"]},{"cards_removed":["Strike_G"],"damage_healed":0,"gold_gain":0,"player_choice":"Card Removal","damage_taken":0,"max_hp_gain":0,"max_hp_loss":0,"event_name":"Wheel of Change","floor":31,"gold_loss":0}],"is_beta":true,"boss_relics":[{"not_picked":["Busted Crown","Runic Pyramid"],"picked":"Runic Dome"}],"items_purged_floors":[22],"is_endless":false,"potions_floor_spawned":[1,2,7,19,19,27,29],"killed_by":"Champ","ascension_level":15}