{"gold_per_floor":[113,126,201,201,201,201,233,243,243,243,172,172,182,202,202,274,274,291,4,4],"floor_reached":20,"playtime":772,"items_purged":[],"score":308,"play_id":"aee215f1-49e7-485d-bbac-6a4587c67d3e","local_time":"20181218224220","is_ascension_mode":true,"campfire_choices":[{"data":"Bash","floor":6,"key":"SMITH"},{"floor":10,"key":"REST"},{"floor":12,"key":"REST"},{"data":"Whirlwind","floor":15,"key":"SMITH"}],"neow_cost":"CURSE","seed_source_timestamp":297979971018076,"circlet_count":0,"master_deck":["AscendersBane","Strike_R","Strike_R","Strike_R","Strike_R","Strike_R","Defend_R","Defend_R","Defend_R","Defend_R","Bash+1","Armaments+1","Clothesline+1","Thunderclap","Headbutt","Whirlwind+1","Immolate","Warcry","Limit Break","Spot Weakness","Inflame"],"relics":["Burning Blood","Spirit Poop","Du-Vu Doll","Pocketwatch","Eternal Feather","Pantograph"],"potions_floor_usage":[16],"damage_taken":[{"damage":16,"enemies":"Jaw Worm","floor":1,"turns":5},{"damage":11,"enemies":"2 Louse","floor":2,"turns":3},{"damage":39,"enemies":"3 Sentries","floor":7,"turns":12},{"damage":0,"enemies":"Cultist","floor":8,"turns":3},{"damage":4,"enemies":"Red Slaver","floor":13,"turns":4},{"damage":8,"enemies":"Large Slime","floor":14,"turns":3},{"damage":47,"enemies":"The Guardian","floor":16,"turns":11},{"damage":42,"enemies":"Shell Parasite","floor":18,"turns":7},{"damage":55,"enemies":"3 Byrds","floor":20,"turns":2}],"seed_played":"-4842418296295212968","potions_obtained":[{"floor":8,"key":"Ancient Potion"},{"floor":13,"key":"LiquidBronze"}],"is_trial":false,"path_per_floor":["M","M","?","?","?","R","E","M","T","R","$","R","M","M","R","B",null,"M","$","M"],"character_chosen":"IRONCLAD","items_purchased":["Whirlwind","Pantograph","Inflame"],"campfire_rested":2,"item_purchase_floors":[11,19,19],"current_hp_per_floor":[78,73,62,43,43,43,10,16,16,44,44,72,74,72,72,31,80,44,44,0],"gold":4,"neow_bonus":"TWENTY_PERCENT_HP_BONUS","is_prod":false,"is_daily":false,"chose_seed":false,"campfire_upgraded":2,"win_rate":0,"timestamp":1545190940,"path_taken":["M","M","?","?","?","R","E","M","T","R","$","R","M","M","R","BOSS","M","$","?"],"build_version":"2018-12-17","purchased_purges":0,"victory":false,"max_hp_per_floor":[96,96,96,96,96,96,96,96,96,96,96,96,96,96,96,96,96,96,96,96],"card_choices":[{"not_picked":["Warcry","Entrench"],"picked":"Armaments","floor":1},{"not_picked":["Heavy Blade","Headbutt"],"picked":"Clothesline","floor":2},{"not_picked":["Bloodletting","Body Slam"],"picked":"Thunderclap","floor":7},{"not_picked":["Warcry","Hemokinesis"],"picked":"Headbutt","floor":8},{"not_picked":["Clash","Clothesline"],"picked":"Immolate","floor":13},{"not_picked":["Pommel Strike","Fire Breathing"],"picked":"Warcry","floor":14},{"not_picked":["Feed","Offering"],"picked":"Limit Break","floor":16},{"not_picked":["Armaments","Warcry"],"picked":"Spot Weakness","floor":18}],"player_experience":1013142,"relics_obtained":[{"floor":7,"key":"Du-Vu Doll"},{"floor":9,"key":"Pocketwatch"}],"event_choices":[{"damage_healed":0,"gold_gain":75,"player_choice":"Gather Gold","damage_taken":11,"max_hp_gain":0,"max_hp_loss":0,"event_name":"World of Goop","floor":3,"gold_loss":0},{"damage_healed":0,"gold_gain":0,"player_choice":"Entered Light","damage_taken":19,"max_hp_gain":0,"max_hp_loss":0,"event_name":"Shining Light","floor":4,"gold_loss":0,"cards_upgraded":["Armaments","Clothesline"]},{"cards_removed":["Regret"],"damage_healed":0,"gold_gain":0,"player_choice":"Offered Curse","damage_taken":0,"relics_obtained":["Spirit Poop"],"max_hp_gain":0,"max_hp_loss":0,"event_name":"Bonfire Elementals","floor":5,"gold_loss":0}],"is_beta":true,"boss_relics":[{"not_picked":["Pandora\u0027s Box","Busted Crown"],"picked":"Eternal Feather"}],"items_purged_floors":[],"is_endless":false,"potions_floor_spawned":[8,13],"killed_by":"3 Byrds","ascension_level":13}