{"gold_per_floor":[115,132,150,169,180,180,190,190,190,220,220,233,60,60],"floor_reached":14,"playtime":465,"items_purged":["Strike_B"],"score":150,"play_id":"5b2c7106-8bba-404c-825d-57575b26b3f9","local_time":"20181229185406","is_ascension_mode":true,"campfire_choices":[{"floor":6,"key":"REST"},{"floor":8,"key":"REST"}],"neow_cost":"PERCENT_DAMAGE","seed_source_timestamp":77498589278066,"circlet_count":0,"master_deck":["AscendersBane","Strike_B","Strike_B","Strike_B","Defend_B","Defend_B","Defend_B","Defend_B","Zap","Dualcast","Defragment","Ball Lightning","Conserve Battery","Gash","Coolheaded","Cold Snap","Creative AI","Blizzard","Conserve Battery","Static Discharge"],"relics":["Cracked Core","FossilizedHelix","Pantograph","Bottled Tornado","Potion Belt"],"potions_floor_usage":[4,7,10,10,14],"damage_taken":[{"damage":0,"enemies":"Cultist","floor":1,"turns":4},{"damage":0,"enemies":"Small Slimes","floor":2,"turns":3},{"damage":8,"enemies":"2 Louse","floor":3,"turns":2},{"damage":25,"enemies":"Exordium Wildlife","floor":4,"turns":6},{"damage":0,"enemies":"Large Slime","floor":5,"turns":4},{"damage":53,"enemies":"Gremlin Gang","floor":7,"turns":4},{"damage":15,"enemies":"Lagavulin","floor":10,"turns":6},{"damage":8,"enemies":"Blue Slaver","floor":12,"turns":3},{"damage":14,"enemies":"3 Louse","floor":14,"turns":2}],"seed_played":"-6137465765573649319","potions_obtained":[{"floor":3,"key":"Regen Potion"},{"floor":5,"key":"Regen Potion"},{"floor":7,"key":"EntropicBrew"},{"floor":12,"key":"LiquidBronze"}],"is_trial":false,"path_per_floor":["M","M","M","M","M","R","M","R","T","E","?","M","$","M"],"character_chosen":"DEFECT","items_purchased":["Conserve Battery","Static Discharge"],"campfire_rested":2,"item_purchase_floors":[13,13],"current_hp_per_floor":[50,50,42,31,31,53,9,31,31,16,16,8,8,0],"gold":60,"neow_bonus":"ONE_RARE_RELIC","is_prod":false,"is_daily":false,"chose_seed":false,"campfire_upgraded":0,"win_rate":0,"timestamp":1546127646,"path_taken":["M","?","M","M","M","R","M","R","T","E","?","?","$","M"],"build_version":"2018-12-25","purchased_purges":1,"victory":false,"max_hp_per_floor":[75,75,75,75,75,75,75,75,75,75,75,75,75,75],"card_choices":[{"not_picked":["Sweeping Beam","Leap"],"picked":"Defragment","floor":1},{"not_picked":["Rebound","Streamline"],"picked":"Ball Lightning","floor":2},{"not_picked":["Steam Power","Streamline"],"picked":"Conserve Battery","floor":3},{"not_picked":["Turbo","Heatsinks"],"picked":"Gash","floor":4},{"not_picked":["Hologram","Beam Cell"],"picked":"Coolheaded","floor":5},{"not_picked":["Reprogram","Turbo"],"picked":"Cold Snap","floor":7},{"not_picked":["Steam Power","Recycle"],"picked":"Creative AI","floor":10},{"not_picked":["Gash","Turbo"],"picked":"Blizzard","floor":12}],"player_experience":1064963,"relics_obtained":[{"floor":9,"key":"Pantograph"},{"floor":10,"key":"Bottled Tornado"}],"event_choices":[{"damage_healed":0,"gold_gain":0,"player_choice":"Gave Potion","damage_taken":0,"relics_obtained":["Potion Belt"],"max_hp_gain":0,"max_hp_loss":0,"event_name":"WeMeetAgain","floor":11,"gold_loss":0}],"is_beta":true,"boss_relics":[],"items_purged_floors":[13],"is_endless":false,"potions_floor_spawned":[3,5,7,12],"killed_by":"3 Louse","ascension_level":12}