{"path_per_floor":["M","?","M","T","?","R","?","R","T","R","$","M","E","M","R","B",null,"M","M","?","M","?","R","E","R","T","M","M","E","M","M","R","B",null,"M","M","?","M","?","R","M","M","T","?","R","$","M","?","R"],"character_chosen":"IRONCLAD","items_purchased":["Corruption","Dropkick","Ghostly Armor","Dark Shackles","Spot Weakness","Fire Breathing","Energy Potion"],"gold_per_floor":[12,12,31,31,31,31,31,31,76,76,5,20,51,71,71,202,202,218,237,237,251,251,251,292,292,292,316,339,372,386,409,409,538,538,554,574,574,588,588,588,601,614,614,682,682,208,231,231,231,231],"floor_reached":50,"campfire_rested":5,"playtime":1882,"current_hp_per_floor":[71,71,77,77,77,77,77,77,77,77,77,80,80,80,80,74,79,80,80,64,62,62,62,28,52,52,58,49,39,43,49,73,47,72,55,54,70,36,36,57,45,51,51,36,57,57,55,55,70,0],"items_purged":["Pain"],"gold":231,"score":738,"play_id":"fdcf8f71-6b8f-4a7c-a1ba-e0120bdbf222","local_time":"20180421002913","is_prod":false,"is_daily":false,"chose_seed":false,"is_ascension_mode":true,"campfire_upgraded":5,"timestamp":1524284953,"path_taken":["M","?","M","?","?","R","?","R","T","R","$","M","E","M","R","BOSS","M","M","?","M","?","R","E","R","T","M","?","E","M","M","R","BOSS","M","M","?","M","?","R","M","?","T","?","R","$","M","?","R","BOSS"],"build_version":"2018-04-19","seed_source_timestamp":746970643558798,"purchased_purges":1,"victory":false,"master_deck":["Strike_R","Strike_R","Strike_R","Defend_R","Defend_R","Defend_R","Bash","Anger","Uppercut+1","Armaments+1","Battle Trance+1","Fiend Fire+1","Intimidate","Spot Weakness+1","Shockwave","Limit Break+1","Cleave+1","Metallicize+1","Shrug It Off","Power Through","Twin Strike+1","Pummel+1","Seeing Red+1","Cleave+1","Immolate+1","Dual Wield+1","Feel No Pain+1","Inflame+1","Heavy Blade+1","Shrug It Off","Wild Strike+1","Double Tap","Dropkick+1","Ghostly Armor","Dark Shackles","Spot Weakness","Fire Breathing","Battle Trance"],"max_hp_per_floor":[80,80,80,80,80,80,80,80,80,80,80,80,80,80,80,80,80,80,80,80,80,80,80,80,80,80,80,80,80,80,80,80,80,80,80,80,70,70,70,70,70,70,70,70,70,70,70,70,70,70],"relics":["Burning Blood","Oddly Smooth Stone","Molten Egg 2","Golden Idol","Ancient Tea Set","Vajra","Cursed Key","Enchiridion","Bronze Scales","Lantern","Omamori","Astrolabe","Shuriken","Champion Belt"],"card_choices":[{"not_picked":["Sword Boomerang","True Grit"],"picked":"Armaments","floor":1},{"not_picked":["Body Slam","Sentinel"],"picked":"Battle Trance","floor":3},{"not_picked":["Clash","Perfected Strike"],"picked":"Intimidate","floor":12},{"not_picked":["Dual Wield","Anger"],"picked":"Spot Weakness","floor":13},{"not_picked":["Twin Strike","Seeing Red"],"picked":"Shockwave","floor":14},{"not_picked":["Bludgeon","Berserk"],"picked":"Limit Break","floor":16},{"not_picked":["Uppercut","Sword Boomerang"],"picked":"Cleave","floor":18},{"not_picked":["Entrench","Corruption"],"picked":"Metallicize","floor":19},{"not_picked":["Spot Weakness","Havoc"],"picked":"Shrug It Off","floor":21},{"not_picked":["Shrug It Off","Heavy Blade"],"picked":"Infernal Blade","floor":24},{"not_picked":["Warcry","Iron Wave"],"picked":"Power Through","floor":27},{"not_picked":["Warcry","Clash"],"picked":"Twin Strike","floor":28},{"not_picked":["Clash","Armaments"],"picked":"Pummel","floor":29},{"not_picked":["Combust","Exhume"],"picked":"Seeing Red","floor":30},{"not_picked":["Clothesline","Perfected Strike"],"picked":"Cleave","floor":31},{"not_picked":["Dark Embrace","Berserk"],"picked":"Immolate","floor":33},{"not_picked":["Pummel","Perfected Strike"],"picked":"Feel No Pain","floor":35},{"not_picked":["Perfected Strike","Clothesline"],"picked":"Inflame","floor":36},{"not_picked":["Clash","Perfected Strike"],"picked":"Heavy Blade","floor":38},{"not_picked":["Seeing Red","Armaments"],"picked":"Shrug It Off","floor":41},{"not_picked":["Clothesline","Perfected Strike"],"picked":"Wild Strike","floor":42},{"not_picked":["Intimidate","Heavy Blade"],"picked":"Double Tap","floor":44},{"not_picked":["Iron Wave","Clash"],"picked":"Battle Trance","floor":47}],"player_experience":258392,"potions_floor_usage":[16,21,24,29,33,44,50,50,50],"damage_taken":[{"damage":7,"enemies":"2 Louse","floor":1,"turns":2},{"damage":0,"enemies":"Cultist","floor":3,"turns":3},{"damage":0,"enemies":"Small Slimes","floor":12,"turns":2},{"damage":0,"enemies":"Gremlin Nob","floor":13,"turns":2},{"damage":0,"enemies":"Blue Slaver","floor":14,"turns":1},{"damage":12,"enemies":"Slime Boss","floor":16,"turns":6},{"damage":0,"enemies":"3 Byrds","floor":18,"turns":4},{"damage":0,"enemies":"Chosen","floor":19,"turns":3},{"damage":8,"enemies":"Snake Plant","floor":21,"turns":3},{"damage":40,"enemies":"Gremlin Leader","floor":24,"turns":5},{"damage":0,"enemies":"Chosen and Byrds","floor":27,"turns":3},{"damage":15,"enemies":"Slaver and Parasite","floor":28,"turns":5},{"damage":16,"enemies":"Book of Stabbing","floor":29,"turns":4},{"damage":2,"enemies":"Sentry and Sphere","floor":30,"turns":5},{"damage":0,"enemies":"Centurion and Healer","floor":31,"turns":3},{"damage":32,"enemies":"Automaton","floor":33,"turns":6},{"damage":23,"enemies":"3 Shapes","floor":35,"turns":3},{"damage":7,"enemies":"Orb Walker","floor":36,"turns":3},{"damage":40,"enemies":"Sphere and 2 Shapes","floor":38,"turns":5},{"damage":18,"enemies":"3 Darklings","floor":41,"turns":4},{"damage":0,"enemies":"Spire Growth","floor":42,"turns":3},{"damage":21,"enemies":"Mysterious Sphere","floor":44,"turns":4},{"damage":8,"enemies":"Sphere and 2 Shapes","floor":47,"turns":2},{"damage":83,"enemies":"Donu and Deca","floor":50,"turns":6}],"event_choices":[{"event_name":"Wheel of Change","player_choice":"Relic","floor":2,"damage_taken":0},{"event_name":"Transmorgrifier","player_choice":"Transform","floor":5,"damage_taken":0},{"event_name":"Golden Idol","player_choice":"Take Wound","floor":7,"damage_taken":0},{"event_name":"Cursed Tome","player_choice":"Obtained Book","floor":20,"damage_taken":0},{"event_name":"Vampires","player_choice":"Ignored","floor":22,"damage_taken":0},{"event_name":"The Moai Head","player_choice":"Heal","floor":37,"damage_taken":0},{"event_name":"Mysterious Sphere","player_choice":"Fight","floor":44,"damage_taken":0},{"event_name":"The Woman in Blue","player_choice":"Bought 0 Potions","floor":48,"damage_taken":0}],"boss_relics":[{"not_picked":["Tiny House","Ectoplasm"],"picked":"Cursed Key"},{"not_picked":["Black Star","White Beast Statue"],"picked":"Astrolabe"}],"potions_floor_spawned":[12,13,18,19,31,33,35,38,41],"seed_played":"-9154247248939661985","killed_by":"Donu and Deca","ascension_level":8,"is_trial":false}