{"gold_per_floor":[114,128,78,78,89,123,123,152,232,232,307,307,19,32,32,32],"floor_reached":16,"playtime":571,"items_purged":[],"score":146,"play_id":"26ad82d6-f96e-45ee-9ded-ab530ba38772","local_time":"20190126182104","is_ascension_mode":true,"campfire_choices":[{"floor":7,"key":"REST"},{"data":"Neutralize","floor":10,"key":"SMITH"},{"floor":15,"key":"REST"}],"neow_cost":"NONE","seed_source_timestamp":529972943069463,"circlet_count":0,"master_deck":["Defend_G","Defend_G","Defend_G","Defend_G","Defend_G","Strike_G","Strike_G","Strike_G","Strike_G","Survivor","Neutralize+1","Dagger Spray","Finisher","PiercingWail","Quick Slash","Well Laid Plans","Deadly Poison","Deflect"],"relics":["Ring of the Snake","Pen Nib","Prayer Wheel","Snake Skull","Ginger","Ornamental Fan","Centennial Puzzle","Singing Bowl"],"potions_floor_usage":[],"damage_taken":[{"damage":3,"enemies":"Cultist","floor":1,"turns":5},{"damage":7,"enemies":"Jaw Worm","floor":2,"turns":5},{"damage":0,"enemies":"Small Slimes","floor":5,"turns":2},{"damage":19,"enemies":"3 Sentries","floor":6,"turns":8},{"damage":24,"enemies":"Gremlin Nob","floor":8,"turns":4},{"damage":1,"enemies":"Exordium Wildlife","floor":14,"turns":5},{"damage":35,"enemies":"Slime Boss","floor":16,"turns":8}],"seed_played":"7021479621631095127","potions_obtained":[{"floor":2,"key":"EssenceOfSteel"},{"floor":5,"key":"EntropicBrew"},{"floor":6,"key":"EntropicBrew"},{"floor":14,"key":"Explosive Potion"}],"is_trial":false,"path_per_floor":["M","M","?","?","M","E","R","E","T","R","?","?","$","M","R","B"],"character_chosen":"THE_SILENT","items_purchased":["Singing Bowl","Deflect"],"campfire_rested":2,"item_purchase_floors":[13,13],"current_hp_per_floor":[60,53,53,53,53,34,55,31,31,31,20,2,2,5,27,0],"gold":32,"neow_bonus":"RANDOM_COMMON_RELIC","is_prod":false,"is_daily":false,"chose_seed":false,"campfire_upgraded":1,"win_rate":0,"timestamp":1548544864,"path_taken":["M","M","?","?","?","E","R","E","T","R","?","?","$","M","R","BOSS"],"build_version":"2019-01-23","purchased_purges":0,"victory":false,"max_hp_per_floor":[70,70,70,70,70,70,70,70,70,70,70,70,70,74,74,74],"card_choices":[{"not_picked":["Acrobatics","Finisher"],"picked":"Dagger Spray","floor":1},{"not_picked":["Dodge and Roll","Terror"],"picked":"Finisher","floor":2},{"not_picked":["Reflex","Sucker Punch"],"picked":"PiercingWail","floor":5},{"not_picked":["Catalyst","Dodge and Roll"],"picked":"Quick Slash","floor":5},{"not_picked":["Phantasmal Killer","Bouncing Flask"],"picked":"Well Laid Plans","floor":6},{"not_picked":["Dodge and Roll","Underhanded Strike"],"picked":"Deadly Poison","floor":8},{"not_picked":["Underhanded Strike","Outmaneuver","Deadly Poison"],"picked":"Singing Bowl","floor":14},{"not_picked":["Bane","Acrobatics","Finisher"],"picked":"Singing Bowl","floor":14}],"player_experience":1314245,"relics_obtained":[{"floor":6,"key":"Snake Skull"},{"floor":8,"key":"Ginger"},{"floor":9,"key":"Ornamental Fan"}],"event_choices":[{"cards_removed":["Strike_G"],"damage_healed":0,"gold_gain":0,"player_choice":"Card Removal","damage_taken":0,"max_hp_gain":0,"max_hp_loss":0,"event_name":"The Cleric","floor":3,"gold_loss":50},{"damage_healed":0,"gold_gain":0,"player_choice":"Gave Potion","damage_taken":0,"relics_obtained":["Prayer Wheel"],"max_hp_gain":0,"max_hp_loss":0,"event_name":"WeMeetAgain","floor":4,"gold_loss":0},{"damage_healed":0,"gold_gain":75,"player_choice":"Gather Gold","damage_taken":11,"max_hp_gain":0,"max_hp_loss":0,"event_name":"World of Goop","floor":11,"gold_loss":0},{"damage_healed":0,"gold_gain":0,"player_choice":"Success","damage_taken":18,"relics_obtained":["Centennial Puzzle"],"max_hp_gain":0,"max_hp_loss":0,"event_name":"Scrap Ooze","floor":12,"gold_loss":0}],"is_beta":true,"boss_relics":[],"items_purged_floors":[],"is_endless":false,"potions_floor_spawned":[2,5,6,14],"killed_by":"Slime Boss","ascension_level":7}