{"gold_per_floor":[17,17,30,30,30,30,59,71,131,162,187,213,225,248,260,375,387,412,424,455,467,479],"floor_reached":22,"playtime":995,"items_purged":[],"score":323,"play_id":"b560b619-6b5a-439b-8d7a-0f126fa0c06e","local_time":"20181216193024","is_ascension_mode":true,"campfire_choices":[{"data":"Bash","floor":6,"key":"SMITH"},{"floor":8,"key":"REST"},{"floor":13,"key":"REST"},{"data":"Uppercut","floor":15,"key":"SMITH"}],"neow_cost":"NO_GOLD","seed_source_timestamp":113418033269172,"circlet_count":0,"master_deck":["AscendersBane","Defend_R","Defend_R","Defend_R","Defend_R","Bash+1","Inflame+1","Battle Trance","Twin Strike","Thunderclap","Shrug It Off","Uppercut+1","Armaments","Reaper","Heavy Blade+1","Shrug It Off","Bite","Bite","Bite","Bite","Bite"],"relics":["Burning Blood","Pocketwatch","MawBank","Ancient Tea Set","Empty Cage"],"potions_floor_usage":[16,22],"damage_taken":[{"damage":15,"enemies":"Small Slimes","floor":1,"turns":6},{"damage":8,"enemies":"2 Louse","floor":3,"turns":3},{"damage":35,"enemies":"Lagavulin","floor":7,"turns":5},{"damage":4,"enemies":"Jaw Worm","floor":10,"turns":4},{"damage":22,"enemies":"Large Slime","floor":11,"turns":4},{"damage":0,"enemies":"Exordium Wildlife","floor":12,"turns":3},{"damage":3,"enemies":"Looter","floor":14,"turns":4},{"damage":18,"enemies":"The Guardian","floor":16,"turns":14},{"damage":32,"enemies":"Chosen","floor":18,"turns":7},{"damage":53,"enemies":"3 Byrds","floor":20,"turns":7},{"damage":18,"enemies":"Centurion and Healer","floor":22,"turns":1}],"seed_played":"8253075505789842934","potions_obtained":[{"floor":7,"key":"GamblersBrew"},{"floor":10,"key":"Strength Potion"}],"is_trial":false,"path_per_floor":["M","?","M","?","?","R","E","R","T","M","M","M","R","M","R","B",null,"M","?","M","?","M"],"character_chosen":"IRONCLAD","items_purchased":[],"campfire_rested":2,"item_purchase_floors":[],"current_hp_per_floor":[63,56,54,54,54,54,25,49,49,51,35,41,65,68,68,56,74,60,45,7,7,0],"gold":479,"neow_bonus":"ONE_RARE_RELIC","is_prod":false,"is_daily":false,"chose_seed":false,"campfire_upgraded":2,"win_rate":0,"timestamp":1545006624,"path_taken":["M","?","M","?","?","R","E","R","T","M","M","M","R","?","R","BOSS","M","?","M","?","M"],"build_version":"2018-12-13","purchased_purges":0,"victory":false,"max_hp_per_floor":[80,80,80,80,80,80,80,80,80,80,80,80,80,80,80,80,80,80,85,85,59,59],"card_choices":[{"not_picked":["Body Slam","Battle Trance"],"picked":"Inflame","floor":1},{"not_picked":["Searing Blow","Body Slam"],"picked":"Battle Trance","floor":3},{"not_picked":["Berserk","Havoc"],"picked":"Twin Strike","floor":7},{"not_picked":["Fire Breathing","Cleave"],"picked":"Thunderclap","floor":10},{"not_picked":["Pommel Strike","Heavy Blade"],"picked":"Shrug It Off","floor":11},{"not_picked":["Warcry","Headbutt"],"picked":"Uppercut","floor":12},{"not_picked":["Headbutt","Twin Strike"],"picked":"Armaments","floor":14},{"not_picked":["Brutality","Juggernaut"],"picked":"Reaper","floor":16},{"not_picked":["Flex","Armaments"],"picked":"Heavy Blade+1","floor":18},{"not_picked":["Cleave+1","Blood for Blood"],"picked":"Shrug It Off","floor":20}],"player_experience":995717,"relics_obtained":[{"floor":7,"key":"MawBank"},{"floor":9,"key":"Ancient Tea Set"}],"event_choices":[{"cards_removed":["Strike_R"],"damage_healed":0,"gold_gain":0,"player_choice":"Card Removal","damage_taken":7,"max_hp_gain":0,"max_hp_loss":0,"event_name":"Golden Wing","floor":2,"gold_loss":0},{"damage_healed":0,"gold_gain":0,"player_choice":"Grow","damage_taken":0,"max_hp_gain":0,"max_hp_loss":0,"event_name":"Living Wall","floor":4,"gold_loss":0,"cards_upgraded":["Inflame"]},{"damage_healed":0,"gold_gain":0,"player_choice":"Leave","damage_taken":0,"max_hp_gain":0,"max_hp_loss":0,"event_name":"The Cleric","floor":5,"gold_loss":0},{"damage_healed":0,"gold_gain":0,"player_choice":"Shed Blood","damage_taken":20,"max_hp_gain":5,"max_hp_loss":0,"event_name":"Forgotten Altar","floor":19,"gold_loss":0},{"damage_healed":0,"gold_gain":0,"player_choice":"Became a vampire","damage_taken":0,"max_hp_gain":0,"max_hp_loss":26,"event_name":"Vampires","floor":21,"gold_loss":0,"cards_obtained":["Bite","Bite","Bite","Bite","Bite"]}],"is_beta":true,"boss_relics":[{"not_picked":["Black Blood","Coffee Dripper"],"picked":"Empty Cage"}],"items_purged_floors":[],"is_endless":false,"potions_floor_spawned":[7,10,12],"killed_by":"Centurion and Healer","ascension_level":12}