{"gold_per_floor":[18,18,35,51,63,63,92,92,92,53,53,66,66,76,76,76],"floor_reached":16,"playtime":640,"items_purged":[],"score":173,"play_id":"3b11cbc9-0f22-4897-8e8f-d2212520a967","local_time":"20181229182248","is_ascension_mode":true,"campfire_choices":[{"floor":6,"key":"DIG"},{"floor":8,"key":"DIG"},{"floor":11,"key":"DIG"},{"floor":15,"key":"REST"}],"neow_cost":"NO_GOLD","seed_source_timestamp":75451706525846,"circlet_count":0,"master_deck":["AscendersBane","Strike_R","Strike_R","Strike_R","Strike_R","Strike_R","Defend_R","Defend_R","Defend_R","Defend_R","Bash","Feel No Pain+1","Ghostly Armor","True Grit+1","Feel No Pain","Shrug It Off","Disarm","Ghostly Armor","Sever Soul"],"relics":["Burning Blood","Shovel","Regal Pillow","Blue Candle","Potion Belt","Meat on the Bone","Omamori"],"potions_floor_usage":[4,7,12],"damage_taken":[{"damage":10,"enemies":"2 Louse","floor":1,"turns":3},{"damage":1,"enemies":"Cultist","floor":3,"turns":4},{"damage":1,"enemies":"Small Slimes","floor":4,"turns":5},{"damage":31,"enemies":"Gremlin Gang","floor":5,"turns":7},{"damage":23,"enemies":"Gremlin Nob","floor":7,"turns":5},{"damage":14,"enemies":"Looter","floor":12,"turns":4},{"damage":21,"enemies":"3 Louse","floor":14,"turns":8},{"damage":81,"enemies":"The Guardian","floor":16,"turns":19}],"seed_played":"305173920390468740","potions_obtained":[{"floor":1,"key":"Block Potion"},{"floor":4,"key":"FearPotion"},{"floor":5,"key":"Ancient Potion"},{"floor":7,"key":"Swift Potion"}],"is_trial":false,"path_per_floor":["M","?","M","M","M","R","E","R","T","$","R","M","?","M","R","B"],"character_chosen":"IRONCLAD","items_purchased":["Disarm"],"campfire_rested":1,"item_purchase_floors":[10],"current_hp_per_floor":[64,64,69,74,49,49,32,32,32,32,32,36,36,33,70,0],"gold":76,"neow_bonus":"ONE_RARE_RELIC","is_prod":false,"is_daily":false,"chose_seed":false,"campfire_upgraded":0,"win_rate":0,"timestamp":1546125768,"path_taken":["M","?","M","M","M","R","E","R","T","?","R","M","?","M","R","BOSS"],"build_version":"2018-12-25","purchased_purges":0,"victory":false,"max_hp_per_floor":[75,75,75,75,75,75,75,75,75,75,75,75,75,75,75,75],"card_choices":[{"not_picked":["Cleave","Shockwave"],"picked":"Feel No Pain","floor":1},{"not_picked":["Clash","Iron Wave"],"picked":"Ghostly Armor","floor":3},{"not_picked":["Intimidate","Seeing Red"],"picked":"True Grit","floor":4},{"not_picked":["Warcry","Iron Wave"],"picked":"Feel No Pain","floor":5},{"not_picked":["Heavy Blade","Double Tap"],"picked":"Shrug It Off","floor":7},{"not_picked":["Havoc","Clash"],"picked":"Ghostly Armor","floor":12},{"not_picked":["Dropkick","Thunderclap"],"picked":"Sever Soul","floor":14}],"player_experience":1063167,"relics_obtained":[{"floor":6,"key":"Regal Pillow"},{"floor":7,"key":"Blue Candle"},{"floor":8,"key":"Potion Belt"},{"floor":9,"key":"Meat on the Bone"},{"floor":11,"key":"Omamori"}],"event_choices":[{"damage_healed":0,"gold_gain":0,"player_choice":"Forge","damage_taken":0,"max_hp_gain":0,"max_hp_loss":0,"event_name":"Accursed Blacksmith","floor":2,"gold_loss":0,"cards_upgraded":["Feel No Pain"]},{"damage_healed":0,"gold_gain":0,"player_choice":"Upgraded","damage_taken":0,"max_hp_gain":0,"max_hp_loss":0,"event_name":"Upgrade Shrine","floor":13,"gold_loss":0,"cards_upgraded":["True Grit"]}],"is_beta":true,"boss_relics":[],"items_purged_floors":[],"is_endless":false,"potions_floor_spawned":[1,4,5,7],"killed_by":"The Guardian","ascension_level":14}