{"path_per_floor":["M","?","M","M","M","R","E","R","T","R","M","R","M","?","R","B",null,"M","M","M","M","M","R","M","M","T","R","M","$","R","?","R","B",null,"M","?","M","M","?"],"character_chosen":"THE_SILENT","items_purchased":["Gremlin Horn","Bouncing Flask"],"gold_per_floor":[114,114,130,144,161,161,191,191,191,191,206,206,216,246,246,346,346,356,329,349,364,382,382,395,410,492,492,506,95,95,95,95,198,198,216,0,20,32,32],"floor_reached":40,"campfire_rested":3,"playtime":2544,"current_hp_per_floor":[58,58,58,58,58,58,46,46,46,46,46,46,46,46,63,63,63,59,39,35,31,31,31,28,10,10,28,27,27,41,41,64,20,77,77,77,73,56,56],"items_purged":["Strike_G"],"gold":32,"score":469,"play_id":"a060509e-82dd-40b8-98a9-b32a375120b7","local_time":"20180316200325","is_prod":false,"is_daily":false,"is_ascension_mode":false,"campfire_upgraded":2,"timestamp":1521245005,"path_taken":["M","?","M","M","M","R","E","R","T","R","M","R","M","?","R","BOSS","M","?","M","M","M","R","M","M","T","R","M","$","R","?","R","BOSS","M","?","M","M","?","E"],"build_version":"2018-03-15v2","purchased_purges":1,"victory":false,"master_deck":["Defend_G","Defend_G","Defend_G","Defend_G","Survivor","Neutralize+1","Crippling Poison","Predator","Dash","All Out Attack","Noxious Fumes+1","Bouncing Flask+1","Backflip+1","Backflip+1","Burst+1","Backflip+1","Outmaneuver+1","Dodge and Roll+1","Underhanded Strike","Footwork","Catalyst+1","After Image","Cloak And Dagger+1","Accuracy","Cloak And Dagger+1","Calculated Gamble+1","Bouncing Flask+1","Adrenaline+1","Riddle With Holes+1","Blade Dance+1","Infinite Blades+1"],"max_hp_per_floor":[63,63,63,63,63,63,63,63,63,63,63,63,63,63,63,63,63,63,63,63,63,63,63,63,63,63,63,63,63,77,77,77,77,77,77,77,77,77,77],"relics":["Ring of the Snake","Toxic Egg 2","Shovel","Oddly Smooth Stone","Ice Cream","Orrery","Darkstone Periapt","Frozen Egg 2","Gremlin Horn","Mango","Astrolabe","Red Mask"],"card_choices":[{"not_picked":["Backflip","PiercingWail"],"picked":"Dash"},{"not_picked":["Deflect","Expertise"],"picked":"All Out Attack"},{"not_picked":["Dagger Spray","Outmaneuver"],"picked":"Noxious Fumes"},{"not_picked":["Malaise","Bullet Time"],"picked":"Bouncing Flask"},{"not_picked":["Cloak And Dagger","Dodge and Roll"],"picked":"Backflip"},{"not_picked":["Flying Knee","Well Laid Plans"],"picked":"Backflip"},{"not_picked":["Tactician","Grand Finale"],"picked":"Burst"},{"not_picked":["Sucker Punch","Caltrops"],"picked":"Backflip"},{"not_picked":["Expertise","Deflect"],"picked":"Outmaneuver"},{"not_picked":["Acrobatics","Slice"],"picked":"Dodge and Roll"},{"not_picked":["Finisher","Expertise"],"picked":"Underhanded Strike"},{"not_picked":["Prepared","Masterful Stab"],"picked":"Footwork"},{"not_picked":["Backflip","Noxious Fumes"],"picked":"Catalyst"},{"not_picked":["Acrobatics","Poisoned Stab"],"picked":"After Image"},{"not_picked":["Dodge and Roll","Flying Knee"],"picked":"Cloak And Dagger"},{"not_picked":["Predator","Acrobatics"],"picked":"Accuracy"},{"not_picked":["Leg Sweep","Deadly Poison"],"picked":"Cloak And Dagger"},{"not_picked":["Acrobatics","Dodge and Roll"],"picked":"Calculated Gamble"},{"not_picked":["Venomology","Die Die Die"],"picked":"Adrenaline"},{"not_picked":["Cloak And Dagger","Leg Sweep"],"picked":"Infinite Blades"}],"player_experience":577623,"potions_floor_usage":[7,16,21,28,33,33,33,38,40],"damage_taken":[{"damage":5,"enemies":"2 Louse","floor":1,"turns":3},{"damage":0,"enemies":"Cultist","floor":3,"turns":4},{"damage":0,"enemies":"Small Slimes","floor":4,"turns":4},{"damage":0,"enemies":"Looter","floor":5,"turns":3},{"damage":12,"enemies":"Gremlin Nob","floor":7,"turns":3},{"damage":0,"enemies":"2 Fungi Beasts","floor":11,"turns":2},{"damage":0,"enemies":"Exordium Wildlife","floor":13,"turns":4},{"damage":0,"enemies":"Hexaghost","floor":16,"turns":9},{"damage":4,"enemies":"Shell Parasite","floor":18,"turns":6},{"damage":20,"enemies":"2 Thieves","floor":19,"turns":5},{"damage":4,"enemies":"Snecko","floor":20,"turns":5},{"damage":4,"enemies":"Centurion and Healer","floor":21,"turns":9},{"damage":0,"enemies":"Snake Plant","floor":22,"turns":5},{"damage":3,"enemies":"Sentry and Sphere","floor":24,"turns":5},{"damage":18,"enemies":"Cultist and Chosen","floor":25,"turns":8},{"damage":1,"enemies":"Centurion and Healer","floor":28,"turns":7},{"damage":44,"enemies":"Champ","floor":33,"turns":10},{"damage":0,"enemies":"3 Shapes","floor":35,"turns":7},{"damage":4,"enemies":"Orb Walker","floor":37,"turns":4},{"damage":17,"enemies":"Sphere and 2 Shapes","floor":38,"turns":6},{"damage":83,"enemies":"2 Orb Walkers","floor":40,"turns":6}],"event_choices":[{"event_name":"Accursed Blacksmith","player_choice":"Forge","floor":2,"damage_taken":0},{"event_name":"Dead Adventurer","player_choice":"Searched \u00271\u0027 times","floor":14,"damage_taken":0},{"event_name":"The Lab","player_choice":"Got Potions","floor":31,"damage_taken":0},{"event_name":"Tomb of Lord Red Mask","player_choice":"Paid","floor":36,"damage_taken":0}],"boss_relics":[{"not_picked":["Runic Pyramid","Philosopher\u0027s Stone"],"picked":"Orrery"},{"not_picked":["Snecko Eye","Lizard Tail"],"picked":"Astrolabe"}],"potions_floor_spawned":[1,4,7,16,18,20,25,33,37],"seed_played":"-2766234587084345712","killed_by":"2 Orb Walkers","ascension_level":0,"is_trial":false}