{"gold_per_floor":[118,45,45,45,55,55,55,55,82,92,107,118,118,147,147,251,251,270,270,281,281,44,72,72,99,99,129,140,140,140,153,153,253,253,268,279,279,294,294,323,336,336,336,353,58,58,58,13,13,13],"floor_reached":50,"playtime":2245,"items_purged":["Strike_G"],"score":884,"play_id":"f6be90e5-5432-401d-b91d-73f406a044ac","local_time":"20190202123611","is_ascension_mode":true,"campfire_choices":[{"data":"Crippling Poison","floor":6.0,"key":"SMITH"},{"data":"Neutralize","floor":8.0,"key":"SMITH"},{"data":"Catalyst","floor":15.0,"key":"SMITH"},{"data":"Ghostly","floor":24.0,"key":"SMITH"},{"data":"Burst","floor":30.0,"key":"SMITH"},{"floor":32.0,"key":"REST"},{"floor":47.0,"key":"REST"},{"floor":49.0,"key":"RECALL"}],"neow_cost":"PERCENT_DAMAGE","seed_source_timestamp":487844238174471,"circlet_count":0,"master_deck":["Defend_G","Defend_G","Defend_G","Defend_G","Strike_G","Strike_G","Strike_G","Strike_G","Survivor","Neutralize+1","Crippling Poison+1","Footwork","Masterful Stab","Catalyst+1","Noxious Fumes","Cloak And Dagger","Caltrops","Adrenaline","Predator+1","Ghostly+1","Ghostly","Ghostly","Ghostly","Ghostly","Bullet Time","Envenom","Burst+1","Acrobatics","Writhe","Masterful Stab","Bullet Time","Backflip+1","Dodge and Roll+1","PiercingWail","Madness","Madness","PiercingWail+1","Backflip+1","Shame","Caltrops+1","Deadly Poison","Deadly Poison"],"special_seed":0,"relics":["Ring of the Snake","Nunchaku","PreservedInsect","Calipers","Cursed Key","Nloth\u0027s Gift","Blood Vial","The Specimen","Blue Candle","Paper Crane","Philosopher\u0027s Stone","Regal Pillow","Gremlin Horn","Mercury Hourglass"],"potions_floor_usage":[],"damage_taken":[{"damage":4.0,"enemies":"2 Louse","floor":1.0,"turns":3.0},{"damage":1.0,"enemies":"Jaw Worm","floor":5.0,"turns":5.0},{"damage":0.0,"enemies":"Cultist","floor":10.0,"turns":3.0},{"damage":0.0,"enemies":"Blue Slaver","floor":11.0,"turns":4.0},{"damage":8.0,"enemies":"Looter","floor":12.0,"turns":3.0},{"damage":7.0,"enemies":"Lagavulin","floor":14.0,"turns":5.0},{"damage":31.0,"enemies":"The Guardian","floor":16.0,"turns":9.0},{"damage":8.0,"enemies":"Chosen","floor":18.0,"turns":5.0},{"damage":0.0,"enemies":"Spheric Guardian","floor":20.0,"turns":5.0},{"damage":0.0,"enemies":"Book of Stabbing","floor":23.0,"turns":6.0},{"damage":3.0,"enemies":"Slavers","floor":25.0,"turns":5.0},{"damage":2.0,"enemies":"Book of Stabbing","floor":27.0,"turns":6.0},{"damage":3.0,"enemies":"Snecko","floor":28.0,"turns":7.0},{"damage":23.0,"enemies":"3 Cultists","floor":31.0,"turns":6.0},{"damage":2.0,"enemies":"Champ","floor":33.0,"turns":8.0},{"damage":0.0,"enemies":"3 Shapes","floor":35.0,"turns":7.0},{"damage":5.0,"enemies":"3 Darklings","floor":36.0,"turns":6.0},{"damage":0.0,"enemies":"Spire Growth","floor":38.0,"turns":7.0},{"damage":18.0,"enemies":"Nemesis","floor":40.0,"turns":9.0},{"damage":9.0,"enemies":"Maw","floor":41.0,"turns":9.0},{"damage":0.0,"enemies":"Jaw Worm Horde","floor":44.0,"turns":5.0},{"damage":46,"enemies":"Time Eater","floor":50,"turns":11}],"seed_played":"2574733817642741582","potions_obtained":[{"floor":1.0,"key":"GhostInAJar"},{"floor":10.0,"key":"LiquidBronze"},{"floor":12.0,"key":"PowerPotion"},{"floor":28.0,"key":"Regen Potion"},{"floor":31.0,"key":"Explosive Potion"},{"floor":33.0,"key":"AttackPotion"},{"floor":40.0,"key":"Ancient Potion"}],"is_trial":false,"path_per_floor":["M","$","?","?","M","R","T","R","T","M","M","M","?","E","R","B",null,"M","?","M","?","$","E","R","E","T","E","M","?","R","M","R","B",null,"M","M","?","M","?","E","M","?","T","M","$","?","R","$","R","B"],"character_chosen":"THE_SILENT","items_purchased":["Footwork","Bullet Time","Deadly Poison","Mercury Hourglass","Deadly Poison"],"campfire_rested":2,"item_purchase_floors":[2,22,45,45,48],"current_hp_per_floor":[41,41,34,34,33,33,33,33,33,33,33,25,48,41,41,10,55,47,35,35,35,35,35,35,32,32,32,31,31,31,10,20,33,35,35,30,30,32,28,12,5,5,5,7,7,7,32,32,32,0],"gold":13,"neow_bonus":"ONE_RARE_RELIC","is_prod":false,"is_daily":false,"chose_seed":false,"campfire_upgraded":5,"win_rate":0,"timestamp":1549128971,"path_taken":["M","$","?","?","M","R","?","R","T","M","?","M","?","E","R","BOSS","M","?","M","?","$","E","R","E","T","E","?","?","R","M","R","BOSS","M","?","?","M","?","E","?","?","T","M","$","?","R","?","R","BOSS"],"build_version":"2019-01-23","purchased_purges":1,"victory":false,"max_hp_per_floor":[70,70,70,70,70,70,70,70,70,70,70,70,70,70,70,70,70,70,35,35,35,35,35,35,35,35,35,35,35,35,35,35,35,35,35,35,35,35,35,35,35,35,35,35,35,35,35,35,35,35],"card_choices":[{"not_picked":["PiercingWail","Bane"],"picked":"Crippling Poison","floor":1.0},{"not_picked":["Finisher","Backflip"],"picked":"Masterful Stab","floor":5.0},{"not_picked":["Slice","Quick Slash"],"picked":"Catalyst","floor":10.0},{"not_picked":["Prepared","Bane"],"picked":"Noxious Fumes","floor":11.0},{"not_picked":["Deflect","Slice"],"picked":"Cloak And Dagger","floor":12.0},{"not_picked":["Setup","Outmaneuver"],"picked":"Caltrops","floor":14.0},{"not_picked":["Glass Knife","Burst"],"picked":"Adrenaline","floor":16.0},{"not_picked":["Slice+1","Outmaneuver"],"picked":"Predator+1","floor":18.0},{"not_picked":["Blade Dance","Flying Knee","Underhanded Strike+1"],"picked":"SKIP","floor":20.0},{"not_picked":["Sucker Punch","Bane","Tools of the Trade"],"picked":"SKIP","floor":23.0},{"not_picked":["Reflex","Bouncing Flask"],"picked":"Envenom","floor":25.0},{"not_picked":["Poisoned Stab+1","Setup"],"picked":"Burst","floor":27.0},{"not_picked":["Dagger Throw+1","Poisoned Stab"],"picked":"Acrobatics","floor":28.0},{"not_picked":["Dash+1","Poisoned Stab"],"picked":"Masterful Stab","floor":31.0},{"not_picked":["Unload","Glass Knife"],"picked":"Bullet Time","floor":33.0},{"not_picked":["Flying Knee+1","Expertise+1"],"picked":"Backflip+1","floor":35.0},{"not_picked":["Quick Slash","Eviscerate"],"picked":"Dodge and Roll+1","floor":36.0},{"not_picked":["All Out Attack+1","Slice"],"picked":"PiercingWail","floor":38.0},{"not_picked":["Cloak And Dagger+1","Outmaneuver+1"],"picked":"PiercingWail+1","floor":40.0},{"not_picked":["Quick Slash","Tools of the Trade"],"picked":"Backflip+1","floor":41.0},{"not_picked":["Prepared+1","Deflect"],"picked":"Caltrops+1","floor":44.0}],"player_experience":1355811,"relics_obtained":[{"floor":9.0,"key":"Happy Flower"},{"floor":14.0,"key":"Calipers"},{"floor":23.0,"key":"Blood Vial"},{"floor":25.0,"key":"The Specimen"},{"floor":26.0,"key":"Blue Candle"},{"floor":27.0,"key":"Paper Crane"},{"floor":40.0,"key":"Regal Pillow"},{"floor":43.0,"key":"Gremlin Horn"}],"event_choices":[{"damage_healed":0.0,"max_hp_gain":0.0,"max_hp_loss":0.0,"gold_gain":0.0,"event_name":"Scrap Ooze","player_choice":"Success","floor":3.0,"gold_loss":0.0,"damage_taken":7.0,"relics_obtained":["PreservedInsect"]},{"damage_healed":0.0,"max_hp_gain":0.0,"max_hp_loss":0.0,"gold_gain":0.0,"event_name":"Golden Wing","player_choice":"Ignored","floor":4.0,"gold_loss":0.0,"damage_taken":0.0},{"damage_healed":23.0,"max_hp_gain":0.0,"max_hp_loss":0.0,"gold_gain":0.0,"event_name":"Big Fish","player_choice":"Banana","floor":13.0,"gold_loss":0.0,"damage_taken":0.0},{"damage_healed":0.0,"max_hp_gain":0.0,"max_hp_loss":35.0,"gold_gain":0.0,"event_name":"Ghosts","player_choice":"Became a Ghost","floor":19.0,"gold_loss":0.0,"damage_taken":0.0,"cards_obtained":["Ghostly","Ghostly","Ghostly","Ghostly","Ghostly"]},{"damage_healed":0.0,"max_hp_gain":0.0,"max_hp_loss":0.0,"gold_gain":0.0,"event_name":"N\u0027loth","player_choice":"Traded Relic","floor":21.0,"relics_lost":["Happy Flower"],"gold_loss":0.0,"damage_taken":0.0,"relics_obtained":["Nloth\u0027s Gift"]},{"cards_removed":["Normality"],"damage_healed":0.0,"max_hp_gain":0.0,"max_hp_loss":0.0,"gold_gain":0.0,"event_name":"NoteForYourself","player_choice":"Took Card","floor":29.0,"gold_loss":0.0,"damage_taken":0.0,"cards_obtained":["Writhe"]},{"damage_healed":0.0,"max_hp_gain":0.0,"max_hp_loss":0.0,"gold_gain":0.0,"event_name":"Tomb of Lord Red Mask","player_choice":"Ignored","floor":37.0,"gold_loss":0.0,"damage_taken":0.0},{"damage_healed":0.0,"max_hp_gain":0.0,"max_hp_loss":0.0,"gold_gain":0.0,"event_name":"Winding Halls","player_choice":"Embrace Madness","floor":39.0,"gold_loss":0.0,"damage_taken":4.0,"cards_obtained":["Madness","Madness"]},{"cards_removed":["Defend_G"],"damage_healed":0.0,"max_hp_gain":0.0,"max_hp_loss":0.0,"gold_gain":0.0,"event_name":"Falling","player_choice":"Removed Skill","floor":42.0,"gold_loss":0.0,"damage_taken":0.0},{"damage_healed":0.0,"max_hp_gain":0.0,"max_hp_loss":0.0,"gold_gain":0.0,"event_name":"Mysterious Sphere","player_choice":"Ignored","floor":46.0,"gold_loss":0.0,"damage_taken":0.0}],"is_beta":true,"boss_relics":[{"not_picked":["Astrolabe","Coffee Dripper"],"picked":"Cursed Key"},{"not_picked":["White Beast Statue","Calling Bell"],"picked":"Philosopher\u0027s Stone"}],"items_purged_floors":[22],"is_endless":false,"potions_floor_spawned":[1,10,12,28,31,33,40],"killed_by":"Time Eater","ascension_level":8}