{"path_per_floor":["M","?","M","?","M","R","M","M","T","$","E","M","?","M","R","B",null,"M","?","?","M","M","E","R","$","T","E","M","?","R","M","R"],"character_chosen":"IRONCLAD","items_purchased":["Thunderclap","Shrug It Off"],"gold_per_floor":[11,11,26,26,42,42,61,76,76,1,27,38,38,63,63,183,183,204,204,204,222,246,286,286,87,87,131,146,61,61,74,74],"floor_reached":33,"campfire_rested":1,"playtime":1270,"current_hp_per_floor":[80,80,79,79,77,77,66,61,61,61,55,54,54,48,70,30,74,74,74,74,74,68,74,74,74,74,64,68,68,68,77,77],"items_purged":["Defend_R","Bash"],"gold":74,"score":330,"play_id":"90381f64-7199-4b1b-97d1-bcb25053f9e7","local_time":"20180308230445","is_prod":false,"is_daily":false,"is_ascension_mode":true,"campfire_upgraded":4,"timestamp":1520568285,"path_taken":["M","?","M","?","M","R","M","?","T","?","E","?","?","M","R","BOSS","M","?","?","M","M","E","R","$","T","E","M","?","R","M","R","BOSS"],"build_version":"2018-03-01-PROD1","purchased_purges":2,"victory":false,"master_deck":["Strike_R+1","Strike_R+1","Strike_R+1","Strike_R+1","Defend_R+1","Perfected Strike+1","Cleave","Armaments+1","Shrug It Off+1","Flex+1","Headbutt","Pommel Strike","Double Tap+1","Whirlwind","Flex","Pommel Strike","Thunderclap","Shrug It Off","Seeing Red"],"max_hp_per_floor":[80,80,80,80,80,80,80,80,80,80,80,80,74,74,74,74,74,74,74,74,74,74,74,74,74,74,81,81,81,81,81,81],"relics":["Burning Blood","Magic Flower","Happy Flower","Golden Idol","Velvet Choker","Dream Catcher","Du-Vu Doll","Strawberry","Bag of Marbles"],"card_choices":[{"not_picked":["Bloodletting","Blood for Blood"],"picked":"Perfected Strike"},{"not_picked":["Burning Pact","Spot Weakness"],"picked":"Cleave"},{"not_picked":["Power Through","Twin Strike"],"picked":"Armaments"},{"not_picked":["Iron Wave","Barricade"],"picked":"Shrug It Off"},{"not_picked":["Warcry","Iron Wave"],"picked":"Flex"},{"not_picked":["Power Through","Dual Wield"],"picked":"Headbutt"},{"not_picked":["Twin Strike","Warcry"],"picked":"Pommel Strike"},{"not_picked":["Bludgeon","Barricade"],"picked":"Double Tap"},{"not_picked":["Twin Strike","Carnage"],"picked":"Whirlwind"},{"not_picked":["Pummel","Headbutt"],"picked":"Flex"},{"not_picked":["Metallicize","Sever Soul"],"picked":"Pommel Strike"},{"not_picked":["Infernal Blade","Cleave"],"picked":"Seeing Red"}],"player_experience":450859,"potions_floor_usage":[11,28,33],"damage_taken":[{"damage":1,"enemies":"Cultist","floor":1,"turns":4},{"damage":7,"enemies":"Small Slimes","floor":3,"turns":3},{"damage":8,"enemies":"Jaw Worm","floor":5,"turns":3},{"damage":17,"enemies":"Exordium Thugs","floor":7,"turns":4},{"damage":11,"enemies":"Red Slaver","floor":8,"turns":3},{"damage":15,"enemies":"Lagavulin","floor":11,"turns":6},{"damage":10,"enemies":"Looter","floor":12,"turns":2},{"damage":15,"enemies":"Exordium Wildlife","floor":14,"turns":4},{"damage":49,"enemies":"The Guardian","floor":16,"turns":8},{"damage":0,"enemies":"3 Byrds","floor":18,"turns":3},{"damage":2,"enemies":"Spheric Guardian","floor":21,"turns":3},{"damage":15,"enemies":"Centurion and Healer","floor":22,"turns":4},{"damage":0,"enemies":"Gremlin Leader","floor":23,"turns":5},{"damage":26,"enemies":"Slavers","floor":27,"turns":4},{"damage":5,"enemies":"3 Cultists","floor":28,"turns":4},{"damage":0,"enemies":"Snecko","floor":31,"turns":2},{"damage":95,"enemies":"Automaton","floor":33,"turns":8}],"event_choices":[{"event_name":"Purifier","player_choice":"One Purge","floor":2,"damage_taken":0},{"event_name":"Accursed Blacksmith","player_choice":"Forge","floor":4,"damage_taken":0},{"event_name":"Golden Idol","player_choice":"Lose Max HP","floor":13,"damage_taken":0},{"event_name":"Back to Basics","player_choice":"Simplicity","floor":19,"damage_taken":0},{"event_name":"Vampires","player_choice":"Ignored","floor":20,"damage_taken":0},{"event_name":"Addict","player_choice":"Obtained Relic","floor":29,"damage_taken":0}],"boss_relics":[{"not_picked":["Runic Dome","Black Star"],"picked":"Velvet Choker"}],"potions_floor_spawned":[8,14,16,22,27,31],"seed_played":"-7750115594943428625","killed_by":"Automaton","ascension_level":1,"is_trial":false}