{"gold_per_floor":[359,359,137,156,176,176,176,176,200,220,235,258,242,255,255,255],"floor_reached":16,"playtime":948,"items_purged":[],"score":144,"play_id":"82c70c9e-cc53-4380-8113-1a396a7ad5c6","local_time":"20180916175807","is_ascension_mode":true,"campfire_choices":[{"floor":6,"key":"REST"},{"data":"Spot Weakness","floor":15,"key":"SMITH"}],"neow_cost":"PERCENT_DAMAGE","seed_source_timestamp":5051579929923,"circlet_count":0,"master_deck":["Strike_R","Strike_R","Strike_R","Strike_R","Defend_R","Defend_R","Defend_R","Defend_R","Bash","AscendersBane","Metallicize","Reaper","Feel No Pain","Flex","Spot Weakness+1","Corruption","Evolve","True Grit","Whirlwind","Clothesline"],"relics":["Burning Blood","Regal Pillow","Golden Idol","Orichalcum"],"potions_floor_usage":[16,16],"damage_taken":[{"damage":7,"enemies":"Small Slimes","floor":1,"turns":5},{"damage":6,"enemies":"Cultist","floor":4,"turns":5},{"damage":12,"enemies":"2 Louse","floor":5,"turns":5},{"damage":8,"enemies":"2 Fungi Beasts","floor":10,"turns":5},{"damage":14,"enemies":"Exordium Wildlife","floor":11,"turns":5},{"damage":16,"enemies":"Large Slime","floor":12,"turns":8},{"damage":19,"enemies":"Exordium Thugs","floor":13,"turns":6},{"damage":6,"enemies":"Red Slaver","floor":14,"turns":5},{"damage":90,"enemies":"Hexaghost","floor":16,"turns":16}],"seed_played":"-4425123129467916134","potions_obtained":[{"floor":5,"key":"PowerPotion"},{"floor":10,"key":"FearPotion"},{"floor":12,"key":"EssenceOfSteel"}],"is_trial":false,"path_per_floor":["M","?","$","M","M","R","?","?","T","M","M","M","M","M","R"],"character_chosen":"IRONCLAD","items_purchased":["Reaper","Feel No Pain"],"campfire_rested":1,"item_purchase_floors":[3,3],"current_hp_per_floor":[50,50,50,50,54,78,53,53,53,63,64,70,72,72,72,0],"gold":255,"neow_bonus":"TWO_FIFTY_GOLD","is_prod":false,"is_daily":false,"chose_seed":false,"campfire_upgraded":1,"win_rate":0,"timestamp":1537135087,"path_taken":["M","?","$","M","M","R","?","?","T","M","M","?","M","M","R","BOSS"],"build_version":"2018-09-12","purchased_purges":0,"victory":false,"max_hp_per_floor":[80,80,80,80,80,80,80,74,74,74,74,74,74,74,74,74],"card_choices":[{"not_picked":["Anger","Heavy Blade"],"picked":"Metallicize","floor":1},{"not_picked":["Thunderclap","Heavy Blade"],"picked":"Flex","floor":4},{"not_picked":["Thunderclap","Pommel Strike"],"picked":"Spot Weakness","floor":5},{"not_picked":["Havoc","True Grit"],"picked":"Corruption","floor":10},{"not_picked":["Warcry","Armaments"],"picked":"Evolve","floor":11},{"not_picked":["Cleave","Thunderclap"],"picked":"True Grit","floor":12},{"not_picked":["Fire Breathing","Seeing Red"],"picked":"Whirlwind","floor":13},{"not_picked":["Warcry","Body Slam"],"picked":"Clothesline","floor":14}],"player_experience":863261,"relics_obtained":[{"floor":9,"key":"Orichalcum"}],"event_choices":[{"event_name":"Purifier","player_choice":"One Purge","floor":2,"damage_taken":0},{"event_name":"Scrap Ooze","player_choice":"success","floor":7,"damage_taken":25},{"event_name":"Golden Idol","player_choice":"Lose Max HP","floor":8,"damage_taken":0}],"is_beta":true,"boss_relics":[],"items_purged_floors":[],"is_endless":false,"potions_floor_spawned":[5,10,12],"killed_by":"Hexaghost","ascension_level":10}