{"gold_per_floor":[112,130,149,149,160,160,335,390,445,445],"floor_reached":10,"playtime":302,"items_purged":[],"score":78,"play_id":"68813116-d33a-4c09-b705-3fb7f57a6bf3","local_time":"20190124125755","is_ascension_mode":true,"campfire_choices":[{"data":"Infernal Blade","floor":6,"key":"SMITH"}],"neow_cost":"NONE","seed_source_timestamp":0,"circlet_count":0,"master_deck":["Strike_R","Strike_R","Strike_R","Strike_R","Strike_R","Defend_R","Defend_R","Defend_R","Defend_R","Bash","Intimidate","Infernal Blade+1","Flex","Doubt"],"special_seed":0,"relics":["Burning Blood","Question Card","Tiny Chest","Bag of Marbles"],"potions_floor_usage":[8,10,10],"damage_taken":[{"damage":6.0,"enemies":"Cultist","floor":1.0,"turns":3.0},{"damage":5.0,"enemies":"Small Slimes","floor":2.0,"turns":4.0},{"damage":6.0,"enemies":"2 Louse","floor":3.0,"turns":4.0},{"damage":11,"enemies":"2 Fungi Beasts","floor":5,"turns":4},{"damage":47,"enemies":"Gremlin Nob","floor":8,"turns":6},{"damage":42,"enemies":"Lagavulin","floor":10,"turns":6}],"seed_played":"4189565207319943025","potions_obtained":[{"floor":1.0,"key":"Weak Potion"},{"floor":3.0,"key":"Block Potion"},{"floor":8,"key":"BloodPotion"}],"is_trial":false,"path_per_floor":["M","M","M","?","M","R","?","E","T","E"],"character_chosen":"IRONCLAD","items_purchased":[],"campfire_rested":0,"item_purchase_floors":[],"current_hp_per_floor":[88,88,88,76,71,71,71,30,30,0],"gold":445,"neow_bonus":"TEN_PERCENT_HP_BONUS","is_prod":false,"is_daily":false,"chose_seed":false,"campfire_upgraded":1,"win_rate":0,"timestamp":1548352675,"path_taken":["M","M","M","?","M","R","?","E","T","E"],"build_version":"2019-01-23","purchased_purges":0,"victory":false,"max_hp_per_floor":[88,88,88,88,88,88,88,88,88,88],"card_choices":[{"not_picked":["True Grit","Wild Strike"],"picked":"Intimidate","floor":1.0},{"not_picked":["Thunderclap","Perfected Strike"],"picked":"Infernal Blade","floor":2.0},{"not_picked":["Burning Pact","Warcry","Sentinel"],"picked":"SKIP","floor":3.0},{"not_picked":["Pommel Strike","Wild Strike","Brutality"],"picked":"Flex","floor":5},{"not_picked":["Wild Strike","Perfected Strike","Cleave","Headbutt"],"picked":"SKIP","floor":8}],"player_experience":121958,"relics_obtained":[{"floor":8,"key":"Tiny Chest"},{"floor":9,"key":"Bag of Marbles"}],"event_choices":[{"damage_healed":0,"gold_gain":0,"player_choice":"Success","damage_taken":12,"relics_obtained":["Question Card"],"max_hp_gain":0,"max_hp_loss":0,"event_name":"Scrap Ooze","floor":4,"gold_loss":0},{"damage_healed":0,"gold_gain":175,"player_choice":"AGREE","damage_taken":0,"max_hp_gain":0,"max_hp_loss":0,"event_name":"Liars Game","floor":7,"gold_loss":0,"cards_obtained":["Doubt"]}],"is_beta":false,"boss_relics":[],"items_purged_floors":[],"is_endless":false,"potions_floor_spawned":[1,3,8],"killed_by":"Lagavulin","ascension_level":3}