{"gold_per_floor":[12,27,27,27,46,46,46,78,78,110,110,130,159,178,178,254,254,266,19,38,38,54,54,80,80,104,117,129,129,147,23,23,99,99,117,117,46,121,133,133,133],"floor_reached":41,"playtime":1824,"items_purged":["Strike_R"],"score":758,"play_id":"969ba661-a703-43c4-b916-3b828809e154","local_time":"20181228215501","is_ascension_mode":true,"campfire_choices":[{"data":"Uppercut","floor":6.0,"key":"SMITH"},{"data":"1","floor":11.0,"key":"LIFT"},{"data":"2","floor":15.0,"key":"LIFT"},{"floor":23,"key":"REST"},{"floor":25,"key":"REST"},{"floor":29,"key":"REST"},{"floor":32,"key":"REST"},{"floor":40,"key":"REST"}],"neow_cost":"NO_GOLD","seed_source_timestamp":562169838583,"circlet_count":0,"master_deck":["AscendersBane","Strike_R","Strike_R","Strike_R","Strike_R","Defend_R","Defend_R+1","Defend_R","Defend_R","Bash","Shrug It Off","Uppercut+1","Twin Strike+1","Seeing Red","Fire Breathing","Ghostly Armor","Corruption","Demon Form","Shockwave","Shrug It Off+1","Heavy Blade","Flame Barrier+1","Entrench","Feel No Pain+1","Body Slam","True Grit","Feed","Shrug It Off","Anger","Body Slam"],"special_seed":0,"relics":["Burning Blood","Incense Burner","Girya","Torii","Turnip","Odd Mushroom","White Beast Statue","ClockworkSouvenir","Charon\u0027s Ashes","Omamori","War Paint","Sozu"],"potions_floor_usage":[20,24,27,30,33,35,39],"damage_taken":[{"damage":1.0,"enemies":"Small Slimes","floor":1.0,"turns":4.0},{"damage":1.0,"enemies":"Cultist","floor":2.0,"turns":4.0},{"damage":0.0,"enemies":"2 Louse","floor":5.0,"turns":3.0},{"damage":17.0,"enemies":"Lagavulin","floor":8.0,"turns":5.0},{"damage":4.0,"enemies":"3 Sentries","floor":10.0,"turns":10.0},{"damage":6.0,"enemies":"Looter","floor":12.0,"turns":3.0},{"damage":0.0,"enemies":"The Mushroom Lair","floor":13.0,"turns":4.0},{"damage":0.0,"enemies":"Gremlin Gang","floor":14.0,"turns":5.0},{"damage":50.0,"enemies":"Hexaghost","floor":16.0,"turns":13.0},{"damage":11,"enemies":"Chosen","floor":18,"turns":6},{"damage":8,"enemies":"Shell Parasite","floor":20,"turns":8},{"damage":33,"enemies":"3 Cultists","floor":22,"turns":6},{"damage":59,"enemies":"Slavers","floor":24,"turns":10},{"damage":21,"enemies":"Shelled Parasite and Fungi","floor":27,"turns":6},{"damage":25,"enemies":"Chosen and Byrds","floor":28,"turns":10},{"damage":2,"enemies":"Centurion and Healer","floor":30,"turns":8},{"damage":23,"enemies":"Champ","floor":33,"turns":14},{"damage":14,"enemies":"3 Shapes","floor":35,"turns":4},{"damage":23,"enemies":"3 Darklings","floor":39,"turns":12},{"damage":71,"enemies":"Nemesis","floor":41,"turns":7}],"seed_played":"3336205354723079667","potions_obtained":[{"floor":1.0,"key":"Weak Potion"},{"floor":2.0,"key":"Fire Potion"},{"floor":3.0,"key":"AttackPotion"},{"floor":12.0,"key":"EssenceOfSteel"},{"floor":13.0,"key":"Block Potion"},{"floor":18,"key":"EssenceOfSteel"},{"floor":20,"key":"Poison Potion"},{"floor":22,"key":"Regen Potion"},{"floor":24,"key":"Regen Potion"},{"floor":27,"key":"Strength Potion"},{"floor":28,"key":"GamblersBrew"},{"floor":30,"key":"SteroidPotion"},{"floor":33,"key":"SkillPotion"}],"is_trial":false,"path_per_floor":["M","M","?","$","M","R","?","E","T","E","R","M","?","M","R","B","M","$","M","?","M","R","E","R","T","M","M","R","M","$","R","B",null,"M","?","$","?","M","R","E"],"character_chosen":"IRONCLAD","items_purchased":["ClockworkSouvenir","Shrug It Off","True Grit","Shrug It Off","Anger"],"campfire_rested":5,"item_purchase_floors":[19,19,31,37,37],"current_hp_per_floor":[73,75,75,75,75,75,75,64,64,66,66,66,72,75,75,31,64,59,59,57,57,30,52,14,36,36,36,17,39,43,43,65,48,68,60,60,60,53,39,62,0],"gold":133,"neow_bonus":"ONE_RARE_RELIC","is_prod":false,"is_daily":false,"chose_seed":false,"campfire_upgraded":1,"win_rate":0,"timestamp":1546052101,"path_taken":["M","M","?","?","M","R","?","E","T","E","R","M","?","M","R","BOSS","M","$","M","?","M","R","E","R","T","M","M","R","?","?","R","BOSS","M","?","$","?","?","R","E"],"build_version":"2018-12-25","purchased_purges":1,"victory":false,"max_hp_per_floor":[75,75,75,75,75,75,75,75,75,75,75,75,75,75,75,75,75,75,75,75,75,75,75,75,75,75,75,75,75,75,75,75,75,75,75,75,75,75,78,78,78],"card_choices":[{"not_picked":["Entrench","Wild Strike"],"picked":"Shrug It Off","floor":1.0},{"not_picked":["Evolve","Searing Blow"],"picked":"Uppercut","floor":2.0},{"not_picked":["Sword Boomerang","Perfected Strike"],"picked":"Twin Strike","floor":5.0},{"not_picked":["Body Slam","Infernal Blade"],"picked":"Seeing Red","floor":8.0},{"not_picked":["Infernal Blade","Perfected Strike","Brutality"],"picked":"SKIP","floor":10.0},{"not_picked":["Armaments","Flex"],"picked":"Fire Breathing","floor":12.0},{"not_picked":["Body Slam","Perfected Strike"],"picked":"Ghostly Armor","floor":13.0},{"not_picked":["Clash","Clothesline"],"picked":"Corruption","floor":14.0},{"not_picked":["Impervious","Limit Break"],"picked":"Demon Form","floor":16.0},{"not_picked":["Thunderclap","Perfected Strike"],"picked":"Shockwave","floor":18},{"not_picked":["Clothesline","Body Slam"],"picked":"Heavy Blade","floor":20},{"not_picked":["Perfected Strike","Sword Boomerang"],"picked":"Flame Barrier+1","floor":22},{"not_picked":["Cleave","Warcry"],"picked":"Entrench","floor":24},{"not_picked":["Flex","Corruption"],"picked":"Ghostly Armor","floor":27},{"not_picked":["Shockwave","Heavy Blade"],"picked":"Feel No Pain+1","floor":28},{"not_picked":["Clash","Thunderclap"],"picked":"Body Slam","floor":30},{"not_picked":["Impervious","Double Tap"],"picked":"Feed","floor":33},{"not_picked":["Cleave","Warcry+1","Twin Strike"],"picked":"SKIP","floor":35},{"not_picked":["Ghostly Armor","Havoc"],"picked":"Body Slam","floor":39}],"player_experience":1055182,"relics_obtained":[{"floor":8.0,"key":"Girya"},{"floor":9.0,"key":"Torii"},{"floor":10.0,"key":"Turnip"},{"floor":13.0,"key":"Odd Mushroom"},{"floor":24,"key":"Omamori"},{"floor":26,"key":"War Paint"}],"event_choices":[{"damage_healed":0.0,"max_hp_gain":0.0,"max_hp_loss":0.0,"gold_gain":0.0,"event_name":"Lab","player_choice":"Got Potions","floor":3.0,"gold_loss":0.0,"damage_taken":0.0},{"damage_healed":0.0,"max_hp_gain":0.0,"max_hp_loss":0.0,"gold_gain":0.0,"event_name":"Living Wall","player_choice":"Grow","floor":7.0,"gold_loss":0.0,"damage_taken":0.0,"cards_upgraded":["Twin Strike"]},{"damage_healed":0.0,"max_hp_gain":0.0,"max_hp_loss":0.0,"gold_gain":0.0,"event_name":"Mushrooms","player_choice":"Fought Mushrooms","floor":13.0,"gold_loss":0.0,"damage_taken":0.0},{"damage_healed":0,"gold_gain":0,"player_choice":"Gave Potion","damage_taken":0,"relics_obtained":["Charon\u0027s Ashes"],"max_hp_gain":0,"max_hp_loss":0,"event_name":"WeMeetAgain","floor":21,"gold_loss":0},{"cards_removed":["Ghostly Armor"],"damage_healed":0,"gold_gain":0,"player_choice":"Removed Skill","damage_taken":0,"max_hp_gain":0,"max_hp_loss":0,"event_name":"Falling","floor":36,"gold_loss":0},{"damage_healed":0,"gold_gain":75,"player_choice":"Touch","damage_taken":7,"max_hp_gain":0,"max_hp_loss":0,"event_name":"FaceTrader","floor":38,"gold_loss":0}],"is_beta":true,"boss_relics":[{"not_picked":["Lizard Tail","Black Blood"],"picked":"White Beast Statue"},{"not_picked":["Runic Dome","Busted Crown"],"picked":"Sozu"}],"items_purged_floors":[31],"is_endless":false,"potions_floor_spawned":[1,2,12,13,18,20,22,24,27,28,30,33,35,39],"killed_by":"Nemesis","ascension_level":14}