{"path_per_floor":["M","?","M","M","$","E","M","E","T","M","M","R","M","M","R","B",null,"M","?","?","?","$","R","E","R","T","R","?","?","R","M","R","B",null,"M","$","M","$"],"character_chosen":"THE_SILENT","items_purchased":["Bane","Anchor","Noxious Fumes","Apotheosis"],"gold_per_floor":[111,186,205,219,92,117,129,163,208,224,241,241,259,269,269,373,373,363,363,363,363,36,36,63,63,63,63,63,63,63,76,76,174,174,184,0,14,14],"floor_reached":39,"campfire_rested":5,"playtime":2911,"current_hp_per_floor":[69,58,58,57,57,49,47,29,29,21,21,42,40,38,59,53,70,56,56,43,43,43,43,20,42,42,42,42,26,48,48,70,20,75,75,75,42,42],"items_purged":["Defend_G","Injury"],"gold":14,"score":385,"play_id":"e9589942-2a7b-4f89-b59c-57c0fce0775e","is_prod":false,"is_daily":false,"is_ascension_mode":false,"campfire_upgraded":2,"path_taken":["M","?","M","M","$","E","M","E","T","M","M","R","M","M","R","BOSS","M","?","?","?","$","R","E","R","T","R","?","?","R","M","R","BOSS","M","$","M","$","M"],"build_version":"2018-02-22-PROD2","purchased_purges":2,"victory":false,"master_deck":["Defend_G","Defend_G","Defend_G","Defend_G","Strike_G","Strike_G+1","Strike_G","Strike_G","Survivor","Neutralize+1","Escape Plan","Backflip+1","Deadly Poison","Bane+1","Footwork","Poisoned Stab","Catalyst+1","Blur","Quick Slash","Poisoned Stab","Envenom+1","Poisoned Stab+1","Noxious Fumes","Poisoned Stab","Bane+1","Apotheosis"],"max_hp_per_floor":[70,70,70,70,70,70,70,70,70,70,70,70,70,70,70,70,70,70,70,75,75,75,75,75,75,75,75,75,75,75,75,75,75,75,75,75,75,75],"relics":["Ring of the Snake","Whetstone","Juzu Bracelet","Pen Nib","Sozu","Anchor","Meat on the Bone","Torii","Enchiridion","Question Card"],"card_choices":[{"not_picked":["Deflect","Bane"],"picked":"Escape Plan"},{"not_picked":["Catalyst","Underhanded Strike"],"picked":"Backflip"},{"not_picked":["Outmaneuver","Prepared"],"picked":"Deadly Poison"},{"not_picked":["Finisher","Underhanded Strike"],"picked":"Footwork"},{"not_picked":["Flying Knee","Concentrate"],"picked":"Poisoned Stab"},{"not_picked":["Phantasmal Killer","Dagger Spray"],"picked":"Catalyst"},{"not_picked":["Terror","PiercingWail"],"picked":"Blur"},{"not_picked":["Finisher","Dagger Throw"],"picked":"Quick Slash"},{"not_picked":["Outmaneuver","Prepared"],"picked":"Poisoned Stab"},{"not_picked":["Bullet Time","A Thousand Cuts"],"picked":"Envenom"},{"not_picked":["Prepared","Outmaneuver"],"picked":"Poisoned Stab"},{"not_picked":["Footwork","Dagger Spray"],"picked":"Poisoned Stab"},{"not_picked":["Outmaneuver","Backstab","Slice"],"picked":"Bane"}],"player_experience":163933,"potions_floor_usage":[6,16,16,33],"damage_taken":[{"damage":1,"enemies":"Jaw Worm","floor":1,"turns":7},{"damage":0,"enemies":"Small Slimes","floor":3,"turns":4},{"damage":1,"enemies":"Cultist","floor":4,"turns":4},{"damage":23,"enemies":"3 Sentries","floor":6,"turns":12},{"damage":2,"enemies":"Looter","floor":7,"turns":4},{"damage":18,"enemies":"Gremlin Nob","floor":8,"turns":5},{"damage":8,"enemies":"Red Slaver","floor":10,"turns":3},{"damage":0,"enemies":"3 Louse","floor":11,"turns":4},{"damage":2,"enemies":"Large Slime","floor":13,"turns":7},{"damage":2,"enemies":"Looter","floor":14,"turns":3},{"damage":21,"enemies":"Hexaghost","floor":16,"turns":8},{"damage":14,"enemies":"2 Thieves","floor":18,"turns":4},{"damage":23,"enemies":"Book of Stabbing","floor":24,"turns":4},{"damage":0,"enemies":"Spheric Guardian","floor":31,"turns":3},{"damage":62,"enemies":"Automaton","floor":33,"turns":9},{"damage":0,"enemies":"3 Shapes","floor":35,"turns":5},{"damage":33,"enemies":"3 Darklings","floor":37,"turns":6},{"damage":44,"enemies":"4 Shapes","floor":39,"turns":5}],"event_choices":[{"event_name":"World of Goop","player_choice":"Gather Gold","floor":2,"damage_taken":0},{"event_name":"Back to Basics","player_choice":"Elegance","floor":19,"damage_taken":0},{"event_name":"Forgotten Altar","player_choice":"Shed Blood","floor":20,"damage_taken":0},{"event_name":"Accursed Blacksmith","player_choice":"Forge","floor":21,"damage_taken":0},{"event_name":"Drug Dealer","player_choice":"Ignored","floor":28,"damage_taken":0},{"event_name":"Cursed Tome","player_choice":"Obtained Book","floor":29,"damage_taken":0}],"boss_relics":[{"not_picked":["Black Star","Astrolabe"],"picked":"Sozu"},{"not_picked":["Runic Dome","White Beast Statue"],"picked":"Question Card"}],"potions_floor_spawned":[3,7,8,13,14,18,24,33],"seed_played":"-7504503919680932164","killed_by":"4 Shapes","ascension_level":0,"is_trial":false}