{"path_per_floor":["M","?","$","M","T","E","R","E","T","E","$","E","T","M","R","B",null,"M","M","?","M","$","E","M","R","T","?","M","R","$","E","R","B",null,"M","M","$","?","M","R","E","M","T","E","M","R"],"character_chosen":"IRONCLAD","items_purchased":["Strength Potion","Headbutt","Feel No Pain","True Grit","Poison Potion","Feel No Pain","Shrug It Off","Bronze Scales","Spot Weakness","Shrug It Off","Bag of Marbles","Shrug It Off"],"gold_per_floor":[116,180,107,121,144,175,175,208,208,242,96,124,206,219,219,322,322,339,358,358,368,78,105,116,116,139,139,151,151,49,80,80,182,182,202,213,12,12,26,26,53,66,66,101,113,113,113],"floor_reached":47,"campfire_rested":1,"playtime":3962,"current_hp_per_floor":[77,77,77,71,71,59,59,34,34,10,10,7,7,9,33,22,80,80,68,68,70,70,67,73,73,80,80,82,82,82,87,87,87,87,84,87,87,87,87,87,87,76,76,66,62,62,0],"items_purged":[],"gold":113,"score":850,"play_id":"c2250467-c24d-4dcd-8d05-40c61089ff3e","local_time":"20180408223042","is_prod":false,"is_daily":false,"is_ascension_mode":true,"campfire_upgraded":4,"timestamp":1523241042,"path_taken":["M","?","$","M","?","E","R","E","T","E","$","E","?","M","R","BOSS","M","M","?","M","$","E","M","R","T","?","M","R","$","E","R","BOSS","M","M","$","?","M","R","E","M","T","E","M","R","E"],"build_version":"2018-04-05","purchased_purges":1,"victory":false,"master_deck":["Strike_R","Strike_R","Strike_R","Strike_R","Strike_R","Defend_R","Defend_R","Defend_R","Defend_R","Bash","Clothesline+1","Headbutt","Battle Trance","Offering","Feel No Pain+1","True Grit+1","Shrug It Off","Shockwave","Barricade","Impervious","Feel No Pain+1","Shrug It Off","Spot Weakness","Heavy Blade","Flame Barrier","True Grit+1","Spot Weakness","Shrug It Off","Dark Embrace","Doubt","Parasite","Doubt","Entrench","Shrug It Off","Fire Breathing+1","Entrench","Spot Weakness+1"],"max_hp_per_floor":[80,80,80,80,80,80,80,80,80,80,80,80,80,80,80,80,80,80,80,80,80,80,80,80,80,87,87,87,87,87,87,87,87,87,87,87,87,87,87,87,87,87,87,87,87,87,87],"relics":["Burning Blood","Bag of Preparation","Anchor","Vajra","Sundial","Happy Flower","Matryoshka","Prayer Wheel","Mummified Hand","Snecko Eye","Bronze Scales","Ornamental Fan","Bottled Flame","Strawberry","Oddly Smooth Stone","Calling Bell","Shovel","Pantograph","Letter Opener","Bag of Marbles","Molten Egg 2","Paper Frog","Kunai","Peace Pipe","Self Forming Clay","Mercury Hourglass"],"card_choices":[{"not_picked":["Reckless Charge","Infernal Blade"],"picked":"Clothesline","floor":1},{"not_picked":["Dropkick","Armaments"],"picked":"Battle Trance","floor":4},{"not_picked":["Shrug It Off","Headbutt"],"picked":"Offering","floor":10},{"not_picked":["Ghostly Armor","Intimidate"],"picked":"Shrug It Off","floor":12},{"not_picked":["Infernal Blade","Uppercut"],"picked":"Shockwave","floor":14},{"not_picked":["Impervious","Reaper"],"picked":"Barricade","floor":16},{"not_picked":["Anger","Inflame"],"picked":"Impervious","floor":21},{"not_picked":["Barricade","Double Tap"],"picked":"Spot Weakness","floor":23},{"not_picked":["Warcry","Pummel"],"picked":"Heavy Blade","floor":24},{"not_picked":["Wild Strike","Shrug It Off"],"picked":"Flame Barrier","floor":26},{"not_picked":["Blood for Blood","Anger"],"picked":"True Grit","floor":28},{"not_picked":["Berserk","Bludgeon"],"picked":"Dark Embrace","floor":33},{"not_picked":["Iron Wave","Headbutt"],"picked":"Entrench","floor":36},{"not_picked":["Thunderclap","Clothesline"],"picked":"Fire Breathing","floor":41},{"not_picked":["Blood for Blood","Dual Wield"],"picked":"Entrench","floor":44},{"not_picked":["Clothesline","Anger"],"picked":"Spot Weakness","floor":45}],"player_experience":147708,"potions_floor_usage":[8,10,10,16,23,33,41,42,44],"damage_taken":[{"damage":9,"enemies":"2 Louse","floor":1,"turns":3},{"damage":12,"enemies":"Jaw Worm","floor":4,"turns":2},{"damage":18,"enemies":"Gremlin Nob","floor":6,"turns":4},{"damage":31,"enemies":"3 Sentries","floor":8,"turns":7},{"damage":30,"enemies":"Lagavulin","floor":10,"turns":4},{"damage":9,"enemies":"3 Sentries","floor":12,"turns":10},{"damage":4,"enemies":"Cultist","floor":14,"turns":2},{"damage":17,"enemies":"The Guardian","floor":16,"turns":13},{"damage":4,"enemies":"3 Byrds","floor":18,"turns":7},{"damage":18,"enemies":"Chosen","floor":19,"turns":6},{"damage":4,"enemies":"Centurion and Healer","floor":21,"turns":7},{"damage":24,"enemies":"Slavers","floor":23,"turns":7},{"damage":0,"enemies":"Cultist and Chosen","floor":24,"turns":7},{"damage":4,"enemies":"Snecko","floor":28,"turns":4},{"damage":0,"enemies":"Book of Stabbing","floor":31,"turns":4},{"damage":4,"enemies":"Champ","floor":33,"turns":14},{"damage":9,"enemies":"3 Shapes","floor":35,"turns":6},{"damage":1,"enemies":"Orb Walker","floor":36,"turns":5},{"damage":4,"enemies":"Sphere and 2 Shapes","floor":39,"turns":7},{"damage":4,"enemies":"Nemesis","floor":41,"turns":9},{"damage":17,"enemies":"Spire Growth","floor":42,"turns":6},{"damage":16,"enemies":"2 Orb Walkers","floor":44,"turns":6},{"damage":10,"enemies":"Flame Bruiser 2 Orb","floor":45,"turns":7},{"damage":87,"enemies":"Giant Head","floor":47,"turns":9}],"event_choices":[{"event_name":"Golden Wing","player_choice":"Gained Gold","floor":2,"damage_taken":0},{"event_name":"Vampires","player_choice":"Ignored","floor":20,"damage_taken":0},{"event_name":"Drug Dealer","player_choice":"Ignored","floor":27,"damage_taken":0},{"event_name":"Wheel of Change","player_choice":"Relic","floor":38,"damage_taken":0}],"boss_relics":[{"not_picked":["Runic Dome","Astrolabe"],"picked":"Snecko Eye"},{"not_picked":["Velvet Choker","Black Star"],"picked":"Calling Bell"}],"potions_floor_spawned":[1,4,6,21,23,28,33,36,41],"seed_played":"-6701295382805936139","killed_by":"Giant Head","ascension_level":3,"is_trial":false}