{"gold_per_floor":[109,109,119,194,205,205,230,230,230,241,255,255,332,349,349,425,425,442,442,342,355,382,382],"floor_reached":23,"playtime":1140,"items_purged":[],"score":372,"play_id":"18a30bd2-5108-49a3-92b8-bd22b7d7044c","local_time":"20190214183404","is_ascension_mode":true,"campfire_choices":[{"floor":6,"key":"REST"},{"floor":8,"key":"REST"},{"data":"Defragment","floor":15,"key":"SMITH"}],"neow_cost":"NONE","seed_source_timestamp":11945172175791,"circlet_count":0,"master_deck":["AscendersBane","Strike_B","Strike_B","Strike_B","Defend_B","Defend_B","Defend_B","Defend_B","Zap","Dualcast","Beam Cell","Glacier","Static Discharge","BootSequence","Defragment+1","Coolheaded","Creative AI"],"relics":["FrozenCore","Omamori","Calipers","Mummified Hand","Mercury Hourglass","Red Mask"],"potions_floor_usage":[7,7,16,16,20,22],"damage_taken":[{"damage":4,"enemies":"2 Louse","floor":1,"turns":3},{"damage":1,"enemies":"Cultist","floor":3,"turns":3},{"damage":8,"enemies":"Small Slimes","floor":5,"turns":3},{"damage":36,"enemies":"Gremlin Nob","floor":7,"turns":4},{"damage":17,"enemies":"3 Louse","floor":10,"turns":4},{"damage":0,"enemies":"Blue Slaver","floor":11,"turns":5},{"damage":7,"enemies":"Exordium Wildlife","floor":14,"turns":4},{"damage":8,"enemies":"Slime Boss","floor":16,"turns":9},{"damage":14,"enemies":"Spheric Guardian","floor":18,"turns":8},{"damage":3,"enemies":"2 Thieves","floor":20,"turns":5},{"damage":25,"enemies":"Shelled Parasite and Fungi","floor":21,"turns":11},{"damage":28,"enemies":"Masked Bandits","floor":22,"turns":9},{"damage":7,"enemies":"Snake Plant","floor":23,"turns":2}],"seed_played":"-5769008194435699044","potions_obtained":[{"floor":1,"key":"GamblersBrew"},{"floor":3,"key":"PowerPotion"},{"floor":11,"key":"Poison Potion"},{"floor":14,"key":"SkillPotion"},{"floor":16,"key":"FocusPotion"},{"floor":18,"key":"Regen Potion"}],"is_trial":false,"path_per_floor":["M","?","M","?","M","R","E","R","T","M","M","?","T","M","R","B",null,"M","?","M","M","?","M"],"character_chosen":"DEFECT","items_purchased":[],"campfire_rested":2,"item_purchase_floors":[],"current_hp_per_floor":[60,60,59,48,40,61,25,46,46,29,29,46,46,39,39,31,61,47,47,59,34,6,0],"gold":382,"neow_bonus":"RANDOM_COMMON_RELIC","is_prod":false,"is_daily":false,"chose_seed":false,"campfire_upgraded":1,"win_rate":0,"timestamp":1550187244,"path_taken":["M","?","?","?","M","R","E","R","T","M","M","?","?","?","R","BOSS","M","?","M","M","?","M"],"build_version":"2019-01-23","purchased_purges":0,"victory":false,"max_hp_per_floor":[71,71,71,71,71,71,71,71,71,71,71,71,71,71,71,71,71,71,71,71,71,71,71],"card_choices":[{"not_picked":["Recycle","Skim"],"picked":"Beam Cell","floor":1},{"not_picked":["Loop","Gash"],"picked":"Glacier","floor":3},{"not_picked":["Compile Driver","Streamline"],"picked":"Static Discharge","floor":5},{"not_picked":["Barrage","Conserve Battery"],"picked":"BootSequence","floor":7},{"not_picked":["Double Energy","Gash","Fusion"],"picked":"SKIP","floor":10},{"not_picked":["Stack","Heatsinks"],"picked":"Defragment","floor":11},{"not_picked":["Rebound","Turbo"],"picked":"Coolheaded","floor":14},{"not_picked":["Reboot","Buffer"],"picked":"Creative AI","floor":16},{"not_picked":["Leap","Compile Driver","Scrape"],"picked":"SKIP","floor":18},{"not_picked":["Beam Cell","Leap","Steam"],"picked":"SKIP","floor":20},{"not_picked":["Hologram","Redo+1","Rebound"],"picked":"SKIP","floor":21}],"player_experience":284420,"relics_obtained":[{"floor":7,"key":"Calipers"},{"floor":9,"key":"Mummified Hand"},{"floor":13,"key":"Mercury Hourglass"},{"floor":22,"key":"Red Mask"}],"event_choices":[{"cards_removed":["Strike_B"],"damage_healed":0,"gold_gain":0,"player_choice":"Card Removal","damage_taken":0,"max_hp_gain":0,"max_hp_loss":0,"event_name":"Wheel of Change","floor":2,"gold_loss":0},{"damage_healed":0,"gold_gain":75,"player_choice":"Gather Gold","damage_taken":11,"max_hp_gain":0,"max_hp_loss":0,"event_name":"World of Goop","floor":4,"gold_loss":0},{"damage_healed":17,"gold_gain":0,"player_choice":"Healed and dodged fight","damage_taken":0,"max_hp_gain":0,"max_hp_loss":0,"event_name":"Mushrooms","floor":12,"gold_loss":0,"cards_obtained":["Parasite"]},{"damage_healed":0,"gold_gain":0,"player_choice":"Smashed Altar","damage_taken":0,"max_hp_gain":0,"max_hp_loss":0,"event_name":"Forgotten Altar","floor":19,"gold_loss":0,"cards_obtained":["Decay"]},{"damage_healed":0,"gold_gain":0,"player_choice":"Fought Bandits","damage_taken":0,"max_hp_gain":0,"max_hp_loss":0,"event_name":"Masked Bandits","floor":22,"gold_loss":0}],"is_beta":false,"boss_relics":[{"not_picked":["Calling Bell","Tiny House"],"picked":"FrozenCore"}],"items_purged_floors":[],"is_endless":false,"potions_floor_spawned":[1,3,11,14,16,18],"killed_by":"Snake Plant","ascension_level":19}