{"path_per_floor":["M","$","M","M","M","R","?","R","T","M","?","M","E","?","R","B",null,"M","M","$","?","?","R"],"character_chosen":"THE_SILENT","items_purchased":["Backflip","Matryoshka"],"gold_per_floor":[110,58,75,85,104,104,104,104,104,117,117,141,176,176,176,304,304,317,342,27,27,27,27],"floor_reached":24,"campfire_rested":1,"playtime":1422,"current_hp_per_floor":[70,70,70,70,57,57,57,57,57,52,39,39,25,25,44,26,65,55,53,53,53,53,53],"items_purged":["Defend_G"],"gold":27,"score":196,"play_id":"6a1f04ba-0d96-4eea-b30e-8477ede20762","local_time":"20180302124439","is_prod":false,"is_daily":false,"is_ascension_mode":false,"campfire_upgraded":3,"timestamp":1520012679,"path_taken":["M","$","M","M","M","R","?","R","T","M","?","M","E","?","R","BOSS","M","?","$","?","?","R","E"],"build_version":"2018-03-01-PROD1","purchased_purges":2,"victory":false,"master_deck":["Defend_G","Defend_G","Defend_G+1","Defend_G","Strike_G","Strike_G","Strike_G","Strike_G","Strike_G","Survivor","Neutralize+1","Grand Finale","Malaise","Backflip+1","Backflip+1","Sucker Punch","Flying Knee","Cloak And Dagger+1","Slice","Die Die Die","Cloak And Dagger+1","Acrobatics","Slice"],"max_hp_per_floor":[70,70,70,70,70,70,65,65,65,65,65,65,65,65,65,65,65,65,65,65,65,65,65],"relics":["Ring of the Snake","Golden Idol","Ginger","Bottled Flame","Thread and Needle","Cursed Key","Matryoshka"],"card_choices":[{"not_picked":["Eviscerate","Caltrops"],"picked":"Malaise"},{"not_picked":["PiercingWail","Poisoned Stab"],"picked":"Backflip"},{"not_picked":["Dagger Spray","Eviscerate"],"picked":"Sucker Punch"},{"not_picked":["Backflip","Reflex"],"picked":"Flying Knee"},{"not_picked":["Flechettes","Outmaneuver"],"picked":"Cloak And Dagger"},{"not_picked":["Terror","Deadly Poison"],"picked":"Slice"},{"not_picked":["Unload","Phantasmal Killer"],"picked":"Die Die Die"},{"not_picked":["Prepared","Quick Slash"],"picked":"Cloak And Dagger"},{"not_picked":["Adrenaline","Backflip"],"picked":"Acrobatics"}],"player_experience":318211,"potions_floor_usage":[5,12,13,18],"damage_taken":[{"damage":0,"enemies":"Small Slimes","floor":1,"turns":3},{"damage":0,"enemies":"Jaw Worm","floor":3,"turns":7},{"damage":0,"enemies":"2 Louse","floor":4,"turns":3},{"damage":13,"enemies":"Exordium Wildlife","floor":5,"turns":9},{"damage":5,"enemies":"Lots of Slimes","floor":10,"turns":6},{"damage":0,"enemies":"Large Slime","floor":12,"turns":3},{"damage":14,"enemies":"3 Sentries","floor":13,"turns":9},{"damage":18,"enemies":"The Guardian","floor":16,"turns":14},{"damage":10,"enemies":"Chosen","floor":18,"turns":5},{"damage":2,"enemies":"2 Thieves","floor":19,"turns":5},{"damage":53,"enemies":"Gremlin Leader","floor":24,"turns":9}],"event_choices":[{"event_name":"Golden Idol","player_choice":"Lose Max HP","floor":7,"damage_taken":0},{"event_name":"Shining Light","player_choice":"Entered Light","floor":11,"damage_taken":0},{"event_name":"Dead Adventurer","player_choice":"Searched \u00271\u0027 times","floor":14,"damage_taken":0},{"event_name":"The Library","player_choice":"Read","floor":21,"damage_taken":0},{"event_name":"Upgrade Shrine","player_choice":"Upgraded","floor":22,"damage_taken":0}],"boss_relics":[{"not_picked":["Lizard Tail","Sozu"],"picked":"Cursed Key"}],"potions_floor_spawned":[1,5,10,13],"seed_played":"-8620978479804823914","killed_by":"Gremlin Leader","ascension_level":0,"is_trial":false}