{"gold_per_floor":[209,226,241,241,261,261,291,291,317,343,356,4,16,34,34,134,134,149,149,4,22,22,51,64,64,143,143,143,159,191,191,191,295,295,314,331,431,443,443],"floor_reached":39,"playtime":3062,"items_purged":[],"score":563,"play_id":"3aac28dc-0266-45db-ac32-abd4f89ad042","local_time":"20190112142425","is_ascension_mode":true,"campfire_choices":[{"data":"Neutralize","floor":6,"key":"SMITH"},{"floor":15,"key":"REST"},{"floor":25,"key":"REST"},{"floor":28,"key":"REST"},{"data":"Footwork","floor":32,"key":"SMITH"}],"neow_cost":"NONE","seed_source_timestamp":241040515506073,"circlet_count":0,"master_deck":["Defend_G","Defend_G","Defend_G","Defend_G","Defend_G","Strike_G","Strike_G+1","Strike_G","Strike_G+1","Survivor","Neutralize+1","Sucker Punch","Flying Knee","Backstab","Acrobatics","Dagger Spray","Footwork+1","Well Laid Plans","Cloak And Dagger","Blade Dance","Night Terror","Slice+1","Dagger Spray+1","Masterful Stab","Writhe","Backflip","Blade Dance","Corpse Explosion","Blade Dance+1","Dodge and Roll+1","Deflect+1","Footwork"],"relics":["Ring of the Snake","Ancient Tea Set","PreservedInsect","Oddly Smooth Stone","Du-Vu Doll","Dead Branch","Cursed Key","Nilry\u0027s Codex","Bag of Preparation","Whetstone","Bottled Lightning","Calipers","Sozu","The Specimen"],"potions_floor_usage":[10,16,23,23,33],"damage_taken":[{"damage":7,"enemies":"Jaw Worm","floor":1,"turns":7},{"damage":0,"enemies":"2 Louse","floor":2,"turns":3},{"damage":0,"enemies":"Small Slimes","floor":3,"turns":3},{"damage":0,"enemies":"Red Slaver","floor":5,"turns":5},{"damage":21,"enemies":"3 Sentries","floor":7,"turns":12},{"damage":7,"enemies":"Lagavulin","floor":10,"turns":5},{"damage":0,"enemies":"Exordium Wildlife","floor":11,"turns":2},{"damage":6,"enemies":"Lots of Slimes","floor":13,"turns":4},{"damage":0,"enemies":"Large Slime","floor":14,"turns":6},{"damage":15,"enemies":"Hexaghost","floor":16,"turns":10},{"damage":0,"enemies":"Shell Parasite","floor":18,"turns":6},{"damage":3,"enemies":"3 Byrds","floor":21,"turns":4},{"damage":12,"enemies":"Slavers","floor":23,"turns":4},{"damage":10,"enemies":"3 Cultists","floor":24,"turns":4},{"damage":0,"enemies":"Chosen and Byrds","floor":29,"turns":4},{"damage":2,"enemies":"Gremlin Leader","floor":30,"turns":5},{"damage":7,"enemies":"Automaton","floor":33,"turns":11},{"damage":3,"enemies":"3 Shapes","floor":35,"turns":3},{"damage":4,"enemies":"Orb Walker","floor":36,"turns":3},{"damage":0,"enemies":"Mind Bloom Boss Battle","floor":37,"turns":8},{"damage":11,"enemies":"Sphere and 2 Shapes","floor":38,"turns":6},{"damage":55,"enemies":"Maw","floor":39,"turns":6}],"seed_played":"7904526767105359606","potions_obtained":[{"floor":3,"key":"GhostInAJar"},{"floor":7,"key":"Dexterity Potion"},{"floor":11,"key":"LiquidBronze"},{"floor":16,"key":"LiquidBronze"},{"floor":21,"key":"Swift Potion"},{"floor":24,"key":"Poison Potion"},{"floor":29,"key":"EssenceOfSteel"}],"is_trial":false,"path_per_floor":["M","M","M","?","M","R","E","?","T","E","M","$","M","M","R","B",null,"M","?","$","M","$","E","M","R","T","?","R","M","E","?","R","B",null,"M","M","?","M","M"],"character_chosen":"THE_SILENT","items_purchased":["Dead Branch","Cloak And Dagger","Bag of Preparation"],"campfire_rested":3,"item_purchase_floors":[12,12,20],"current_hp_per_floor":[56,56,56,61,61,61,40,33,33,26,26,26,20,20,42,27,63,63,47,47,44,44,32,22,44,44,44,66,66,64,64,64,57,71,68,64,64,53,0],"gold":443,"neow_bonus":"HUNDRED_GOLD","is_prod":false,"is_daily":false,"chose_seed":false,"campfire_upgraded":2,"win_rate":0,"timestamp":1547321065,"path_taken":["M","M","M","?","M","R","E","?","T","E","M","$","M","M","R","BOSS","M","?","$","M","$","E","M","R","T","?","R","?","E","?","R","BOSS","M","?","?","M","M"],"build_version":"2019-01-10","purchased_purges":0,"victory":false,"max_hp_per_floor":[70,70,70,75,75,75,75,75,75,75,75,75,75,75,75,75,75,75,75,75,75,75,75,75,75,75,75,75,75,75,75,75,75,75,75,75,75,75,75],"card_choices":[{"not_picked":["Slice","Catalyst"],"picked":"Sucker Punch","floor":1},{"not_picked":["Distraction","Cloak And Dagger"],"picked":"Flying Knee","floor":2},{"not_picked":["Endless Agony","Dodge and Roll"],"picked":"Backstab","floor":3},{"not_picked":["Prepared","Sucker Punch"],"picked":"Acrobatics","floor":5},{"not_picked":["Cloak And Dagger","Underhanded Strike"],"picked":"Dagger Spray","floor":7},{"not_picked":["Tactician","Infinite Blades"],"picked":"Footwork","floor":10},{"not_picked":["Tactician","Accuracy"],"picked":"Well Laid Plans","floor":11},{"not_picked":["Eviscerate","Noxious Fumes"],"picked":"Blade Dance","floor":13},{"not_picked":["Choke","Dagger Throw","Outmaneuver"],"picked":"SKIP","floor":14},{"not_picked":["A Thousand Cuts","Glass Knife"],"picked":"Night Terror","floor":16},{"not_picked":["Sucker Punch","Bane"],"picked":"Slice+1","floor":18},{"not_picked":["Concentrate","Slice"],"picked":"Dagger Spray+1","floor":21},{"not_picked":["Reflex","All Out Attack"],"picked":"Masterful Stab","floor":23},{"not_picked":["Quick Slash","Sucker Punch+1","Dagger Spray"],"picked":"SKIP","floor":24},{"not_picked":["Expertise","Poisoned Stab"],"picked":"Backflip","floor":29},{"not_picked":["Tactician","Concentrate+1"],"picked":"Blade Dance","floor":30},{"not_picked":["Storm of Steel","Night Terror"],"picked":"Corpse Explosion","floor":33},{"not_picked":["Dagger Throw","Finisher+1"],"picked":"Blade Dance+1","floor":35},{"not_picked":["Catalyst+1","Heel Hook"],"picked":"Dodge and Roll+1","floor":36},{"not_picked":["Outmaneuver+1","Expertise"],"picked":"Deflect+1","floor":37},{"not_picked":["PiercingWail+1","Blade Dance"],"picked":"Footwork","floor":38}],"player_experience":1245609,"relics_obtained":[{"floor":7,"key":"Ancient Tea Set"},{"floor":9,"key":"Oddly Smooth Stone"},{"floor":10,"key":"Du-Vu Doll"},{"floor":19,"key":"Nilry\u0027s Codex"},{"floor":23,"key":"Whetstone"},{"floor":26,"key":"Bottled Lightning"},{"floor":30,"key":"Calipers"},{"floor":37,"key":"The Specimen"}],"event_choices":[{"damage_healed":0,"gold_gain":0,"player_choice":"Donut","damage_taken":0,"max_hp_gain":5,"max_hp_loss":0,"event_name":"Big Fish","floor":4,"gold_loss":0},{"damage_healed":0,"gold_gain":0,"player_choice":"Success","damage_taken":7,"relics_obtained":["PreservedInsect"],"max_hp_gain":0,"max_hp_loss":0,"event_name":"Scrap Ooze","floor":8,"gold_loss":0},{"damage_healed":0,"gold_gain":0,"player_choice":"Obtained Book","damage_taken":16,"max_hp_gain":0,"max_hp_loss":0,"event_name":"Cursed Tome","floor":19,"gold_loss":0},{"cards_removed":["Strike_G"],"damage_healed":0,"gold_gain":0,"player_choice":"Purged","damage_taken":0,"max_hp_gain":0,"max_hp_loss":0,"event_name":"Purifier","floor":27,"gold_loss":0},{"damage_healed":0,"gold_gain":0,"player_choice":"Ignored","damage_taken":0,"max_hp_gain":0,"max_hp_loss":0,"event_name":"N\u0027loth","floor":31,"gold_loss":0},{"damage_healed":0,"gold_gain":0,"player_choice":"Fight","damage_taken":0,"max_hp_gain":0,"max_hp_loss":0,"event_name":"MindBloom","floor":37,"gold_loss":0}],"is_beta":true,"boss_relics":[{"not_picked":["Black Star","Philosopher\u0027s Stone"],"picked":"Cursed Key"},{"not_picked":["Pandora\u0027s Box","Busted Crown"],"picked":"Sozu"}],"items_purged_floors":[],"is_endless":false,"potions_floor_spawned":[3,7,11,16,21,24,29,36],"killed_by":"Maw","ascension_level":6}