{"gold_per_floor":[114,45,62,62,62,95,95,95,167,167,2,26,45,68,68,193,193,207,222,222,38,62,62,105,105],"floor_reached":25,"playtime":940,"items_purged":[],"score":369,"play_id":"89a43db6-89dc-42b7-b347-43dc8d6409e6","local_time":"20180916204020","is_ascension_mode":true,"campfire_choices":[{"data":"Feel No Pain","floor":8,"key":"SMITH"},{"data":"Flame Barrier","floor":10,"key":"SMITH"},{"data":"Armaments","floor":15,"key":"SMITH"},{"data":"Flame Barrier","floor":23,"key":"SMITH"}],"neow_cost":"NONE","seed_source_timestamp":14779248833254,"circlet_count":0,"master_deck":["Strike_R","Strike_R","Strike_R","Strike_R","Strike_R","Defend_R","Defend_R","Defend_R","Defend_R","Bash","AscendersBane","Feel No Pain+1","Flame Barrier+1","Inflame","Shrug It Off","Corruption","Body Slam","Flame Barrier+1","Shockwave","Armaments+1","Barricade+1","Iron Wave+1","Shockwave","Power Through"],"relics":["Burning Blood","NeowsBlessing","Golden Idol","Torii","Question Card","Singing Bowl","Velvet Choker","Happy Flower","Boot"],"potions_floor_usage":[16,24,24,24,25],"damage_taken":[{"damage":0,"enemies":"2 Louse","floor":1,"turns":2},{"damage":0,"enemies":"Cultist","floor":3,"turns":1},{"damage":0,"enemies":"Gremlin Nob","floor":6,"turns":1},{"damage":0,"enemies":"Small Slimes","floor":12,"turns":5},{"damage":11,"enemies":"2 Fungi Beasts","floor":13,"turns":6},{"damage":1,"enemies":"Blue Slaver","floor":14,"turns":7},{"damage":58,"enemies":"Hexaghost","floor":16,"turns":14},{"damage":19,"enemies":"Spheric Guardian","floor":18,"turns":8},{"damage":6,"enemies":"3 Byrds","floor":19,"turns":3},{"damage":9,"enemies":"Snake Plant","floor":22,"turns":6},{"damage":54,"enemies":"Slavers","floor":24,"turns":10},{"damage":17,"enemies":"Masked Bandits","floor":25,"turns":3}],"seed_played":"-1402326704120655559","potions_obtained":[{"floor":1,"key":"BloodPotion"},{"floor":4,"key":"Dexterity Potion"},{"floor":4,"key":"SkillPotion"},{"floor":13,"key":"LiquidBronze"},{"floor":19,"key":"EssenceOfSteel"},{"floor":24,"key":"Poison Potion"}],"is_trial":false,"path_per_floor":["M","$","M","?","?","E","T","R","T","R","$","M","M","M","R","B",null,"M","M","?","$","M","R","E"],"character_chosen":"IRONCLAD","items_purchased":["Flame Barrier","Corruption","Body Slam","Flame Barrier","Happy Flower","Shockwave"],"campfire_rested":0,"item_purchase_floors":[2,11,11,11,21,21],"current_hp_per_floor":[78,78,80,80,74,74,74,74,74,74,74,74,71,76,76,24,63,52,52,52,52,51,51,11,0],"gold":105,"neow_bonus":"THREE_ENEMY_KILL","is_prod":false,"is_daily":false,"chose_seed":false,"campfire_upgraded":4,"win_rate":0,"timestamp":1537144820,"path_taken":["M","$","M","?","?","E","?","R","T","R","$","?","M","M","R","BOSS","M","M","?","$","M","R","E","?"],"build_version":"2018-09-12","purchased_purges":0,"victory":false,"max_hp_per_floor":[80,80,80,80,74,74,74,74,74,74,74,74,76,76,76,76,76,78,78,78,78,80,80,80,80],"card_choices":[{"not_picked":["Battle Trance","Shrug It Off"],"picked":"Feel No Pain","floor":1},{"not_picked":["Heavy Blade","Clash"],"picked":"Inflame","floor":3},{"not_picked":["Intimidate","Metallicize"],"picked":"Shrug It Off","floor":6},{"not_picked":["Body Slam","Perfected Strike","Flame Barrier"],"picked":"Shockwave","floor":12},{"not_picked":["Headbutt","Searing Blow","Combust","Clash"],"picked":"Singing Bowl","floor":13},{"not_picked":["Combust","Havoc","Thunderclap"],"picked":"Armaments","floor":14},{"not_picked":["Offering","Immolate","Brutality"],"picked":"Barricade","floor":16},{"not_picked":["Headbutt","Wild Strike","Combust","Thunderclap"],"picked":"Singing Bowl","floor":18},{"not_picked":["Warcry+1","Carnage","Sword Boomerang"],"picked":"Iron Wave+1","floor":19},{"not_picked":["Thunderclap","Flex","Searing Blow","Warcry"],"picked":"Singing Bowl","floor":22},{"not_picked":["Clothesline","Dark Embrace","Twin Strike+1"],"picked":"Power Through","floor":24}],"player_experience":864209,"relics_obtained":[{"floor":6,"key":"Torii"},{"floor":7,"key":"Question Card"},{"floor":9,"key":"Singing Bowl"},{"floor":24,"key":"Boot"}],"event_choices":[{"event_name":"The Lab","player_choice":"Got Potions","floor":4,"damage_taken":0},{"event_name":"Golden Idol","player_choice":"Lose Max HP","floor":5,"damage_taken":0},{"event_name":"Upgrade Shrine","player_choice":"Upgraded","floor":20,"damage_taken":0},{"event_name":"Masked Bandits","player_choice":"Fought Bandits","floor":25,"damage_taken":0}],"is_beta":true,"boss_relics":[{"not_picked":["Black Star","Runic Cube"],"picked":"Velvet Choker"}],"items_purged_floors":[],"is_endless":false,"potions_floor_spawned":[1,13,14,19,24],"killed_by":"Masked Bandits","ascension_level":10}