{"gold_per_floor":[110,124,140,61,61,89,101,101,101,101,101,113,140,113,113,211,211,225,225,236,236,253,253,178,210,210,210,210,228,241,241,241,346,346,363,363,133,148,148,148,196,231,231,231,244,256,256,256,256,256,256,256,20,52,52],"floor_reached":56,"playtime":2317,"items_purged":["Writhe"],"score":1704,"play_id":"d66126b4-21af-4b37-9756-623f3f03ad6f","local_time":"20190127200925","is_ascension_mode":true,"campfire_choices":[{"data":"Noxious Fumes","floor":8.0,"key":"SMITH"},{"data":"Crippling Poison","floor":10.0,"key":"SMITH"},{"floor":15.0,"key":"REST"},{"data":"Catalyst","floor":23.0,"key":"SMITH"},{"data":"Burst","floor":27.0,"key":"SMITH"},{"data":"Ghostly","floor":32.0,"key":"SMITH"},{"data":"Mind Blast","floor":40.0,"key":"SMITH"},{"data":"Catalyst","floor":44.0,"key":"SMITH"},{"floor":47.0,"key":"RECALL"},{"data":"Leg Sweep","floor":49.0,"key":"SMITH"},{"data":"Leg Sweep","floor":52,"key":"SMITH"}],"neow_cost":"NONE","seed_source_timestamp":620943345392440,"circlet_count":0,"master_deck":["Defend_G+1","Defend_G+1","Defend_G+1","Defend_G+1","Survivor","Neutralize","Backstab","PiercingWail","Leg Sweep+1","Flying Knee","Dagger Spray","Crippling Poison+1","Noxious Fumes+1","Leg Sweep","Cloak And Dagger","PiercingWail","Corpse Explosion","Crippling Poison+1","Crippling Poison+1","Catalyst+1","Dash","Burst+1","All Out Attack","Deadly Poison","Corpse Explosion","Leg Sweep+1","Well Laid Plans+1","Ghostly+1","Ghostly","Ghostly","Ghostly","Ghostly","Adrenaline","Flying Knee","Footwork+1","Backstab+1","Catalyst+1","Mind Blast+1","Deadly Poison","Deadly Poison+1","Heel Hook+1","Backstab"],"special_seed":0,"relics":["Ring of the Snake","PreservedInsect","Regal Pillow","Frozen Egg 2","Astrolabe","Strawberry","Orichalcum","Matryoshka","Philosopher\u0027s Stone","Mango","Anchor","Centennial Puzzle","Lantern","Whetstone"],"potions_floor_usage":[50,55,55,55],"damage_taken":[{"damage":1.0,"enemies":"Small Slimes","floor":1.0,"turns":5.0},{"damage":1.0,"enemies":"2 Louse","floor":2.0,"turns":3.0},{"damage":0.0,"enemies":"Jaw Worm","floor":3.0,"turns":3.0},{"damage":11.0,"enemies":"3 Sentries","floor":6.0,"turns":8.0},{"damage":0.0,"enemies":"Looter","floor":7.0,"turns":4.0},{"damage":5.0,"enemies":"Blue Slaver","floor":12.0,"turns":4.0},{"damage":15.0,"enemies":"Lagavulin","floor":13.0,"turns":7.0},{"damage":11.0,"enemies":"The Guardian","floor":16.0,"turns":15.0},{"damage":6.0,"enemies":"Shell Parasite","floor":18.0,"turns":7.0},{"damage":4.0,"enemies":"Chosen","floor":20.0,"turns":5.0},{"damage":3.0,"enemies":"Snake Plant","floor":22.0,"turns":3.0},{"damage":18.0,"enemies":"Book of Stabbing","floor":25.0,"turns":4.0},{"damage":6.0,"enemies":"Centurion and Healer","floor":29.0,"turns":7.0},{"damage":5.0,"enemies":"Snecko","floor":30.0,"turns":4.0},{"damage":25.0,"enemies":"Collector","floor":33.0,"turns":7.0},{"damage":0.0,"enemies":"Orb Walker","floor":35.0,"turns":4.0},{"damage":0.0,"enemies":"3 Darklings","floor":38.0,"turns":3.0},{"damage":0.0,"enemies":"2 Orb Walkers","floor":41.0,"turns":2.0},{"damage":0.0,"enemies":"Reptomancer","floor":42.0,"turns":7.0},{"damage":8.0,"enemies":"Jaw Worm Horde","floor":45.0,"turns":3.0},{"damage":0.0,"enemies":"4 Shapes","floor":46.0,"turns":4.0},{"damage":0,"enemies":"Time Eater","floor":50,"turns":7},{"damage":0,"enemies":"Shield and Spear","floor":54,"turns":6},{"damage":47,"enemies":"The Heart","floor":55,"turns":10}],"seed_played":"-5042348620331348701","potions_obtained":[{"floor":0.0,"key":"Energy Potion"},{"floor":0.0,"key":"Explosive Potion"},{"floor":0.0,"key":"Fire Potion"},{"floor":3.0,"key":"Strength Potion"},{"floor":7.0,"key":"Energy Potion"},{"floor":25.0,"key":"EntropicBrew"},{"floor":29.0,"key":"Strength Potion"},{"floor":30.0,"key":"GamblersBrew"},{"floor":33.0,"key":"PowerPotion"},{"floor":35.0,"key":"GhostInAJar"},{"floor":41.0,"key":"GhostInAJar"},{"floor":46.0,"key":"Energy Potion"},{"floor":54,"key":"LiquidBronze"}],"is_trial":false,"path_per_floor":["M","M","M","$","?","E","M","R","T","R","?","M","E","$","R","B",null,"M","?","M","?","M","R","?","E","T","R","?","M","M","?","R","B",null,"M","?","$","M","?","R","?","E","T","R","M","M","R","?","R","B",null,"R","$","E","B",null],"character_chosen":"THE_SILENT","items_purchased":["Flying Knee","Dagger Spray","PiercingWail","Footwork+1","Backstab","Poison Potion","Lantern","Heel Hook"],"campfire_rested":1,"item_purchase_floors":[4,4,14,37,37,53,53,53],"current_hp_per_floor":[62,61,61,61,54,43,43,43,43,43,48,43,28,28,65,54,70,64,71,67,67,64,64,64,46,46,46,46,40,35,35,35,10,33,33,41,41,41,41,41,55,55,55,55,47,47,47,55,55,55,55,55,55,55,8],"gold":52,"neow_bonus":"THREE_SMALL_POTIONS","is_prod":false,"is_daily":false,"chose_seed":false,"campfire_upgraded":9,"win_rate":0,"timestamp":1548637765,"path_taken":["M","M","M","$","?","E","M","R","T","R","?","M","E","$","R","BOSS","M","?","M","?","M","R","?","E","T","R","?","?","M","?","R","BOSS","M","?","$","M","?","R","?","E","T","R","?","M","R","?","R","BOSS","R","$","E","BOSS"],"build_version":"2019-01-23","purchased_purges":1,"victory":true,"max_hp_per_floor":[70,70,70,70,70,70,70,70,70,70,75,75,75,75,75,75,75,75,82,82,82,82,82,82,82,82,82,82,82,82,41,41,41,41,41,41,41,41,41,41,55,55,55,55,55,55,55,55,55,55,55,55,55,55,55],"card_choices":[{"not_picked":["Dagger Spray","Poisoned Stab"],"picked":"Backstab","floor":1.0},{"not_picked":["Accuracy","Catalyst"],"picked":"PiercingWail","floor":2.0},{"not_picked":["Blade Dance","Bouncing Flask"],"picked":"Leg Sweep","floor":3.0},{"not_picked":["Dagger Throw","Deadly Poison"],"picked":"Crippling Poison","floor":6.0},{"not_picked":["Venomology","Deadly Poison"],"picked":"Noxious Fumes","floor":7.0},{"not_picked":["Slice","Backflip"],"picked":"Leg Sweep","floor":12.0},{"not_picked":["Quick Slash","Prepared"],"picked":"Cloak And Dagger","floor":13.0},{"not_picked":["Glass Knife","Unload"],"picked":"Corpse Explosion","floor":16.0},{"not_picked":["Deflect+1","Deadly Poison"],"picked":"Catalyst","floor":18.0},{"not_picked":["Tactician+1","Setup"],"picked":"Dash","floor":20.0},{"not_picked":["Skewer","Quick Slash"],"picked":"Deadly Poison","floor":22.0},{"not_picked":["Dagger Throw","Bane"],"picked":"Corpse Explosion","floor":25.0},{"not_picked":["Deflect","Prepared"],"picked":"Leg Sweep","floor":29.0},{"not_picked":["Predator","Deflect"],"picked":"Well Laid Plans+1","floor":30.0},{"not_picked":["Grand Finale","Doppelganger"],"picked":"Adrenaline","floor":33.0},{"not_picked":["Choke","Slice+1"],"picked":"Flying Knee","floor":35.0},{"not_picked":["Dagger Spray","Blade Dance+1"],"picked":"Catalyst","floor":38.0},{"not_picked":["Enlightenment","Discovery"],"picked":"Mind Blast","floor":39.0},{"not_picked":["Bane","Dodge and Roll"],"picked":"Deadly Poison","floor":41.0},{"not_picked":["Flying Knee+1","Infinite Blades+1","Slice+1"],"picked":"SKIP","floor":42.0},{"not_picked":["Deflect","Backflip+1"],"picked":"Deadly Poison+1","floor":45.0},{"not_picked":["Infinite Blades+1","Sucker Punch+1","Blade Dance"],"picked":"SKIP","floor":46.0},{"not_picked":["Accuracy+1","Blade Dance+1"],"picked":"Backstab","floor":54}],"player_experience":1332357,"relics_obtained":[{"floor":6.0,"key":"PreservedInsect"},{"floor":9.0,"key":"Regal Pillow"},{"floor":13.0,"key":"Frozen Egg 2"},{"floor":25.0,"key":"Orichalcum"},{"floor":26.0,"key":"Matryoshka"},{"floor":41.0,"key":"Mango"},{"floor":42.0,"key":"Anchor"},{"floor":43.0,"key":"Centennial Puzzle"},{"floor":54,"key":"Whetstone"}],"event_choices":[{"cards_removed":["Strike_G"],"damage_healed":0.0,"max_hp_gain":0.0,"max_hp_loss":0.0,"gold_gain":0.0,"event_name":"Golden Wing","player_choice":"Card Removal","floor":5.0,"gold_loss":0.0,"damage_taken":7.0},{"damage_healed":0.0,"max_hp_gain":5.0,"max_hp_loss":0.0,"gold_gain":0.0,"event_name":"Big Fish","player_choice":"Donut","floor":11.0,"gold_loss":0.0,"damage_taken":0.0},{"damage_healed":0.0,"max_hp_gain":0.0,"max_hp_loss":0.0,"gold_gain":0.0,"event_name":"The Mausoleum","player_choice":"Opened","floor":19.0,"gold_loss":0.0,"damage_taken":0.0,"relics_obtained":["Strawberry"],"cards_obtained":["Writhe"]},{"damage_healed":0.0,"max_hp_gain":0.0,"max_hp_loss":0.0,"gold_gain":0.0,"cards_transformed":["Strike_G","Defend_G"],"event_name":"Drug Dealer","player_choice":"Became Test Subject","floor":21.0,"gold_loss":0.0,"damage_taken":0.0,"cards_obtained":["Burst","All Out Attack"]},{"cards_removed":["Writhe"],"damage_healed":0.0,"max_hp_gain":0.0,"max_hp_loss":0.0,"gold_gain":0.0,"event_name":"Beggar","player_choice":"Gave Gold","floor":24.0,"gold_loss":75.0,"damage_taken":0.0},{"damage_healed":0.0,"max_hp_gain":0.0,"max_hp_loss":0.0,"gold_gain":0.0,"event_name":"Back to Basics","player_choice":"Simplicity","floor":28.0,"gold_loss":0.0,"damage_taken":0.0,"cards_upgraded":["Defend_G","Defend_G","Defend_G","Defend_G"]},{"damage_healed":0.0,"max_hp_gain":0.0,"max_hp_loss":41.0,"gold_gain":0.0,"event_name":"Ghosts","player_choice":"Became a Ghost","floor":31.0,"gold_loss":0.0,"damage_taken":0.0,"cards_obtained":["Ghostly","Ghostly","Ghostly","Ghostly","Ghostly"]},{"damage_healed":10.0,"max_hp_gain":0.0,"max_hp_loss":0.0,"gold_gain":0.0,"event_name":"Winding Halls","player_choice":"Writhe","floor":36.0,"gold_loss":0.0,"damage_taken":0.0,"cards_obtained":["Writhe"]},{"damage_healed":0.0,"max_hp_gain":0.0,"max_hp_loss":0.0,"gold_gain":0.0,"event_name":"SensoryStone","player_choice":"Memory 1","floor":39.0,"gold_loss":0.0,"damage_taken":0.0},{"damage_healed":0.0,"max_hp_gain":0.0,"max_hp_loss":0.0,"gold_gain":0.0,"event_name":"Mysterious Sphere","player_choice":"Fight","floor":41.0,"gold_loss":0.0,"damage_taken":0.0},{"cards_removed":["Reflex"],"damage_healed":8.0,"max_hp_gain":0.0,"max_hp_loss":0.0,"gold_gain":0.0,"event_name":"Bonfire Elementals","player_choice":"Offered Uncommon","floor":48.0,"gold_loss":0.0,"damage_taken":0.0}],"is_beta":true,"boss_relics":[{"not_picked":["Orrery","White Beast Statue"],"picked":"Astrolabe"},{"not_picked":["Coffee Dripper","Empty Cage"],"picked":"Philosopher\u0027s Stone"}],"items_purged_floors":[37],"is_endless":false,"potions_floor_spawned":[2,3,7,25,29,30,33,35,41,46,54],"ascension_level":7}