{"path_per_floor":["M","?","M","$","M","R","E","M","T","M","M","M","M","M","R","B",null,"M","M","$","M","M","R","E","M","T","R","M","M","?","M","R"],"character_chosen":"IRONCLAD","items_purchased":["Shrug It Off","Evolve"],"gold_per_floor":[119,119,132,12,24,24,55,73,73,83,98,113,126,143,143,248,248,264,276,101,115,134,134,167,179,204,204,215,233,148,165,165],"floor_reached":33,"campfire_rested":3,"playtime":3112,"current_hp_per_floor":[77,77,78,78,80,80,67,73,73,73,78,63,65,60,60,39,80,64,65,65,40,24,48,35,33,33,57,54,49,49,37,61],"items_purged":["Defend_R","Defend_R"],"gold":165,"score":279,"play_id":"3f2f16c4-07f9-4618-bc70-82e343b36e88","is_prod":false,"is_daily":false,"is_ascension_mode":false,"campfire_upgraded":2,"path_taken":["M","?","M","$","M","R","E","M","T","M","M","?","M","M","R","BOSS","M","M","$","M","M","R","E","M","T","R","M","M","?","M","R","BOSS"],"build_version":"2018-02-15-PROD1","purchased_purges":2,"victory":false,"master_deck":["Strike_R","Strike_R","Strike_R","Strike_R","Strike_R","Defend_R","Defend_R","Bash","Limit Break+1","Inflame","Wild Strike","Shrug It Off+1","Flex+1","Flex","Rampage","Power Through","Shrug It Off","Clash","Clothesline","Demon Form","Headbutt","Heavy Blade","Evolve","Iron Wave+1","Shockwave","Perfected Strike","Cleave","Iron Wave+1","Warcry+1"],"max_hp_per_floor":[80,80,80,80,80,80,80,80,80,80,80,80,80,80,80,80,80,80,80,80,80,80,80,80,80,80,80,80,80,80,80,80],"relics":["Burning Blood","Ancient Tea Set","Gambling Chip","Sozu","Vajra","Lantern","Smiling Mask"],"card_choices":[{"not_picked":["Iron Wave","True Grit"],"picked":"Inflame"},{"not_picked":["Anger","Clash"],"picked":"Wild Strike"},{"not_picked":["Iron Wave","Thunderclap"],"picked":"Flex"},{"not_picked":["Pummel","Twin Strike"],"picked":"Flex"},{"not_picked":["Metallicize","Sword Boomerang"],"picked":"Rampage"},{"not_picked":["Clothesline","Thunderclap"],"picked":"Power Through"},{"not_picked":["Flex","Power Through"],"picked":"Shrug It Off"},{"not_picked":["Perfected Strike","Immolate"],"picked":"Clash"},{"not_picked":["Headbutt","Evolve"],"picked":"Clothesline"},{"not_picked":["Barricade","Berserk"],"picked":"Demon Form"},{"not_picked":["Twin Strike","Metallicize"],"picked":"Headbutt"},{"not_picked":["Shrug It Off","Seeing Red"],"picked":"Heavy Blade"},{"not_picked":["Anger","Exhume"],"picked":"Iron Wave"},{"not_picked":["Inflame","Blood for Blood"],"picked":"Shockwave"},{"not_picked":["Anger","Pommel Strike"],"picked":"Perfected Strike"},{"not_picked":["Shrug It Off","Twin Strike"],"picked":"Cleave"},{"not_picked":["Dual Wield","Pommel Strike"],"picked":"Iron Wave"},{"not_picked":["Shrug It Off","Cleave"],"picked":"Warcry"}],"player_experience":155783,"potions_floor_usage":[14,16,16],"damage_taken":[{"damage":9,"enemies":"Jaw Worm","floor":1,"turns":5},{"damage":5,"enemies":"Cultist","floor":3,"turns":4},{"damage":0,"enemies":"2 Louse","floor":5,"turns":3},{"damage":19,"enemies":"3 Sentries","floor":7,"turns":7},{"damage":0,"enemies":"Large Slime","floor":8,"turns":5},{"damage":6,"enemies":"3 Louse","floor":10,"turns":3},{"damage":1,"enemies":"Blue Slaver","floor":11,"turns":2},{"damage":21,"enemies":"2 Fungi Beasts","floor":12,"turns":4},{"damage":4,"enemies":"Exordium Wildlife","floor":13,"turns":5},{"damage":11,"enemies":"Lots of Slimes","floor":14,"turns":4},{"damage":27,"enemies":"Slime Boss","floor":16,"turns":14},{"damage":22,"enemies":"3 Byrds","floor":18,"turns":6},{"damage":5,"enemies":"Spheric Guardian","floor":19,"turns":3},{"damage":31,"enemies":"Centurion and Healer","floor":21,"turns":5},{"damage":22,"enemies":"Snecko","floor":22,"turns":5},{"damage":19,"enemies":"Slavers","floor":24,"turns":5},{"damage":8,"enemies":"3 Cultists","floor":25,"turns":4},{"damage":9,"enemies":"Snake Plant","floor":28,"turns":3},{"damage":11,"enemies":"Snecko","floor":29,"turns":3},{"damage":18,"enemies":"Slaver and Parasite","floor":31,"turns":4},{"damage":73,"enemies":"Automaton","floor":33,"turns":10}],"event_choices":[{"event_name":"Living Wall","player_choice":"Grow","floor":2,"damage_taken":0},{"event_name":"Addict","player_choice":"Obtained Relic","floor":30,"damage_taken":0}],"boss_relics":[{"not_picked":["Pandora\u0027s Box","Philosopher\u0027s Stone"],"picked":"Sozu"}],"potions_floor_spawned":[5,8,12,13,14,16,21,25,28],"seed_played":"8233296732270522511","killed_by":"Automaton","ascension_level":0,"is_trial":false}