{"path_per_floor":["M","M","M","M","M","R","E","R","T","E","M","$","M","M","R","B",null,"M","$","?","M","M","E","M","E","T","M"],"character_chosen":"IRONCLAD","items_purchased":["Corruption","Rampage","Evolve"],"gold_per_floor":[109,123,135,155,169,169,199,199,255,280,290,135,149,168,168,267,267,284,34,34,44,64,92,112,144,169,189],"floor_reached":28,"campfire_rested":1,"playtime":2168,"current_hp_per_floor":[80,79,79,71,67,67,46,70,70,69,68,68,69,69,69,13,80,75,75,75,68,49,60,51,19,19,17],"items_purged":["Defend_R","Strike_R"],"gold":189,"score":290,"play_id":"d96b1872-fee8-4fc6-82cc-9f7fa1647735","local_time":"20180310041334","is_prod":false,"is_daily":false,"is_ascension_mode":true,"campfire_upgraded":2,"timestamp":1520673214,"path_taken":["M","M","?","M","M","R","E","R","T","E","M","?","M","M","R","BOSS","M","$","?","M","M","E","?","E","T","?","M"],"build_version":"2018-03-09","purchased_purges":2,"victory":false,"master_deck":["Strike_R","Strike_R","Strike_R","Defend_R","Defend_R","Defend_R","Bash","Pommel Strike","Feel No Pain","Havoc","Clash","Rampage+1","Reaper","Clash","Sever Soul","Ghostly Armor","Corruption","Fiend Fire+1","Shrug It Off+1","Exhume","Battle Trance","Rampage","Evolve","Clash+1","Dual Wield","Impervious","Thunderclap+1","Intimidate","Clumsy","Headbutt"],"max_hp_per_floor":[80,80,80,80,80,80,80,80,80,80,80,80,80,80,80,80,80,80,80,80,80,80,80,80,80,80,80],"relics":["Burning Blood","Bottled Lightning","Tiny Chest","Toolbox","Cursed Key","Whetstone","Happy Flower","Art of War"],"card_choices":[{"not_picked":["Blood for Blood","Sword Boomerang"],"picked":"Pommel Strike"},{"not_picked":["Warcry","Sword Boomerang"],"picked":"Feel No Pain"},{"not_picked":["Pommel Strike","Body Slam"],"picked":"Havoc"},{"not_picked":["Pummel","True Grit"],"picked":"Clash"},{"not_picked":["Shockwave","Iron Wave"],"picked":"Rampage"},{"not_picked":["Entrench","Warcry"],"picked":"Reaper"},{"not_picked":["Clothesline","Heavy Blade"],"picked":"Clash"},{"not_picked":["Shockwave","Burning Pact"],"picked":"Sever Soul"},{"not_picked":["Anger","Warcry"],"picked":"Ghostly Armor"},{"not_picked":["Blood for Blood","Shrug It Off"],"picked":"Fiend Fire"},{"not_picked":["Havoc","Corruption"],"picked":"Shrug It Off"},{"not_picked":["Impervious","Berserk"],"picked":"Exhume"},{"not_picked":["Fire Breathing","Heavy Blade"],"picked":"Battle Trance"},{"not_picked":["Sword Boomerang","Inflame"],"picked":"Clash"},{"not_picked":["Rage","Corruption"],"picked":"Dual Wield"},{"not_picked":["Feel No Pain","Reckless Charge"],"picked":"Impervious"},{"not_picked":["Second Wind","Blood for Blood"],"picked":"Thunderclap"},{"not_picked":["Havoc","Juggernaut"],"picked":"Intimidate"},{"not_picked":["Sever Soul","Perfected Strike"],"picked":"Headbutt"}],"player_experience":497535,"potions_floor_usage":[10,16,18,23,24,28],"damage_taken":[{"damage":1,"enemies":"Cultist","floor":1,"turns":3},{"damage":7,"enemies":"Small Slimes","floor":2,"turns":4},{"damage":6,"enemies":"Jaw Worm","floor":3,"turns":3},{"damage":14,"enemies":"2 Fungi Beasts","floor":4,"turns":4},{"damage":10,"enemies":"Exordium Wildlife","floor":5,"turns":3},{"damage":27,"enemies":"Gremlin Nob","floor":7,"turns":4},{"damage":17,"enemies":"3 Sentries","floor":10,"turns":7},{"damage":7,"enemies":"Blue Slaver","floor":11,"turns":2},{"damage":12,"enemies":"Large Slime","floor":13,"turns":8},{"damage":12,"enemies":"Lots of Slimes","floor":14,"turns":4},{"damage":66,"enemies":"The Guardian","floor":16,"turns":10},{"damage":15,"enemies":"3 Byrds","floor":18,"turns":7},{"damage":13,"enemies":"Shell Parasite","floor":21,"turns":6},{"damage":32,"enemies":"Centurion and Healer","floor":22,"turns":4},{"damage":14,"enemies":"Slavers","floor":23,"turns":5},{"damage":15,"enemies":"Snecko","floor":24,"turns":5},{"damage":42,"enemies":"Gremlin Leader","floor":25,"turns":12},{"damage":8,"enemies":"Snake Plant","floor":27,"turns":4},{"damage":25,"enemies":"Slaver and Parasite","floor":28,"turns":1}],"event_choices":[{"event_name":"Bonfire Elementals","player_choice":"BASIC","floor":20,"damage_taken":0}],"boss_relics":[{"not_picked":["Black Blood","Astrolabe"],"picked":"Cursed Key"}],"potions_floor_spawned":[2,5,7,14,16,21,22,25],"seed_played":"-6775555328541192177","killed_by":"Slaver and Parasite","ascension_level":1,"is_trial":false}