{"path_per_floor":["M","M","M","M","M","R","E","$","T","E","?","R","M","M","R","B",null,"M","M","$","?","?","R","M","R","T","R"],"character_chosen":"THE_SILENT","items_purchased":["Sadistic Nature"],"gold_per_floor":[115,126,141,151,165,165,191,13,40,67,67,67,77,95,95,193,193,212,224,149,149,149,149,165,165,237,237],"floor_reached":28,"campfire_rested":4,"playtime":1814,"current_hp_per_floor":[63,62,60,51,51,51,37,37,37,16,16,34,38,38,56,38,63,56,44,44,28,28,46,42,42,42,60],"items_purged":["Strike_G"],"gold":237,"score":230,"play_id":"31e24ddd-7399-4323-b494-140929f85799","local_time":"20180310221149","is_prod":false,"is_daily":false,"is_ascension_mode":false,"campfire_upgraded":2,"timestamp":1520737909,"path_taken":["M","M","?","M","?","R","E","?","T","E","?","R","M","M","R","BOSS","M","?","$","?","?","R","M","R","T","R","E"],"build_version":"2018-03-09","purchased_purges":1,"victory":false,"master_deck":["Defend_G","Defend_G","Defend_G","Defend_G","Defend_G","Strike_G","Strike_G","Strike_G","Strike_G","Survivor","Neutralize+1","Bouncing Flask","Backflip","All Out Attack","Leg Sweep","Adrenaline","Poisoned Stab","Sadistic Nature","Footwork","Backstab","Catalyst+1","After Image+1","Cloak And Dagger+1","Necronomicurse","Catalyst+1"],"max_hp_per_floor":[63,63,63,63,63,63,63,63,63,63,63,63,63,63,63,63,63,63,63,63,63,63,63,63,63,63,63],"relics":["Ring of the Snake","Bird Faced Urn","Toxic Egg 2","Happy Flower","Art of War","Blue Candle","Runic Pyramid","Necronomicon","Bottled Flame"],"card_choices":[{"not_picked":["Underhanded Strike","Dagger Spray"],"picked":"Bouncing Flask"},{"not_picked":["Riddle With Holes","Dash"],"picked":"Backflip"},{"not_picked":["Poisoned Stab","Cloak And Dagger"],"picked":"All Out Attack"},{"not_picked":["Expertise","Sucker Punch"],"picked":"Leg Sweep"},{"not_picked":["Dagger Spray","Underhanded Strike"],"picked":"Adrenaline"},{"not_picked":["Slice","Calculated Gamble"],"picked":"Poisoned Stab"},{"not_picked":["Skewer","Predator"],"picked":"Footwork"},{"not_picked":["Quick Slash","Finisher"],"picked":"Backstab"},{"not_picked":["Sucker Punch","Flying Knee"],"picked":"Catalyst"},{"not_picked":["Unload","Burst"],"picked":"After Image"},{"not_picked":["Riddle With Holes","Poisoned Stab"],"picked":"Cloak And Dagger"},{"not_picked":["Slice","Dagger Spray"],"picked":"Catalyst"}],"player_experience":523902,"potions_floor_usage":[7,7,16,16,24],"damage_taken":[{"damage":0,"enemies":"Cultist","floor":1,"turns":5},{"damage":1,"enemies":"2 Louse","floor":2,"turns":3},{"damage":2,"enemies":"Small Slimes","floor":3,"turns":4},{"damage":9,"enemies":"Exordium Wildlife","floor":4,"turns":4},{"damage":0,"enemies":"Blue Slaver","floor":5,"turns":4},{"damage":26,"enemies":"3 Sentries","floor":7,"turns":8},{"damage":23,"enemies":"Gremlin Nob","floor":10,"turns":5},{"damage":0,"enemies":"2 Fungi Beasts","floor":13,"turns":3},{"damage":0,"enemies":"3 Louse","floor":14,"turns":2},{"damage":22,"enemies":"Slime Boss","floor":16,"turns":10},{"damage":9,"enemies":"3 Byrds","floor":18,"turns":6},{"damage":18,"enemies":"Spheric Guardian","floor":19,"turns":6},{"damage":10,"enemies":"Centurion and Healer","floor":24,"turns":10},{"damage":71,"enemies":"Gremlin Leader","floor":28,"turns":10}],"event_choices":[{"event_name":"Dead Adventurer","player_choice":"Searched \u00271\u0027 times","floor":11,"damage_taken":0},{"event_name":"Cursed Tome","player_choice":"Obtained Book","floor":21,"damage_taken":0},{"event_name":"Vampires","player_choice":"Ignored","floor":22,"damage_taken":0}],"boss_relics":[{"not_picked":["Runic Dome","Ectoplasm"],"picked":"Runic Pyramid"}],"potions_floor_spawned":[2,3,5,10,13,19],"seed_played":"-4309761716954630635","killed_by":"Gremlin Leader","ascension_level":0,"is_trial":false}