{"path_per_floor":["M","M","?","M","M","R","E","R","T","?","M","E","$","M","R","B",null,"M","M","?","?","M","R","E","R","T","M","M","R","M","M","R"],"character_chosen":"IRONCLAD","items_purchased":["Apotheosis","Heavy Blade"],"gold_per_floor":[115,128,128,146,158,158,193,193,193,193,208,240,14,30,30,135,135,155,175,75,75,86,86,116,116,116,130,141,141,160,180,180,180],"floor_reached":33,"campfire_rested":5,"playtime":1167,"current_hp_per_floor":[87,88,88,88,82,82,57,57,57,62,58,58,58,58,85,82,93,93,80,80,62,41,70,31,60,60,23,14,58,53,10,54,0],"items_purged":[],"gold":180,"score":357,"play_id":"efcbbca0-e9af-4688-a51e-7a0a062491cd","local_time":"20180325124851","is_prod":false,"is_daily":false,"is_ascension_mode":false,"campfire_upgraded":2,"timestamp":1521996531,"path_taken":["M","M","?","M","?","R","E","R","T","?","?","E","$","M","R","BOSS","M","M","?","?","?","R","E","R","T","M","?","R","M","M","R","BOSS"],"build_version":"2018-03-22v2","purchased_purges":0,"victory":false,"master_deck":["Strike_R","Strike_R","Strike_R","Strike_R","Strike_R","Defend_R","Defend_R","Defend_R","Defend_R","Bash","Shockwave","Wild Strike","Demon Form+1","Seeing Red","Heavy Blade+1","Shrug It Off","Shrug It Off","Apotheosis","Heavy Blade","Clothesline","Shrug It Off+1","Wild Strike+1","J.A.X.","Shrug It Off+1","Anger+1","Cleave","Sword Boomerang","Power Through","Anger+1"],"max_hp_per_floor":[88,88,88,88,88,88,88,88,88,93,93,93,93,93,93,93,93,93,93,93,98,98,98,98,98,98,98,98,98,98,98,98,98],"relics":["Burning Blood","Ice Cream","Centennial Puzzle","Pen Nib","White Beast Statue","Gremlin Horn","Regal Pillow"],"card_choices":[{"not_picked":["Sword Boomerang","Disarm"],"picked":"Shockwave","floor":1},{"not_picked":["Fire Breathing","Iron Wave"],"picked":"Wild Strike","floor":2},{"not_picked":["Anger","Clash"],"picked":"Demon Form","floor":4},{"not_picked":["Iron Wave","Sentinel"],"picked":"Seeing Red","floor":5},{"not_picked":["Iron Wave","Demon Form"],"picked":"Heavy Blade","floor":7},{"not_picked":["Cleave","Flex"],"picked":"Shrug It Off","floor":11},{"not_picked":["Flex","Dual Wield"],"picked":"Shrug It Off","floor":12},{"not_picked":["Uppercut","Armaments"],"picked":"Clothesline","floor":14},{"not_picked":["Armaments","Havoc"],"picked":"Shrug It Off","floor":18},{"not_picked":["Searing Blow","Twin Strike"],"picked":"Wild Strike","floor":19},{"not_picked":["Burning Pact","Disarm"],"picked":"Shrug It Off","floor":22},{"not_picked":["Combust","Shockwave"],"picked":"Anger","floor":24},{"not_picked":["Combust","Sword Boomerang"],"picked":"Cleave","floor":27},{"not_picked":["Spot Weakness","Perfected Strike"],"picked":"Sword Boomerang","floor":28},{"not_picked":["Wild Strike","Fiend Fire"],"picked":"Power Through","floor":30},{"not_picked":["Burning Pact","Bloodletting"],"picked":"Anger","floor":31}],"player_experience":683721,"potions_floor_usage":[11,14,16,16,16,22,24,27,27,28,31,33,33],"damage_taken":[{"damage":7,"enemies":"2 Louse","floor":1,"turns":2},{"damage":4,"enemies":"Cultist","floor":2,"turns":5},{"damage":0,"enemies":"Small Slimes","floor":4,"turns":3},{"damage":12,"enemies":"3 Louse","floor":5,"turns":3},{"damage":31,"enemies":"Lagavulin","floor":7,"turns":6},{"damage":10,"enemies":"Large Slime","floor":11,"turns":5},{"damage":6,"enemies":"Gremlin Nob","floor":12,"turns":3},{"damage":6,"enemies":"2 Fungi Beasts","floor":14,"turns":4},{"damage":9,"enemies":"Slime Boss","floor":16,"turns":5},{"damage":0,"enemies":"Chosen","floor":18,"turns":4},{"damage":19,"enemies":"Shell Parasite","floor":19,"turns":4},{"damage":27,"enemies":"Snake Plant","floor":22,"turns":4},{"damage":45,"enemies":"Book of Stabbing","floor":24,"turns":5},{"damage":43,"enemies":"Cultist and Chosen","floor":27,"turns":7},{"damage":15,"enemies":"Centurion and Healer","floor":28,"turns":6},{"damage":11,"enemies":"Snecko","floor":30,"turns":4},{"damage":49,"enemies":"Chosen and Byrds","floor":31,"turns":6},{"damage":79,"enemies":"Automaton","floor":33,"turns":6}],"event_choices":[{"event_name":"The Woman in Blue","player_choice":"Bought 0 Potions","floor":3,"damage_taken":0},{"event_name":"Big Fish","player_choice":"Donut","floor":10,"damage_taken":0},{"event_name":"Drug Dealer","player_choice":"Got JAXXED","floor":20,"damage_taken":0},{"event_name":"Forgotten Altar","player_choice":"Shed Blood","floor":21,"damage_taken":0}],"boss_relics":[{"not_picked":["Philosopher\u0027s Stone","Question Card"],"picked":"White Beast Statue"}],"potions_floor_spawned":[2,5,7,12,14,18,19,22,24,27,28,30,31],"seed_played":"-3893746130291937978","killed_by":"Automaton","ascension_level":0,"is_trial":false}