{"gold_per_floor":[16,31,31,44,44,44,74,94,94,129,304,304,319,20,20,122,122,136,153,153,153,153,153,170,199,199,226,226,244,262,361,361,361],"floor_reached":33,"playtime":1701,"items_purged":["Doubt"],"score":335,"play_id":"4b96afaa-3180-4dad-aad6-7a199874f778","local_time":"20181108181729","is_ascension_mode":true,"campfire_choices":[{"data":"Neutralize","floor":6,"key":"SMITH"},{"floor":12,"key":"REST"},{"floor":15,"key":"REST"},{"data":"A Thousand Cuts","floor":23,"key":"SMITH"},{"floor":28,"key":"REST"},{"floor":32,"key":"REST"}],"neow_cost":"NO_GOLD","seed_source_timestamp":1586938186997275,"circlet_count":0,"master_deck":["Defend_G","Defend_G","Defend_G","Defend_G","Defend_G","Strike_G+1","Strike_G","Strike_G+1","Survivor","Neutralize+1","Terror","Noxious Fumes","Cloak And Dagger","Burst","Deadly Poison","Dash","Backstab","A Thousand Cuts+1","Crippling Poison","A Thousand Cuts","Dagger Spray","Deflect","Endless Agony","Dagger Spray","Underhanded Strike","Dodge and Roll","All Out Attack","Crippling Poison","PiercingWail","Escape Plan","Cloak And Dagger"],"relics":["Ring of the Snake","Ginger","Bottled Lightning","Dead Branch","Snake Skull","Snecko Eye","Smiling Mask","Dodecahedron","Dream Catcher"],"potions_floor_usage":[10,25,25,29],"damage_taken":[{"damage":0,"enemies":"Small Slimes","floor":1,"turns":3},{"damage":0,"enemies":"2 Louse","floor":2,"turns":3},{"damage":0,"enemies":"Jaw Worm","floor":4,"turns":4},{"damage":20,"enemies":"Lagavulin","floor":7,"turns":7},{"damage":2,"enemies":"Blue Slaver","floor":8,"turns":4},{"damage":21,"enemies":"Gremlin Nob","floor":10,"turns":4},{"damage":5,"enemies":"Exordium Wildlife","floor":13,"turns":4},{"damage":19,"enemies":"Slime Boss","floor":16,"turns":12},{"damage":9,"enemies":"Shell Parasite","floor":18,"turns":5},{"damage":0,"enemies":"Chosen","floor":19,"turns":5},{"damage":5,"enemies":"Centurion and Healer","floor":24,"turns":4},{"damage":11,"enemies":"Book of Stabbing","floor":25,"turns":6},{"damage":22,"enemies":"Gremlin Leader","floor":27,"turns":6},{"damage":28,"enemies":"Snake Plant","floor":29,"turns":5},{"damage":2,"enemies":"3 Cultists","floor":30,"turns":4},{"damage":61,"enemies":"Automaton","floor":33,"turns":6}],"seed_played":"-6946434964062610809","potions_obtained":[{"floor":1,"key":"Swift Potion"},{"floor":4,"key":"Ancient Potion"},{"floor":10,"key":"EssenceOfSteel"},{"floor":13,"key":"Weak Potion"},{"floor":16,"key":"Energy Potion"},{"floor":27,"key":"EssenceOfSteel"}],"is_trial":false,"path_per_floor":["M","M","?","M","?","R","E","M","T","E","?","R","M","$","R","B",null,"M","M","?","?","T","R","M","E","T","E","R","M","M","?","R","B"],"character_chosen":"THE_SILENT","items_purchased":["A Thousand Cuts","Crippling Poison"],"campfire_rested":4,"item_purchase_floors":[14,14],"current_hp_per_floor":[84,84,81,81,64,64,44,42,42,21,21,46,41,41,66,47,84,75,75,75,59,59,59,54,43,43,21,47,19,17,17,43,0],"gold":361,"neow_bonus":"TWENTY_PERCENT_HP_BONUS","is_prod":false,"is_daily":false,"chose_seed":false,"campfire_upgraded":2,"win_rate":0,"timestamp":1541719049,"path_taken":["M","M","?","M","?","R","E","M","T","E","?","R","M","$","R","BOSS","M","M","?","?","?","R","?","E","T","E","R","?","M","?","R","BOSS"],"build_version":"2018-11-07","purchased_purges":1,"victory":false,"max_hp_per_floor":[84,84,84,84,84,84,84,84,84,84,84,84,84,84,84,84,84,84,84,84,89,89,89,89,89,89,89,89,89,89,89,89,89],"card_choices":[{"not_picked":["PiercingWail","Blur"],"picked":"Terror","floor":1},{"not_picked":["Bane","Acrobatics"],"picked":"Noxious Fumes","floor":2},{"not_picked":["Blade Dance","PiercingWail"],"picked":"Cloak And Dagger","floor":4},{"not_picked":["Sucker Punch","Quick Slash"],"picked":"Burst","floor":7},{"not_picked":["Dagger Throw","Heel Hook"],"picked":"Deadly Poison","floor":8},{"not_picked":["Quick Slash","Deadly Poison"],"picked":"Dash","floor":10},{"not_picked":["Dagger Throw","Terror"],"picked":"Backstab","floor":13},{"not_picked":["Burst","Doppelganger"],"picked":"A Thousand Cuts","floor":16},{"not_picked":["Flying Knee","Underhanded Strike+1"],"picked":"Dagger Spray","floor":18},{"not_picked":["Bane+1","Acrobatics"],"picked":"Deflect","floor":19},{"not_picked":["Deflect+1","PiercingWail"],"picked":"Underhanded Strike","floor":24},{"not_picked":["Skewer","Slice"],"picked":"Dodge and Roll","floor":25},{"not_picked":["Accuracy","Dodge and Roll"],"picked":"All Out Attack","floor":27},{"not_picked":["Finisher","Reflex"],"picked":"Crippling Poison","floor":28},{"not_picked":["Bane+1","Outmaneuver"],"picked":"PiercingWail","floor":29},{"not_picked":["Corpse Explosion","Dodge and Roll"],"picked":"Escape Plan","floor":30},{"not_picked":["Backflip","Escape Plan+1"],"picked":"Cloak And Dagger","floor":32}],"player_experience":913056,"relics_obtained":[{"floor":7,"key":"Bottled Lightning"},{"floor":9,"key":"Dead Branch"},{"floor":10,"key":"Snake Skull"},{"floor":25,"key":"Smiling Mask"},{"floor":26,"key":"Dodecahedron"},{"floor":27,"key":"Dream Catcher"}],"event_choices":[{"damage_healed":0,"gold_gain":0,"player_choice":"Success","damage_taken":3,"relics_obtained":["Ginger"],"max_hp_gain":0,"max_hp_loss":0,"event_name":"Scrap Ooze","floor":3,"gold_loss":0},{"damage_healed":0,"gold_gain":0,"player_choice":"Entered Light","damage_taken":17,"max_hp_gain":0,"max_hp_loss":0,"event_name":"Shining Light","floor":5,"gold_loss":0,"cards_upgraded":["Strike_G","Strike_G"]},{"damage_healed":0,"gold_gain":175,"player_choice":"AGREE","damage_taken":0,"max_hp_gain":0,"max_hp_loss":0,"event_name":"Liars Game","floor":11,"gold_loss":0,"cards_obtained":["Doubt"]},{"damage_healed":0,"gold_gain":0,"cards_transformed":["Strike_G","Strike_G"],"player_choice":"Became Test Subject","damage_taken":0,"max_hp_gain":0,"max_hp_loss":0,"event_name":"Drug Dealer","floor":20,"gold_loss":0,"cards_obtained":["Endless Agony","Dagger Spray"]},{"damage_healed":0,"gold_gain":0,"player_choice":"Shed Blood","damage_taken":21,"max_hp_gain":5,"max_hp_loss":0,"event_name":"Forgotten Altar","floor":21,"gold_loss":0},{"damage_healed":0,"gold_gain":99,"player_choice":"Stole From Cult","damage_taken":0,"max_hp_gain":0,"max_hp_loss":0,"event_name":"Nest","floor":31,"gold_loss":0}],"is_beta":true,"boss_relics":[{"not_picked":["Empty Cage","Tiny House"],"picked":"Snecko Eye"}],"items_purged_floors":[14],"is_endless":false,"potions_floor_spawned":[1,4,10,13,16,19,27],"killed_by":"Automaton","ascension_level":1}