{"gold_per_floor":[109,89,100,100,31,42,42,67,93,93,112,133,19,0,0,123,123,144,160,160,174,99,99,135,135,187,187,210,230,230,246,246,246],"floor_reached":33,"playtime":1519,"items_purged":[],"score":267,"play_id":"5330a0cd-b20a-4374-bdda-c27bc7df8eee","local_time":"20181104134227","is_ascension_mode":false,"campfire_choices":[{"data":"Zap","floor":7,"key":"SMITH"},{"floor":15,"key":"REST"},{"floor":25,"key":"REST"},{"floor":30,"key":"REST"},{"data":"Defragment","floor":32,"key":"SMITH"}],"neow_cost":"NONE","seed_source_timestamp":1224962569670179,"circlet_count":0,"master_deck":["Strike_B+1","Strike_B+1","Defend_B+1","Defend_B+1","Defend_B+1","Zap+1","Dualcast","Glacier","Scrape","Defragment","Hologram","Gash","Tempest","Cold Snap","Sunder","Loop","Machine Learning","Turbo+1","Stack","Doom and Gloom","Beam Cell","Defragment+1","Undo","Consume+1","Double Energy","Melter"],"relics":["Cracked Core","NeowsBlessing","Happy Flower","Art of War","Golden Idol","Snecko Eye","Anchor","Blood Vial","Bottled Tornado"],"potions_floor_usage":[16,21,24,33],"damage_taken":[{"damage":0,"enemies":"2 Louse","floor":1,"turns":1},{"damage":0,"enemies":"Cultist","floor":3,"turns":1},{"damage":0,"enemies":"Jaw Worm","floor":6,"turns":1},{"damage":26,"enemies":"Gremlin Nob","floor":8,"turns":4},{"damage":15,"enemies":"Exordium Thugs","floor":11,"turns":3},{"damage":5,"enemies":"Red Slaver","floor":12,"turns":3},{"damage":18,"enemies":"The Guardian","floor":16,"turns":9},{"damage":0,"enemies":"Chosen","floor":18,"turns":4},{"damage":15,"enemies":"2 Thieves","floor":19,"turns":4},{"damage":7,"enemies":"Chosen and Byrds","floor":21,"turns":4},{"damage":35,"enemies":"Slavers","floor":24,"turns":3},{"damage":0,"enemies":"Centurion and Healer","floor":28,"turns":5},{"damage":15,"enemies":"Sentry and Sphere","floor":29,"turns":4},{"damage":0,"enemies":"Cultist and Chosen","floor":31,"turns":5},{"damage":48,"enemies":"Automaton","floor":33,"turns":6}],"seed_played":"-6461615323856986976","potions_obtained":[{"floor":1,"key":"LiquidBronze"},{"floor":2,"key":"SmokeBomb"},{"floor":6,"key":"Swift Potion"},{"floor":16,"key":"LiquidBronze"},{"floor":21,"key":"LiquidBronze"},{"floor":28,"key":"Strength Potion"}],"is_trial":false,"path_per_floor":["M","?","M","?","$","M","R","E","T","?","M","M","$","?","R","B",null,"M","M","?","M","?","?","E","R","T","T","M","M","R","M","R","B"],"character_chosen":"DEFECT","items_purchased":["Defragment","Sunder","Loop"],"campfire_rested":3,"item_purchase_floors":[5,13,13],"current_hp_per_floor":[75,75,75,60,60,60,60,34,34,34,19,14,14,14,34,16,69,69,54,54,47,47,47,12,32,32,32,34,21,41,43,43,0],"gold":246,"neow_bonus":"THREE_ENEMY_KILL","is_prod":false,"is_daily":false,"chose_seed":false,"campfire_upgraded":2,"win_rate":0,"timestamp":1541356947,"path_taken":["M","?","?","?","?","?","R","E","T","?","M","M","$","?","R","BOSS","M","M","?","M","?","?","E","R","T","?","?","M","R","M","R","BOSS"],"build_version":"2018-11-02","purchased_purges":0,"victory":false,"max_hp_per_floor":[75,75,75,75,75,75,75,75,75,69,69,69,69,69,69,69,69,69,69,69,69,69,69,69,69,69,69,69,69,69,69,69,69],"card_choices":[{"not_picked":["FTL","Gash"],"picked":"Glacier","floor":1},{"not_picked":["Beam Cell","Compile Driver"],"picked":"Scrape","floor":3},{"not_picked":["Streamline","Go for the Eyes"],"picked":"Hologram","floor":6},{"not_picked":["Compile Driver","Steam"],"picked":"Gash","floor":8},{"not_picked":["Sweeping Beam","Hologram"],"picked":"Tempest","floor":11},{"not_picked":["Doom and Gloom","Redo"],"picked":"Cold Snap","floor":12},{"not_picked":["Rainbow","Fission"],"picked":"Machine Learning","floor":16},{"not_picked":["Tempest+1","Ball Lightning"],"picked":"Turbo+1","floor":18},{"not_picked":["Conserve Battery","Compile Driver"],"picked":"Stack","floor":19},{"not_picked":["Streamline","Glacier"],"picked":"Defragment","floor":21},{"not_picked":["Redo","Chaos+1"],"picked":"Undo","floor":24},{"not_picked":["Skim","Sunder+1"],"picked":"Consume+1","floor":28},{"not_picked":["Hello World","Genetic Algorithm"],"picked":"Double Energy","floor":29},{"not_picked":["Conserve Battery","Beam Cell"],"picked":"Melter","floor":31}],"player_experience":901178,"relics_obtained":[{"floor":8,"key":"Happy Flower"},{"floor":9,"key":"Art of War"},{"floor":24,"key":"Anchor"},{"floor":26,"key":"Blood Vial"},{"floor":27,"key":"Bottled Tornado"}],"event_choices":[{"damage_healed":0,"gold_gain":0,"player_choice":"Bought 1 Potion","damage_taken":0,"max_hp_gain":0,"max_hp_loss":0,"event_name":"The Woman in Blue","floor":2,"gold_loss":0},{"damage_healed":0,"gold_gain":0,"player_choice":"Entered Light","damage_taken":15,"max_hp_gain":0,"max_hp_loss":0,"event_name":"Shining Light","floor":4,"gold_loss":0,"cards_upgraded":["Strike_B","Strike_B"]},{"damage_healed":0,"gold_gain":0,"player_choice":"Lose Max HP","damage_taken":0,"relics_obtained":["Golden Idol"],"max_hp_gain":0,"max_hp_loss":6,"event_name":"Golden Idol","floor":10,"gold_loss":0},{"damage_healed":0,"gold_gain":0,"player_choice":"Left Gold","damage_taken":0,"max_hp_gain":0,"max_hp_loss":0,"event_name":"World of Goop","floor":14,"gold_loss":19},{"damage_healed":0,"gold_gain":0,"cards_transformed":["Strike_B","Strike_B"],"player_choice":"Became Test Subject","damage_taken":0,"max_hp_gain":0,"max_hp_loss":0,"event_name":"Drug Dealer","floor":20,"gold_loss":0,"cards_obtained":["Doom and Gloom","Beam Cell"]},{"cards_removed":["Defend_B"],"damage_healed":0,"gold_gain":0,"player_choice":"Gave Gold","damage_taken":0,"max_hp_gain":0,"max_hp_loss":0,"event_name":"Beggar","floor":22,"gold_loss":75},{"damage_healed":0,"gold_gain":0,"player_choice":"Simplicity","damage_taken":0,"max_hp_gain":0,"max_hp_loss":0,"event_name":"Back to Basics","floor":23,"gold_loss":0,"cards_upgraded":["Defend_B","Defend_B","Defend_B"]}],"is_beta":true,"boss_relics":[{"not_picked":["Fusion Hammer","FrozenCore"],"picked":"Snecko Eye"}],"items_purged_floors":[],"is_endless":false,"potions_floor_spawned":[1,6,12,16,21,28,29,31],"killed_by":"Automaton","ascension_level":0}