{"gold_per_floor":[114,128,128,147,164,197,197,222,272,272,285,313,337,337,337,412,412,423,69,82,82,96,96,124,124,177,177,177,190,203,215,215,286,286,298,298,21,37,37,72,72,90,90,106,106,106,106,206,206,206,206,206,49,49],"floor_reached":54,"playtime":3940,"items_purged":[],"score":1353,"play_id":"e3c0408f-7d81-4344-88bb-1fddd5fe5cd1","local_time":"20190103154323","is_ascension_mode":true,"campfire_choices":[{"data":"Immolate","floor":7,"key":"SMITH"},{"data":"Uppercut","floor":10,"key":"SMITH"},{"data":"True Grit","floor":15,"key":"SMITH"},{"floor":23,"key":"REST"},{"floor":25,"key":"REST"},{"data":"Enlightenment","floor":27,"key":"SMITH"},{"floor":32,"key":"REST"},{"data":"Armaments","floor":41,"key":"SMITH"},{"data":"Dark Embrace","floor":46,"key":"SMITH"},{"floor":49,"key":"RECALL"},{"data":"Feel No Pain","floor":52,"key":"SMITH"}],"neow_cost":"NONE","seed_source_timestamp":240164656341611,"circlet_count":0,"master_deck":["AscendersBane","Strike_R","Strike_R","Strike_R","Strike_R","Defend_R+1","Defend_R","Defend_R","Defend_R+1","Bash","Twin Strike","Uppercut+1","Enlightenment+1","Immolate+1","Iron Wave","Shockwave","True Grit+1","Feed","Feel No Pain+1","Barricade","Shockwave","Corruption","Disarm","Armaments+1","Shrug It Off","Dark Embrace+1","Body Slam","Ghostly Armor","Evolve","True Grit","Offering","Body Slam+1","Battle Trance","Feel No Pain+1","Impervious","Power Through+1","Decay","Seeing Red","Havoc"],"relics":["Burning Blood","War Paint","Question Card","Art of War","Dream Catcher","Odd Mushroom","Cursed Key","Happy Flower","WingedGreaves","Bronze Scales","Mark of Pain","Spirit Poop","Medical Kit","Strawberry","Ginger","Oddly Smooth Stone"],"potions_floor_usage":[8,14,24,33,35],"damage_taken":[{"damage":3,"enemies":"2 Louse","floor":1,"turns":3},{"damage":1,"enemies":"Cultist","floor":2,"turns":4},{"damage":5,"enemies":"Small Slimes","floor":4,"turns":3},{"damage":5,"enemies":"2 Fungi Beasts","floor":5,"turns":3},{"damage":32,"enemies":"Lagavulin","floor":6,"turns":6},{"damage":0,"enemies":"Gremlin Nob","floor":8,"turns":2},{"damage":0,"enemies":"Lots of Slimes","floor":11,"turns":1},{"damage":15,"enemies":"Lagavulin","floor":12,"turns":6},{"damage":5,"enemies":"The Mushroom Lair","floor":13,"turns":2},{"damage":0,"enemies":"Gremlin Gang","floor":14,"turns":1},{"damage":17,"enemies":"The Guardian","floor":16,"turns":14},{"damage":15,"enemies":"Shell Parasite","floor":18,"turns":5},{"damage":20,"enemies":"2 Thieves","floor":20,"turns":5},{"damage":21,"enemies":"Snecko","floor":22,"turns":6},{"damage":43,"enemies":"Book of Stabbing","floor":24,"turns":7},{"damage":0,"enemies":"Cultist and Chosen","floor":29,"turns":6},{"damage":8,"enemies":"Centurion and Healer","floor":30,"turns":8},{"damage":28,"enemies":"Shelled Parasite and Fungi","floor":31,"turns":6},{"damage":28,"enemies":"Champ","floor":33,"turns":13},{"damage":11,"enemies":"3 Darklings","floor":35,"turns":6},{"damage":6,"enemies":"Orb Walker","floor":38,"turns":4},{"damage":6,"enemies":"Giant Head","floor":40,"turns":7},{"damage":61,"enemies":"Transient","floor":42,"turns":5},{"damage":6,"enemies":"Maw","floor":44,"turns":9},{"damage":6,"enemies":"Mind Bloom Boss Battle","floor":48,"turns":6},{"damage":65,"enemies":"Donu and Deca","floor":50,"turns":10},{"damage":90,"enemies":"Shield and Spear","floor":54,"turns":6}],"seed_played":"6706008631123209371","potions_obtained":[{"floor":0,"key":"Ancient Potion"},{"floor":0,"key":"SmokeBomb"},{"floor":6,"key":"AttackPotion"},{"floor":12,"key":"FearPotion"},{"floor":16,"key":"BloodPotion"},{"floor":18,"key":"FairyPotion"},{"floor":24,"key":"Weak Potion"},{"floor":33,"key":"SneckoOil"},{"floor":38,"key":"SteroidPotion"}],"is_trial":false,"path_per_floor":["M","M","?","M","M","E","R","E","T","R","M","E","?","M","R","B",null,"M","$","M","?","M","R","E","R","T","R","$","M","M","M","R","B",null,"M","?","$","M","?","E","R","M","T","M","?","R","?","?","R","B",null,"R","$","E"],"character_chosen":"IRONCLAD","items_purchased":["Corruption","Disarm","Happy Flower","Armaments","Medical Kit","Battle Trance","Oddly Smooth Stone"],"campfire_rested":3,"item_purchase_floors":[19,19,19,19,37,37,53],"current_hp_per_floor":[71,75,75,75,75,49,49,55,55,55,61,52,53,59,59,48,68,62,62,51,51,36,60,31,55,55,55,55,64,65,46,73,51,80,78,78,78,78,78,85,85,30,30,33,90,90,85,88,88,29,73,73,73,0],"gold":49,"neow_bonus":"THREE_SMALL_POTIONS","is_prod":false,"is_daily":false,"chose_seed":false,"campfire_upgraded":7,"win_rate":0,"timestamp":1546548203,"path_taken":["M","M","?","?","M","E","R","E","T","R","M","E","?","M","R","BOSS","M","$","M","?","M","R","E","R","T","R","$","M","?","?","R","BOSS","M","?","$","?","?","E","R","M","T","?","?","R","?","?","R","BOSS","R","$","E"],"build_version":"2019-01-02","purchased_purges":0,"victory":false,"max_hp_per_floor":[75,75,75,75,75,75,75,75,75,75,75,75,75,75,75,75,75,78,78,81,81,81,81,81,81,81,81,81,84,87,90,90,90,90,93,93,93,93,93,100,100,100,100,103,90,90,85,88,88,88,88,88,88,88],"card_choices":[{"not_picked":["Seeing Red","Perfected Strike"],"picked":"Twin Strike","floor":1},{"not_picked":["Shrug It Off","Headbutt"],"picked":"Uppercut","floor":2},{"not_picked":["Anger","Ghostly Armor"],"picked":"Immolate","floor":4},{"not_picked":["Twin Strike","Flex"],"picked":"Iron Wave","floor":5},{"not_picked":["Disarm","Armaments"],"picked":"Shockwave","floor":6},{"not_picked":["Dual Wield","Flex","Seeing Red"],"picked":"SKIP","floor":8},{"not_picked":["Perfected Strike","Iron Wave","Anger"],"picked":"True Grit","floor":11},{"not_picked":["Carnage","Immolate","Searing Blow"],"picked":"Feed","floor":12},{"not_picked":["Flex","Warcry","Clash"],"picked":"Feel No Pain","floor":13},{"not_picked":["Juggernaut","Dark Embrace","Demon Form"],"picked":"Barricade","floor":16},{"not_picked":["Sentinel","Twin Strike","Clash+1"],"picked":"Shockwave","floor":18},{"not_picked":["Heavy Blade","Perfected Strike","Twin Strike","Clash+1"],"picked":"SKIP","floor":20},{"not_picked":["Thunderclap","Flex","Sword Boomerang","Heavy Blade"],"picked":"SKIP","floor":22},{"not_picked":["Pommel Strike","Corruption","Armaments"],"picked":"Shrug It Off","floor":23},{"not_picked":["True Grit","Havoc","Pummel"],"picked":"Dark Embrace","floor":24},{"not_picked":["Fire Breathing","Anger","Twin Strike"],"picked":"Body Slam","floor":25},{"not_picked":["Sentinel","Searing Blow","Anger+1"],"picked":"Ghostly Armor","floor":29},{"not_picked":["Combust","Hemokinesis","Pummel+1"],"picked":"Evolve","floor":30},{"not_picked":["Immolate","Twin Strike","Clothesline"],"picked":"True Grit","floor":31},{"not_picked":["Berserk","Bludgeon","Demon Form"],"picked":"Offering","floor":33},{"not_picked":["Thunderclap","Heavy Blade","Anger+1"],"picked":"Body Slam+1","floor":35},{"not_picked":["Reckless Charge","Fire Breathing","Intimidate"],"picked":"Feel No Pain","floor":38},{"not_picked":["Clash","Body Slam","Sword Boomerang"],"picked":"Impervious","floor":40},{"not_picked":["Shrug It Off","Dual Wield","Combust+1"],"picked":"Power Through+1","floor":42},{"not_picked":["Heavy Blade","Twin Strike","True Grit"],"picked":"Seeing Red","floor":44},{"not_picked":["Cleave","Carnage","Limit Break"],"picked":"Havoc","floor":48}],"player_experience":1140826,"relics_obtained":[{"floor":6,"key":"War Paint"},{"floor":8,"key":"Question Card"},{"floor":9,"key":"Art of War"},{"floor":12,"key":"Dream Catcher"},{"floor":13,"key":"Odd Mushroom"},{"floor":24,"key":"WingedGreaves"},{"floor":26,"key":"Bronze Scales"},{"floor":40,"key":"Strawberry"},{"floor":48,"key":"Ginger"}],"event_choices":[{"damage_healed":0,"gold_gain":0,"player_choice":"1 cards matched","damage_taken":0,"max_hp_gain":0,"max_hp_loss":0,"event_name":"Match and Keep!","floor":3,"gold_loss":0,"cards_obtained":["Enlightenment"]},{"damage_healed":0,"gold_gain":0,"player_choice":"Fought Mushrooms","damage_taken":0,"max_hp_gain":0,"max_hp_loss":0,"event_name":"Mushrooms","floor":13,"gold_loss":0},{"cards_removed":["Strike_R"],"damage_healed":0,"gold_gain":0,"player_choice":"Card Removal","damage_taken":0,"max_hp_gain":0,"max_hp_loss":0,"event_name":"Wheel of Change","floor":21,"gold_loss":0},{"cards_removed":["Regret"],"damage_healed":0,"gold_gain":0,"player_choice":"Offered Curse","damage_taken":0,"relics_obtained":["Spirit Poop"],"max_hp_gain":0,"max_hp_loss":0,"event_name":"Bonfire Elementals","floor":36,"gold_loss":0},{"damage_healed":0,"gold_gain":0,"player_choice":"Forge","damage_taken":0,"max_hp_gain":0,"max_hp_loss":0,"event_name":"Accursed Blacksmith","floor":39,"gold_loss":0,"cards_upgraded":["Feel No Pain"]},{"damage_healed":90,"gold_gain":0,"player_choice":"Heal","damage_taken":0,"max_hp_gain":0,"max_hp_loss":13,"event_name":"The Moai Head","floor":45,"gold_loss":0},{"damage_healed":0,"gold_gain":0,"player_choice":"Max HP","damage_taken":0,"max_hp_gain":0,"max_hp_loss":5,"event_name":"Winding Halls","floor":47,"gold_loss":0},{"damage_healed":0,"gold_gain":0,"player_choice":"Fight","damage_taken":0,"max_hp_gain":0,"max_hp_loss":0,"event_name":"MindBloom","floor":48,"gold_loss":0}],"is_beta":true,"boss_relics":[{"not_picked":["Calling Bell","Black Star"],"picked":"Cursed Key"},{"not_picked":["Runic Cube","Coffee Dripper"],"picked":"Mark of Pain"}],"items_purged_floors":[],"is_endless":false,"potions_floor_spawned":[1,6,12,13,16,18,24,29,30,33,38,42,44,48],"killed_by":"Shield and Spear","ascension_level":14}