{"gold_per_floor":[118,118,118,43,43,43,81,81,81,116,134,309,309,323,323,454,454,469,485,508,49,0,41,41,61,108,108,108,33,33,33,33,152,152,167,186,186,207,128,128,148,191,267,267,392,406,406,430,430,430],"floor_reached":51,"playtime":2428,"items_purged":["Injury","Doubt"],"score":1008,"play_id":"6db805de-404a-4c86-8a73-5da9267fa118","local_time":"20190127031754","is_ascension_mode":true,"campfire_choices":[{"data":"Neutralize","floor":6,"key":"SMITH"},{"floor":8,"key":"REST"},{"data":"Noxious Fumes","floor":13,"key":"SMITH"},{"data":"Leg Sweep","floor":15,"key":"SMITH"},{"data":"Crippling Poison","floor":24,"key":"SMITH"},{"floor":27,"key":"REST"},{"data":"Predator","floor":30,"key":"SMITH"},{"data":"Burst","floor":32,"key":"SMITH"},{"floor":40,"key":"REST"},{"data":"Bouncing Flask","floor":44,"key":"SMITH"},{"floor":47,"key":"REST"},{"data":"Footwork","floor":49,"key":"SMITH"}],"neow_cost":"NONE","seed_source_timestamp":48414933485927,"circlet_count":0,"master_deck":["Defend_G","Defend_G","Defend_G","Survivor","Neutralize+1","Noxious Fumes+1","Backflip","Crippling Poison+1","Leg Sweep+1","Wraith Form v2+1","Burst+1","Grand Finale+1","Dagger Throw","Blur","Predator+1","Blur","Burst+1","Dagger Spray+1","Footwork+1","Bouncing Flask+1","Doubt","Cloak And Dagger+1"],"relics":["Busted Crown","Golden Idol","Kunai","Pear","Sundial","Strawberry","Astrolabe","TwistedFunnel","Tough Bandages","Bronze Scales","Cursed Key","Anchor","Shuriken","Du-Vu Doll"],"potions_floor_usage":[20,23,25,50,50],"damage_taken":[{"damage":0,"enemies":"Cultist","floor":1,"turns":4},{"damage":36,"enemies":"3 Sentries","floor":7,"turns":15},{"damage":3,"enemies":"Lagavulin","floor":10,"turns":8},{"damage":2,"enemies":"2 Louse","floor":11,"turns":3},{"damage":0,"enemies":"Jaw Worm","floor":14,"turns":5},{"damage":20,"enemies":"The Guardian","floor":16,"turns":13},{"damage":0,"enemies":"3 Byrds","floor":18,"turns":3},{"damage":0,"enemies":"Chosen","floor":19,"turns":6},{"damage":3,"enemies":"Shelled Parasite and Fungi","floor":20,"turns":5},{"damage":6,"enemies":"Slavers","floor":23,"turns":5},{"damage":8,"enemies":"Snake Plant","floor":25,"turns":6},{"damage":65,"enemies":"Champ","floor":33,"turns":16},{"damage":14,"enemies":"3 Darklings","floor":35,"turns":5},{"damage":0,"enemies":"3 Shapes","floor":36,"turns":4},{"damage":0,"enemies":"Sphere and 2 Shapes","floor":38,"turns":4},{"damage":20,"enemies":"Jaw Worm Horde","floor":41,"turns":3},{"damage":0,"enemies":"Giant Head","floor":42,"turns":13},{"damage":0,"enemies":"Mind Bloom Boss Battle","floor":45,"turns":6},{"damage":11,"enemies":"Transient","floor":46,"turns":5},{"damage":8,"enemies":"Writhing Mass","floor":48,"turns":6},{"damage":0,"enemies":"Awakened One","floor":50,"turns":16}],"seed_played":"-8039307557981296279","potions_obtained":[{"floor":10,"key":"LiquidBronze"},{"floor":11,"key":"Energy Potion"},{"floor":14,"key":"Weak Potion"},{"floor":23,"key":"Energy Potion"},{"floor":25,"key":"Weak Potion"},{"floor":38,"key":"FairyPotion"},{"floor":45,"key":"PowerPotion"}],"is_trial":false,"path_per_floor":["M","?","?","$","T","R","E","R","T","E","M","?","R","M","R","B",null,"M","M","M","$","?","E","R","M","T","R","?","?","R","$","R","B",null,"M","M","?","M","$","R","M","E","T","R","?","M","R","M","R","B",null],"character_chosen":"THE_SILENT","items_purchased":["Blur","TwistedFunnel","Predator","Footwork"],"campfire_rested":4,"item_purchase_floors":[21,21,21,39],"current_hp_per_floor":[70,63,63,63,63,63,37,61,61,65,63,63,63,63,63,43,76,76,76,73,73,73,67,67,59,59,85,85,85,85,85,85,20,70,56,56,56,56,56,82,62,62,62,62,62,51,77,69,69,69],"gold":430,"neow_bonus":"BOSS_RELIC","is_prod":false,"is_daily":false,"chose_seed":false,"campfire_upgraded":8,"win_rate":0,"timestamp":1548577074,"path_taken":["M","?","?","$","?","R","E","R","T","E","?","?","R","M","R","BOSS","M","M","M","$","?","E","R","M","T","R","?","?","R","?","R","BOSS","M","M","?","M","?","R","M","E","T","R","?","M","R","M","R","BOSS"],"build_version":"2019-01-23","purchased_purges":2,"victory":true,"max_hp_per_floor":[70,70,70,70,70,70,80,80,80,87,87,87,87,87,87,87,87,87,87,87,87,87,87,87,87,87,87,87,87,87,87,87,87,87,87,87,87,87,87,87,87,87,87,87,87,87,87,87,87,87],"card_choices":[{"not_picked":["Prepared"],"picked":"SKIP","floor":1},{"not_picked":[],"picked":"Noxious Fumes","floor":7},{"not_picked":[],"picked":"Backflip","floor":10},{"not_picked":[],"picked":"Crippling Poison","floor":11},{"not_picked":[],"picked":"Leg Sweep","floor":14},{"not_picked":["Outmaneuver"],"picked":"SKIP","floor":18},{"not_picked":["Flying Knee"],"picked":"SKIP","floor":19},{"not_picked":[],"picked":"Dagger Throw","floor":20},{"not_picked":["Blade Dance+1"],"picked":"SKIP","floor":23},{"not_picked":["Sucker Punch"],"picked":"SKIP","floor":25},{"not_picked":["Riddle With Holes+1"],"picked":"SKIP","floor":35},{"not_picked":["Eviscerate+1"],"picked":"SKIP","floor":36},{"not_picked":[],"picked":"Dagger Spray+1","floor":38},{"not_picked":["Expertise"],"picked":"SKIP","floor":41},{"not_picked":[],"picked":"Bouncing Flask","floor":42},{"not_picked":[],"picked":"Cloak And Dagger+1","floor":46},{"not_picked":["Leg Sweep"],"picked":"SKIP","floor":48}],"player_experience":148577,"relics_obtained":[{"floor":5,"key":"Kunai"},{"floor":7,"key":"Pear"},{"floor":9,"key":"Sundial"},{"floor":10,"key":"Strawberry"},{"floor":23,"key":"Tough Bandages"},{"floor":26,"key":"Bronze Scales"},{"floor":42,"key":"Anchor"},{"floor":43,"key":"Shuriken"},{"floor":45,"key":"Du-Vu Doll"}],"event_choices":[{"cards_removed":["Strike_G"],"damage_healed":0,"gold_gain":0,"player_choice":"Card Removal","damage_taken":7,"max_hp_gain":0,"max_hp_loss":0,"event_name":"Golden Wing","floor":2,"gold_loss":0},{"damage_healed":0,"gold_gain":0,"player_choice":"Take Wound","damage_taken":0,"relics_obtained":["Golden Idol"],"max_hp_gain":0,"max_hp_loss":0,"event_name":"Golden Idol","floor":3,"gold_loss":0,"cards_obtained":["Injury"]},{"damage_healed":0,"gold_gain":175,"player_choice":"AGREE","damage_taken":0,"max_hp_gain":0,"max_hp_loss":0,"event_name":"Liars Game","floor":12,"gold_loss":0,"cards_obtained":["Doubt"]},{"damage_healed":0,"gold_gain":0,"player_choice":"Paid Fearfully","damage_taken":0,"max_hp_gain":0,"max_hp_loss":0,"event_name":"Masked Bandits","floor":22,"gold_loss":49},{"damage_healed":0,"gold_gain":0,"cards_transformed":["Strike_G","Defend_G"],"player_choice":"Became Test Subject","damage_taken":0,"max_hp_gain":0,"max_hp_loss":0,"event_name":"Drug Dealer","floor":28,"gold_loss":0,"cards_obtained":["Blur","Burst"]},{"cards_removed":["Defend_G"],"damage_healed":0,"gold_gain":0,"player_choice":"Gave Gold","damage_taken":0,"max_hp_gain":0,"max_hp_loss":0,"event_name":"Beggar","floor":29,"gold_loss":75},{"damage_healed":0,"gold_gain":0,"player_choice":"Ignored","damage_taken":0,"max_hp_gain":0,"max_hp_loss":0,"event_name":"SecretPortal","floor":37,"gold_loss":0},{"damage_healed":0,"gold_gain":0,"player_choice":"Fight","damage_taken":0,"max_hp_gain":0,"max_hp_loss":0,"event_name":"MindBloom","floor":45,"gold_loss":0}],"is_beta":false,"boss_relics":[{"not_picked":["Calling Bell","Empty Cage"],"picked":"Astrolabe"},{"not_picked":["Fusion Hammer","HoveringKite"],"picked":"Cursed Key"}],"items_purged_floors":[4,21],"is_endless":false,"potions_floor_spawned":[10,11,14,16,19,23,25,38,42,45,46],"ascension_level":5}