{"gold_per_floor":[115,133,208,227,247,247,266,266,266,266,286,312,323,335,335,439,439,457,468,8,8,8,8,37,56,56,70,70,70,95,105,105,208,208,228,228,245,7,7,7,32,32,32,32,45,45,58,77,77,77],"floor_reached":50,"playtime":2460,"items_purged":[],"score":643,"play_id":"d6f93e5b-d561-4cfa-8983-eba392f3b81a","local_time":"20180715175523","is_ascension_mode":true,"campfire_choices":[{"data":"Glacier","floor":6,"key":"SMITH"},{"data":"Dualcast","floor":8,"key":"SMITH"},{"data":"Zap","floor":15,"key":"SMITH"},{"data":"Echo Form","floor":23,"key":"SMITH"},{"floor":29,"key":"REST"},{"floor":32,"key":"REST"},{"data":"Creative AI","floor":40,"key":"SMITH"},{"floor":42,"key":"REST"},{"floor":44,"key":"REST"},{"floor":49,"key":"REST"}],"neow_cost":"NONE","seed_source_timestamp":0,"circlet_count":0,"master_deck":["Defend_B","Defend_B","Defend_B","Defend_B","Dualcast+1","BootSequence","Glacier+1","Sweeping Beam","Leap","Go for the Eyes","Rebound","Core Surge","Barrage","Auto Shields","Machine Learning","Go for the Eyes+1","Darkness+1","Echo Form+1","Beam Cell","Bite","Bite","Bite","Bite","Bite","Compile Driver","Reinforced Body+1","Static Discharge","Loop+1","Cold Snap","Creative AI+1","Hologram+1","Madness","Madness","Conserve Battery","Force Field","Doubt","Redo+1","Mayhem","Aggregate","Go for the Eyes+1"],"special_seed":17727,"relics":["Cracked Core","Happy Flower","Sundial","Shuriken","Velvet Choker","Thread and Needle","Peace Pipe","Smiling Mask","Ancient Tea Set","Cursed Key","Mummified Hand","Bottled Lightning","Torii"],"potions_floor_usage":[12,12,16,16,16,16,16,24,27,33,37,47],"damage_taken":[{"damage":3,"enemies":"Small Slimes","floor":1,"turns":4},{"damage":0,"enemies":"Jaw Worm","floor":2,"turns":3},{"damage":0,"enemies":"2 Louse","floor":4,"turns":4},{"damage":0,"enemies":"Large Slime","floor":5,"turns":5},{"damage":0,"enemies":"2 Fungi Beasts","floor":7,"turns":3},{"damage":3,"enemies":"Gremlin Gang","floor":11,"turns":5},{"damage":2,"enemies":"Gremlin Nob","floor":12,"turns":3},{"damage":1,"enemies":"Exordium Thugs","floor":13,"turns":3},{"damage":0,"enemies":"Lots of Slimes","floor":14,"turns":3},{"damage":5,"enemies":"Hexaghost","floor":16,"turns":9},{"damage":6,"enemies":"Shell Parasite","floor":18,"turns":7},{"damage":0,"enemies":"Chosen","floor":19,"turns":4},{"damage":30,"enemies":"Slavers","floor":24,"turns":5},{"damage":10,"enemies":"Snecko","floor":25,"turns":5},{"damage":10,"enemies":"3 Cultists","floor":27,"turns":5},{"damage":33,"enemies":"Gremlin Leader","floor":30,"turns":8},{"damage":8,"enemies":"Centurion and Healer","floor":31,"turns":6},{"damage":14,"enemies":"Collector","floor":33,"turns":12},{"damage":4,"enemies":"Orb Walker","floor":35,"turns":4},{"damage":10,"enemies":"Flame Bruiser 1 Orb","floor":37,"turns":9},{"damage":86,"enemies":"2 Orb Walkers","floor":41,"turns":8},{"damage":18,"enemies":"4 Shapes","floor":45,"turns":6},{"damage":1,"enemies":"Flame Bruiser 2 Orb","floor":47,"turns":5},{"damage":37,"enemies":"Spire Growth","floor":48,"turns":9},{"damage":37,"enemies":"Time Eater","floor":50,"turns":6}],"seed_played":"-3267651053854438972","potions_obtained":[{"floor":1,"key":"Swift Potion"},{"floor":11,"key":"Fire Potion"},{"floor":12,"key":"FocusPotion"},{"floor":13,"key":"FearPotion"},{"floor":14,"key":"EntropicBrew"},{"floor":19,"key":"Strength Potion"},{"floor":22,"key":"FairyPotion"},{"floor":24,"key":"SteroidPotion"},{"floor":25,"key":"LiquidBronze"},{"floor":31,"key":"Swift Potion"},{"floor":35,"key":"EssenceOfSteel"},{"floor":37,"key":"Energy Potion"},{"floor":41,"key":"FocusPotion"}],"is_trial":false,"path_per_floor":["M","M","?","M","M","R","M","R","T","?","M","E","M","M","R","B",null,"M","M","$","?","?","R","E","M","T","M","?","R","E","M","R","B",null,"M","?","M","$","?","R","E","R","T","R","M","?","M","M","R"],"character_chosen":"DEFECT","items_purchased":["Echo Form","Thread and Needle","Beam Cell","Mummified Hand"],"campfire_rested":5,"item_purchase_floors":[20,20,20,38],"current_hp_per_floor":[72,72,61,61,61,61,61,61,61,61,58,56,55,55,55,50,75,69,69,69,52,52,52,32,30,30,30,30,45,28,26,41,52,52,48,41,47,47,47,47,7,22,22,37,23,23,30,9,24,0],"gold":77,"neow_bonus":"RANDOM_COMMON_RELIC","is_prod":false,"is_daily":false,"chose_seed":false,"campfire_upgraded":5,"win_rate":0,"timestamp":1531691723,"path_taken":["M","M","?","M","M","R","M","R","T","?","M","E","M","M","R","BOSS","M","M","$","?","?","R","E","?","T","?","?","R","E","M","R","BOSS","M","?","M","$","?","R","E","R","T","R","M","?","M","M","R","BOSS"],"build_version":"2018-07-13","purchased_purges":0,"victory":false,"max_hp_per_floor":[75,75,75,75,75,75,75,75,75,75,75,75,75,75,75,75,75,75,75,75,52,52,52,52,52,52,52,52,52,52,52,52,52,52,52,52,52,52,52,52,52,52,52,52,52,52,52,52,52,52],"card_choices":[{"not_picked":["Scrape","Cold Snap"],"picked":"BootSequence","floor":1},{"not_picked":["Static Discharge","Conserve Battery"],"picked":"Glacier","floor":2},{"not_picked":["Scrape","Aggregate"],"picked":"Sweeping Beam","floor":4},{"not_picked":["Redo","Ball Lightning"],"picked":"Leap","floor":5},{"not_picked":["Steam","Conserve Battery"],"picked":"Go for the Eyes","floor":7},{"not_picked":["Cold Snap","Seek"],"picked":"Rebound","floor":11},{"not_picked":["Rebound","Scrape"],"picked":"Core Surge","floor":12},{"not_picked":["Sweeping Beam","Rebound"],"picked":"Barrage","floor":13},{"not_picked":["Undo","Double Energy"],"picked":"Auto Shields","floor":14},{"not_picked":["Seek","Amplify"],"picked":"Machine Learning","floor":16},{"not_picked":["Reprogram","Steam"],"picked":"Go for the Eyes+1","floor":18},{"not_picked":["BootSequence","Redo"],"picked":"Darkness+1","floor":19},{"not_picked":["Rebound","Go for the Eyes"],"picked":"Compile Driver","floor":24},{"not_picked":["Gash","Ball Lightning"],"picked":"Reinforced Body+1","floor":25},{"not_picked":["Rip and Tear","Stack+1"],"picked":"Static Discharge","floor":27},{"not_picked":["Go for the Eyes","Sweeping Beam"],"picked":"Loop+1","floor":30},{"not_picked":["Compile Driver","Biased Cognition"],"picked":"Cold Snap","floor":31},{"not_picked":["Thunder Strike","Echo Form"],"picked":"Creative AI","floor":33},{"not_picked":["Streamline+1","Genetic Algorithm"],"picked":"Hologram+1","floor":35},{"not_picked":["Chill","Barrage"],"picked":"Conserve Battery","floor":37},{"not_picked":["Rebound+1","Reboot"],"picked":"Force Field","floor":41},{"not_picked":["Go for the Eyes","Hologram+1"],"picked":"Redo+1","floor":45},{"not_picked":["PanicButton","Flash of Steel"],"picked":"Mayhem","floor":46},{"not_picked":["Darkness+1","Beam Cell+1"],"picked":"Aggregate","floor":47},{"not_picked":["Genetic Algorithm","Redo"],"picked":"Go for the Eyes+1","floor":48}],"player_experience":575596,"relics_obtained":[{"floor":9,"key":"Sundial"},{"floor":12,"key":"Shuriken"},{"floor":24,"key":"Peace Pipe"},{"floor":26,"key":"Smiling Mask"},{"floor":30,"key":"Ancient Tea Set"},{"floor":41,"key":"Bottled Lightning"},{"floor":43,"key":"Torii"}],"event_choices":[{"event_name":"World of Goop","player_choice":"Gather Gold","floor":3,"damage_taken":0},{"event_name":"Living Wall","player_choice":"Forget","floor":10,"damage_taken":0},{"event_name":"Vampires","player_choice":"Became a vampire","floor":21,"damage_taken":0},{"event_name":"The Lab","player_choice":"Got Potions","floor":22,"damage_taken":0},{"event_name":"Addict","player_choice":"Ignored","floor":28,"damage_taken":0},{"event_name":"Winding Halls","player_choice":"Embrace Madness","floor":36,"damage_taken":0},{"event_name":"Falling","player_choice":"Removed Skill","floor":39,"damage_taken":0},{"event_name":"SensoryStone","player_choice":"Memory 1","floor":46,"damage_taken":0}],"boss_relics":[{"not_picked":["Orrery","Runic Pyramid"],"picked":"Velvet Choker"},{"not_picked":["Tiny House","Nuclear Battery"],"picked":"Cursed Key"}],"items_purged_floors":[],"is_endless":false,"potions_floor_spawned":[1,11,12,13,14,19,24,25,31,35,37,41],"killed_by":"Time Eater","ascension_level":3}