{"gold_per_floor":[110,124,139,153,169,169,56,69,93,93,105,122,122,132,132,228,228,247,5,5,5,17,17,48,48],"floor_reached":25,"playtime":1178,"items_purged":[],"score":326,"play_id":"31b7e7f2-7cfe-4b15-b6ca-5d05b18be16a","local_time":"20180630175216","is_ascension_mode":true,"campfire_choices":[{"data":"Neutralize","floor":6,"key":"SMITH"},{"floor":10,"key":"REST"},{"data":"Cloak And Dagger","floor":13,"key":"SMITH"},{"floor":15,"key":"REST"},{"data":"Terror","floor":23,"key":"SMITH"}],"neow_cost":"TEN_PERCENT_HP_LOSS","seed_source_timestamp":1370770969046681,"circlet_count":0,"master_deck":["Defend_G","Defend_G","Defend_G","Defend_G","Strike_G","Strike_G","Strike_G","Strike_G","Survivor","Neutralize+1","AscendersBane","Adrenaline","Eviscerate","Underhanded Strike","Dagger Throw","Deadly Poison","All Out Attack","Underhanded Strike","Malaise","Infinite Blades","Dodge and Roll","Quick Slash","Cloak And Dagger+1","Backstab","Wraith Form v2","Cloak And Dagger","Backflip","Terror+1","Finisher"],"relics":["Ring of the Snake","Regal Pillow","Snecko Eye","Lee\u0027s Waffle","Snake Skull"],"potions_floor_usage":[4,14,16,24],"damage_taken":[{"damage":1,"enemies":"Cultist","floor":1,"turns":4},{"damage":0,"enemies":"2 Louse","floor":2,"turns":2},{"damage":2,"enemies":"Small Slimes","floor":3,"turns":3},{"damage":2,"enemies":"Exordium Thugs","floor":4,"turns":3},{"damage":1,"enemies":"Red Slaver","floor":5,"turns":4},{"damage":19,"enemies":"Large Slime","floor":8,"turns":6},{"damage":3,"enemies":"2 Fungi Beasts","floor":11,"turns":3},{"damage":10,"enemies":"Exordium Thugs","floor":12,"turns":5},{"damage":6,"enemies":"Large Slime","floor":14,"turns":5},{"damage":50,"enemies":"The Guardian","floor":16,"turns":14},{"damage":15,"enemies":"Spheric Guardian","floor":18,"turns":5},{"damage":0,"enemies":"3 Byrds","floor":22,"turns":6},{"damage":23,"enemies":"Slavers","floor":24,"turns":6},{"damage":47,"enemies":"Snake Plant","floor":25,"turns":5}],"seed_played":"-4801458464562421001","potions_obtained":[{"floor":1,"key":"Ancient Potion"},{"floor":2,"key":"Strength Potion"},{"floor":3,"key":"AttackPotion"},{"floor":12,"key":"Dexterity Potion"}],"is_trial":false,"path_per_floor":["M","M","M","M","M","R","$","M","T","R","M","M","R","M","R","B",null,"M","$","?","$","M","R","E"],"character_chosen":"THE_SILENT","items_purchased":["Malaise","Infinite Blades","Lee\u0027s Waffle","Backflip"],"campfire_rested":2,"item_purchase_floors":[7,7,19,19],"current_hp_per_floor":[62,62,60,58,57,57,57,38,38,63,60,50,50,44,63,13,51,36,70,70,70,70,70,47,0],"gold":48,"neow_bonus":"TRANSFORM_TWO_CARDS","is_prod":false,"is_daily":false,"chose_seed":false,"campfire_upgraded":3,"win_rate":0,"timestamp":1530395536,"path_taken":["M","M","M","M","M","R","?","M","T","R","M","?","R","M","R","BOSS","M","$","?","$","M","R","E","M"],"build_version":"2018-06-29","purchased_purges":0,"victory":false,"max_hp_per_floor":[63,63,63,63,63,63,63,63,63,63,63,63,63,63,63,63,63,63,70,70,70,70,70,70,70],"card_choices":[{"not_picked":["Setup","Well Laid Plans"],"picked":"Underhanded Strike","floor":1},{"not_picked":["Prepared","All Out Attack"],"picked":"Dagger Throw","floor":2},{"not_picked":["PiercingWail","All Out Attack"],"picked":"Deadly Poison","floor":3},{"not_picked":["Concentrate","Outmaneuver"],"picked":"All Out Attack","floor":4},{"not_picked":["Cloak And Dagger","Acrobatics"],"picked":"Underhanded Strike","floor":5},{"not_picked":["Underhanded Strike","Distraction"],"picked":"Dodge and Roll","floor":8},{"not_picked":["Doppelganger","Underhanded Strike"],"picked":"Quick Slash","floor":11},{"not_picked":["Dagger Throw","Choke"],"picked":"Cloak And Dagger","floor":12},{"not_picked":["Deadly Poison","All Out Attack"],"picked":"Backstab","floor":14},{"not_picked":["Doppelganger","Storm of Steel"],"picked":"Wraith Form v2","floor":16},{"not_picked":["Setup","Poisoned Stab"],"picked":"Cloak And Dagger","floor":18},{"not_picked":["All Out Attack","Dagger Throw"],"picked":"Terror","floor":22},{"not_picked":["Backstab","Predator"],"picked":"Finisher","floor":24}],"player_experience":488685,"relics_obtained":[{"floor":9,"key":"Regal Pillow"},{"floor":24,"key":"Snake Skull"}],"event_choices":[{"event_name":"Drug Dealer","player_choice":"Ignored","floor":20,"damage_taken":0}],"boss_relics":[{"not_picked":["Fusion Hammer","White Beast Statue"],"picked":"Snecko Eye"}],"items_purged_floors":[],"is_endless":false,"potions_floor_spawned":[1,2,3,12],"killed_by":"Snake Plant","ascension_level":10}