{"gold_per_floor":[110,120,139,157,157,157,157,167,236,164,164,164,176,195,195,297,297,315,29,30,30,42,42,74,93,143,143,156,255,271,286,286,386,386,400,418,418,432,6,6],"floor_reached":40,"playtime":2481,"items_purged":[],"score":676,"play_id":"123eeb79-2883-4d05-97a2-bb067de1f8a6","local_time":"20180806182520","is_ascension_mode":true,"campfire_choices":[{"data":"Leg Sweep","floor":6,"key":"SMITH"},{"data":"Deadly Poison","floor":11,"key":"SMITH"},{"data":"Dagger Spray","floor":15,"key":"SMITH"},{"data":"Night Terror","floor":23,"key":"SMITH"},{"data":"Backflip","floor":27,"key":"SMITH"},{"data":"1","floor":32,"key":"LIFT"}],"neow_cost":"NONE","seed_source_timestamp":0,"circlet_count":0,"master_deck":["Defend_G","Defend_G","Defend_G","Defend_G","Defend_G","Survivor","Neutralize+1","AscendersBane","Adrenaline+1","Quick Slash","Flying Knee","Leg Sweep+1","Deadly Poison+1","Heel Hook","Dagger Throw","Dagger Spray+1","Night Terror+1","Flying Knee","Sucker Punch+1","Bite","Bite","Bite","Bite","Bite","Distraction+1","Backflip+1","Footwork","Quick Slash+1","Dagger Throw+1","Finisher","Envenom","Calculated Gamble+1","PiercingWail+1","Leg Sweep","Acrobatics+1","Predator"],"relics":["Ring of the Snake","Kunai","GremlinMask","Eternal Feather","Incense Burner","Girya","Ancient Tea Set","Cursed Key","Torii","Ornamental Fan"],"potions_floor_usage":[16,18,20,24,24,30],"damage_taken":[{"damage":3,"enemies":"2 Louse","floor":1,"turns":4},{"damage":0,"enemies":"Jaw Worm","floor":2,"turns":5},{"damage":1,"enemies":"Cultist","floor":3,"turns":3},{"damage":5,"enemies":"Blue Slaver","floor":4,"turns":4},{"damage":0,"enemies":"Red Slaver","floor":8,"turns":5},{"damage":0,"enemies":"2 Fungi Beasts","floor":13,"turns":3},{"damage":2,"enemies":"Looter","floor":14,"turns":3},{"damage":5,"enemies":"Hexaghost","floor":16,"turns":11},{"damage":9,"enemies":"Chosen","floor":18,"turns":5},{"damage":15,"enemies":"2 Thieves","floor":20,"turns":4},{"damage":1,"enemies":"Centurion and Healer","floor":22,"turns":5},{"damage":33,"enemies":"Book of Stabbing","floor":24,"turns":5},{"damage":0,"enemies":"Chosen and Byrds","floor":25,"turns":5},{"damage":38,"enemies":"Snecko","floor":28,"turns":7},{"damage":0,"enemies":"Cultist and Chosen","floor":30,"turns":6},{"damage":6,"enemies":"3 Cultists","floor":31,"turns":6},{"damage":48,"enemies":"Automaton","floor":33,"turns":15},{"damage":5,"enemies":"3 Darklings","floor":35,"turns":6},{"damage":11,"enemies":"Orb Walker","floor":36,"turns":3},{"damage":0,"floor":37,"turns":8},{"damage":50,"enemies":"Transient","floor":38,"turns":5},{"damage":54,"enemies":"Giant Head","floor":40,"turns":8}],"seed_played":"-6887432317803683036","potions_obtained":[{"floor":2,"key":"Weak Potion"},{"floor":8,"key":"PowerPotion"},{"floor":16,"key":"SpeedPotion"},{"floor":20,"key":"FearPotion"},{"floor":22,"key":"PowerPotion"},{"floor":28,"key":"AttackPotion"},{"floor":35,"key":"Dexterity Potion"}],"is_trial":false,"path_per_floor":["M","M","M","M","?","R","?","M","T","$","R","?","M","M","R","B",null,"M","$","M","?","M","R","E","M","T","R","M","?","M","M","R","B",null,"M","M","?","M","$"],"character_chosen":"THE_SILENT","items_purchased":["Heel Hook","Incense Burner","Ornamental Fan","FairyPotion","Predator"],"campfire_rested":0,"item_purchase_floors":[10,19,39,39,39],"current_hp_per_floor":[60,60,59,54,54,54,54,54,54,54,54,54,54,52,52,47,64,55,55,40,40,49,49,22,40,40,49,17,17,27,29,47,17,41,48,45,49,11,11,0],"gold":6,"neow_bonus":"ONE_RANDOM_RARE_CARD","is_prod":false,"is_daily":false,"chose_seed":true,"campfire_upgraded":5,"win_rate":0,"timestamp":1533594320,"path_taken":["M","M","M","M","?","R","?","M","T","$","R","?","?","?","R","BOSS","M","$","?","?","M","R","E","M","T","R","M","?","M","M","R","BOSS","M","M","?","?","$","E"],"build_version":"2018-08-01","purchased_purges":0,"victory":false,"max_hp_per_floor":[70,70,70,70,70,70,70,70,70,70,70,70,70,70,70,70,70,70,70,70,49,49,49,49,49,49,49,49,49,49,49,49,49,49,49,49,49,49,49,49],"card_choices":[{"not_picked":["Dodge and Roll","Outmaneuver"],"picked":"Quick Slash","floor":1},{"not_picked":["Acrobatics","Quick Slash","Reflex"],"picked":"SKIP","floor":2},{"not_picked":["Expertise","Well Laid Plans"],"picked":"Flying Knee","floor":3},{"not_picked":["Night Terror","Quick Slash"],"picked":"Leg Sweep","floor":4},{"not_picked":["Prepared","Underhanded Strike"],"picked":"Deadly Poison","floor":8},{"not_picked":["Terror","Outmaneuver"],"picked":"Dagger Throw","floor":13},{"not_picked":["Dodge and Roll","Poisoned Stab"],"picked":"Dagger Spray","floor":14},{"not_picked":["Die Die Die","Unload"],"picked":"Night Terror","floor":16},{"not_picked":["Bane","Prepared+1"],"picked":"Flying Knee","floor":18},{"not_picked":["Well Laid Plans","Backflip"],"picked":"Sucker Punch+1","floor":20},{"not_picked":["Underhanded Strike","Outmaneuver+1"],"picked":"Distraction+1","floor":22},{"not_picked":["Underhanded Strike+1","Dagger Throw+1"],"picked":"Backflip","floor":24},{"not_picked":["Poisoned Stab","Slice"],"picked":"Footwork","floor":25},{"not_picked":["Noxious Fumes","Dagger Throw"],"picked":"Quick Slash+1","floor":28},{"not_picked":["Distraction","Underhanded Strike"],"picked":"Dagger Throw+1","floor":30},{"not_picked":["Dagger Spray","Quick Slash"],"picked":"Finisher","floor":31},{"not_picked":["Corpse Explosion","Unload"],"picked":"Envenom","floor":33},{"not_picked":["Backstab+1","Quick Slash"],"picked":"Calculated Gamble+1","floor":35},{"not_picked":["Flying Knee+1","Skewer"],"picked":"PiercingWail+1","floor":36},{"not_picked":["Dodge and Roll","Dagger Spray"],"picked":"Leg Sweep","floor":37},{"not_picked":["Prepared","Eviscerate"],"picked":"Acrobatics+1","floor":38}],"player_experience":735994,"relics_obtained":[{"floor":9,"key":"Kunai"},{"floor":24,"key":"Girya"},{"floor":26,"key":"Ancient Tea Set"},{"floor":37,"key":"Torii"}],"event_choices":[{"event_name":"Living Wall","player_choice":"Grow","floor":5,"damage_taken":0},{"event_name":"Accursed Blacksmith","player_choice":"Forge","floor":7,"damage_taken":0},{"event_name":"FaceTrader","player_choice":"Trade","floor":12,"damage_taken":0},{"event_name":"Vampires","player_choice":"Became a vampire","floor":21,"damage_taken":0},{"event_name":"Nest","player_choice":"Stole From Cult","floor":29,"damage_taken":0},{"event_name":"MindBloom","player_choice":"Fight","floor":37,"damage_taken":0}],"is_beta":true,"boss_relics":[{"not_picked":["Fusion Hammer","White Beast Statue"],"picked":"Eternal Feather"},{"not_picked":["HoveringKite","Black Star"],"picked":"Cursed Key"}],"items_purged_floors":[],"is_endless":false,"potions_floor_spawned":[2,8,14,16,20,22,28,35],"killed_by":"Giant Head","ascension_level":11}