{"path_per_floor":["M","?","T","?","$","E","R","M","T","M","M","$","R","E","R","B",null,"M","?","$","?","$","?","?","R","T","R","E","?","R","E","R"],"character_chosen":"IRONCLAD","items_purchased":["Shrug It Off","Bag of Preparation","Heavy Blade","Oddly Smooth Stone"],"gold_per_floor":[109,109,157,232,33,59,59,78,124,138,149,50,50,81,81,179,179,194,194,40,40,40,40,40,40,40,40,65,65,65,98,98,98],"floor_reached":33,"campfire_rested":1,"playtime":865,"item_purchase_floors":[5,5,12,20],"current_hp_per_floor":[80,64,64,53,53,59,59,65,65,73,69,69,69,69,69,75,82,80,80,80,80,80,80,80,80,80,80,41,35,59,55,55,0],"items_purged":["Strike_R"],"gold":98,"score":360,"play_id":"ccb357b0-358c-425c-a3d2-f7bbde9391fe","local_time":"20180624203052","is_prod":false,"is_daily":false,"chose_seed":false,"is_ascension_mode":false,"campfire_upgraded":6,"win_rate":0,"timestamp":1529886652,"campfire_choices":[{"data":"Bash","floor":7,"key":"SMITH"},{"data":"Spot Weakness","floor":13,"key":"SMITH"},{"data":"Heavy Blade","floor":15,"key":"SMITH"},{"data":"Armaments","floor":25,"key":"SMITH"},{"data":"True Grit","floor":27,"key":"SMITH"},{"floor":30,"key":"REST"},{"data":"Battle Trance","floor":32,"key":"SMITH"}],"path_taken":["M","?","?","?","$","E","R","M","T","M","M","$","R","E","R","BOSS","M","?","$","?","$","?","?","R","T","R","E","?","R","E","R","BOSS"],"build_version":"2018-06-21","seed_source_timestamp":862221043280095,"purchased_purges":1,"circlet_count":0,"victory":false,"master_deck":["Strike_R","Strike_R","Strike_R","Defend_R","Defend_R","Defend_R","Defend_R+1","Bash+1","Cleave+1","Shrug It Off","Clash","Spot Weakness+1","Battle Trance+1","Heavy Blade+1","Shrug It Off","Offering","True Grit+1","Body Slam","Armaments+1","Exhume","RitualDagger","Feed"],"max_hp_per_floor":[80,80,80,80,80,80,80,80,80,82,82,82,82,82,82,82,82,82,82,82,82,82,82,82,82,82,82,82,82,82,82,82,82],"relics":["Burning Blood","NeowsBlessing","Juzu Bracelet","Bag of Preparation","Boot","Singing Bowl","Question Card","Lizard Tail","Oddly Smooth Stone","Darkstone Periapt","Bronze Scales","Lantern"],"card_choices":[{"not_picked":["Rupture","Entrench"],"picked":"Cleave","floor":1},{"not_picked":["Wild Strike","Flex"],"picked":"Clash","floor":6},{"not_picked":["Hemokinesis","Disarm"],"picked":"Spot Weakness","floor":8},{"not_picked":["Havoc","Blood for Blood","Burning Pact"],"picked":"Singing Bowl","floor":10},{"not_picked":["Warcry","Rage"],"picked":"Battle Trance","floor":11},{"not_picked":["Hemokinesis","Thunderclap"],"picked":"Shrug It Off","floor":14},{"not_picked":["Fiend Fire","Immolate","Berserk"],"picked":"Offering","floor":16},{"not_picked":["Havoc","Body Slam","Demon Form"],"picked":"True Grit","floor":18},{"not_picked":["Thunderclap","Wild Strike","Anger+1"],"picked":"Exhume","floor":28},{"not_picked":["True Grit","Anger","Flex+1"],"picked":"Feed","floor":31}],"player_experience":469446,"potions_floor_usage":[31,31,31,33],"damage_taken":[{"damage":0,"enemies":"2 Louse","floor":1,"turns":1},{"damage":0,"enemies":"3 Sentries","floor":6,"turns":1},{"damage":0,"enemies":"Jaw Worm","floor":8,"turns":1},{"damage":0,"enemies":"Cultist","floor":10,"turns":2},{"damage":10,"enemies":"Large Slime","floor":11,"turns":6},{"damage":6,"enemies":"Gremlin Nob","floor":14,"turns":3},{"damage":0,"enemies":"Slime Boss","floor":16,"turns":6},{"damage":8,"enemies":"3 Byrds","floor":18,"turns":4},{"damage":45,"enemies":"Book of Stabbing","floor":28,"turns":6},{"damage":22,"enemies":"Gremlin Leader","floor":31,"turns":4},{"damage":115,"enemies":"Champ","floor":33,"turns":13}],"relics_obtained":[{"floor":3,"key":"Juzu Bracelet"},{"floor":6,"key":"Boot"},{"floor":9,"key":"Singing Bowl"},{"floor":14,"key":"Question Card"},{"floor":26,"key":"Darkstone Periapt"},{"floor":28,"key":"Bronze Scales"},{"floor":31,"key":"Lantern"}],"event_choices":[{"event_name":"Shining Light","player_choice":"Entered Light","floor":2,"damage_taken":0},{"event_name":"World of Goop","player_choice":"Gather Gold","floor":4,"damage_taken":0},{"event_name":"Transmorgrifier","player_choice":"Transform","floor":19,"damage_taken":0},{"event_name":"The Library","player_choice":"Read","floor":21,"damage_taken":0},{"event_name":"Addict","player_choice":"Ignored","floor":23,"damage_taken":0},{"event_name":"Beggar","player_choice":"Ignored","floor":24,"damage_taken":0},{"event_name":"Nest","player_choice":"Joined the Cult","floor":29,"damage_taken":0}],"boss_relics":[{"not_picked":["Black Blood","Ectoplasm"],"picked":"Lizard Tail"}],"items_purged_floors":[12],"is_endless":false,"potions_floor_spawned":[1,8,16,31],"seed_played":"-4535814361149685215","killed_by":"Champ","ascension_level":0,"potions_obtained":[{"floor":1,"key":"PowerPotion"},{"floor":8,"key":"Regen Potion"},{"floor":16,"key":"Strength Potion"},{"floor":31,"key":"Fire Potion"}],"is_trial":false}