{"gold_per_floor":[213,213,231,250,193,193,208,133,179,179,190,205,205,235,235,333,333,345,108,108,208,221,221,231,245,245,22,39,39,65,83,83,183,183,197,72,90,50,68,68,99,99,123,123,139,139,139,25,25,25,25,25,25,52,52],"floor_reached":55,"playtime":2918,"items_purged":["Strike_B","Strike_B","Strike_B"],"score":747,"play_id":"ad54fdab-92cb-423f-a21d-d7ac73838128","local_time":"20181230174130","is_ascension_mode":false,"campfire_choices":[{"data":"Glacier","floor":6,"key":"SMITH"},{"data":"Zap","floor":10,"key":"SMITH"},{"floor":13,"key":"REST"},{"data":"Go for the Eyes","floor":15,"key":"SMITH"},{"floor":23,"key":"REST"},{"floor":29,"key":"REST"},{"floor":32,"key":"REST"},{"floor":40,"key":"REST"},{"data":"Defragment","floor":42,"key":"SMITH"},{"floor":49,"key":"RECALL"},{"data":"Consume","floor":52,"key":"SMITH"}],"neow_cost":"NONE","seed_source_timestamp":7985378625570,"circlet_count":0,"master_deck":["Defend_B","Defend_B","Defend_B","Defend_B","Zap+1","Dualcast","Barrage","Compile Driver","Glacier+1","Consume+1","Rip and Tear","Leap","Go for the Eyes+1","Core Surge","Conserve Battery","Dark Shackles","Cold Snap","Coolheaded","Tempest+1","Redo+1","Defragment+1","Blizzard","White Noise","Ball Lightning+1","Echo Form+1","Reinforced Body","Hologram+1","Steam+1","Barrage+1","Defragment+1","BootSequence"],"relics":["Cracked Core","Boot","Lantern","Juzu Bracelet","Sozu","FossilizedHelix","Blue Candle","Letter Opener","Anchor","Ornamental Fan","Inserter","The Courier","Sundial","Happy Flower","Mummified Hand"],"potions_floor_usage":[21,55,55],"damage_taken":[{"damage":2,"enemies":"Small Slimes","floor":1,"turns":4},{"damage":6,"enemies":"2 Louse","floor":3,"turns":3},{"damage":0,"enemies":"Cultist","floor":4,"turns":3},{"damage":1,"enemies":"Looter","floor":7,"turns":3},{"damage":9,"enemies":"Gremlin Gang","floor":11,"turns":4},{"damage":11,"enemies":"Large Slime","floor":12,"turns":5},{"damage":18,"enemies":"Gremlin Nob","floor":14,"turns":4},{"damage":21,"enemies":"Slime Boss","floor":16,"turns":17},{"damage":0,"enemies":"Spheric Guardian","floor":18,"turns":4},{"damage":16,"enemies":"Colosseum Slavers","floor":21,"turns":4},{"damage":48,"enemies":"Colosseum Nobs","floor":21,"turns":9},{"damage":0,"enemies":"Shell Parasite","floor":22,"turns":4},{"damage":0,"enemies":"Cultist and Chosen","floor":24,"turns":9},{"damage":0,"enemies":"Snecko","floor":25,"turns":5},{"damage":0,"enemies":"Shelled Parasite and Fungi","floor":28,"turns":5},{"damage":6,"enemies":"Gremlin Leader","floor":30,"turns":8},{"damage":0,"enemies":"Cultist and Chosen","floor":31,"turns":7},{"damage":64,"enemies":"Automaton","floor":33,"turns":14},{"damage":0,"enemies":"Orb Walker","floor":35,"turns":5},{"damage":0,"enemies":"3 Shapes","floor":37,"turns":5},{"damage":16,"enemies":"Writhing Mass","floor":39,"turns":6},{"damage":8,"enemies":"Reptomancer","floor":41,"turns":6},{"damage":24,"enemies":"3 Darklings","floor":45,"turns":6},{"damage":0,"enemies":"Awakened One","floor":50,"turns":14},{"damage":69,"enemies":"Shield and Spear","floor":54,"turns":9},{"damage":7,"enemies":"The Heart","floor":55,"turns":6}],"seed_played":"2454332267805147556","potions_obtained":[{"floor":1,"key":"Swift Potion"},{"floor":11,"key":"LiquidBronze"},{"floor":14,"key":"Ancient Potion"}],"is_trial":false,"path_per_floor":["M","?","M","M","?","R","M","$","T","R","M","M","R","E","R","B",null,"M","$","?","?","M","R","M","M","T","$","M","R","E","M","R","B",null,"M","$","M","?","M","R","E","R","T","?","M","T","?","$","R","B",null,"R","$","E","B"],"character_chosen":"DEFECT","items_purchased":["Dark Shackles","Cold Snap","Defragment","Anchor","Happy Flower"],"campfire_rested":5,"item_purchase_floors":[19,19,27,27,48],"current_hp_per_floor":[73,73,67,67,67,67,66,66,66,66,57,46,68,50,50,29,75,75,75,75,11,11,33,33,33,33,33,33,55,49,49,71,7,75,75,75,75,75,59,75,67,67,67,67,43,43,43,43,43,43,75,75,75,6,0],"gold":52,"neow_bonus":"HUNDRED_GOLD","is_prod":false,"is_daily":false,"chose_seed":false,"campfire_upgraded":5,"win_rate":0,"timestamp":1546209690,"path_taken":["M","?","M","M","?","R","?","$","T","R","M","M","R","E","R","BOSS","M","$","?","?","M","R","M","M","T","$","M","R","E","M","R","BOSS","M","$","M","?","M","R","E","R","T","?","M","?","?","$","R","BOSS","R","$","E","BOSS"],"build_version":"2018-12-25","purchased_purges":3,"victory":false,"max_hp_per_floor":[75,75,75,75,75,75,75,75,75,75,75,75,75,75,75,75,75,75,75,75,75,75,75,75,75,75,75,75,75,75,75,75,75,75,75,75,75,75,75,75,75,75,75,75,75,75,75,75,75,75,75,75,75,75,75],"card_choices":[{"not_picked":["Lockon","Gash"],"picked":"Barrage","floor":1},{"not_picked":["Stack","Turbo"],"picked":"Compile Driver","floor":3},{"not_picked":["Chill","Hello World"],"picked":"Glacier","floor":4},{"not_picked":["Sweeping Beam","Beam Cell"],"picked":"Consume","floor":7},{"not_picked":["Steam Power","Reinforced Body"],"picked":"Rip and Tear","floor":11},{"not_picked":["Turbo","Force Field"],"picked":"Leap","floor":12},{"not_picked":["Melter","Darkness"],"picked":"Go for the Eyes","floor":14},{"not_picked":["Seek","Meteor Strike"],"picked":"Core Surge","floor":16},{"not_picked":["Streamline","Barrage"],"picked":"Conserve Battery","floor":18},{"not_picked":["Sweeping Beam","Cold Snap"],"picked":"Coolheaded","floor":21},{"not_picked":["Compile Driver","Barrage"],"picked":"Conserve Battery","floor":22},{"not_picked":["Compile Driver+1","Beam Cell"],"picked":"Tempest+1","floor":24},{"not_picked":["Reboot","Coolheaded"],"picked":"Redo+1","floor":25},{"not_picked":["Steam+1","Cold Snap"],"picked":"Blizzard","floor":28},{"not_picked":["Compile Driver","Steam"],"picked":"White Noise","floor":30},{"not_picked":["Steam Power","Streamline+1"],"picked":"Ball Lightning+1","floor":31},{"not_picked":["Reboot","Rainbow"],"picked":"Echo Form","floor":33},{"not_picked":["Steam Power+1","Gash+1"],"picked":"Reinforced Body","floor":35},{"not_picked":["Lockon+1","Sweeping Beam+1"],"picked":"Hologram+1","floor":37},{"not_picked":["Ball Lightning","Fusion+1"],"picked":"Steam+1","floor":39},{"not_picked":["Gash+1","Sweeping Beam+1"],"picked":"Barrage+1","floor":41},{"not_picked":["Conserve Battery+1","Heatsinks+1"],"picked":"Defragment+1","floor":45},{"not_picked":["Darkness+1","Gash"],"picked":"BootSequence","floor":54}],"player_experience":1083230,"relics_obtained":[{"floor":9,"key":"Lantern"},{"floor":14,"key":"Juzu Bracelet"},{"floor":21,"key":"FossilizedHelix"},{"floor":21,"key":"Blue Candle"},{"floor":26,"key":"Letter Opener"},{"floor":30,"key":"Ornamental Fan"},{"floor":41,"key":"The Courier"},{"floor":46,"key":"Sundial"},{"floor":54,"key":"Mummified Hand"}],"event_choices":[{"damage_healed":0,"gold_gain":0,"player_choice":"Ignored","damage_taken":0,"max_hp_gain":0,"max_hp_loss":0,"event_name":"Liars Game","floor":2,"gold_loss":0},{"damage_healed":0,"gold_gain":0,"player_choice":"Paid Gold","damage_taken":0,"relics_obtained":["Boot"],"max_hp_gain":0,"max_hp_loss":0,"event_name":"WeMeetAgain","floor":5,"gold_loss":57},{"cards_removed":["Strike_B"],"damage_healed":0,"gold_gain":0,"player_choice":"Purged","damage_taken":0,"max_hp_gain":0,"max_hp_loss":0,"event_name":"Purifier","floor":20,"gold_loss":0},{"damage_healed":0,"gold_gain":0,"player_choice":"Fight","damage_taken":0,"max_hp_gain":0,"max_hp_loss":0,"event_name":"Colosseum","floor":21,"gold_loss":0},{"damage_healed":0,"gold_gain":0,"player_choice":"Fought Nobs","damage_taken":0,"max_hp_gain":0,"max_hp_loss":0,"event_name":"Colosseum","floor":21,"gold_loss":0},{"damage_healed":0,"gold_gain":0,"player_choice":"Upgrade","damage_taken":0,"max_hp_gain":0,"max_hp_loss":0,"event_name":"Designer","floor":38,"gold_loss":40,"cards_upgraded":["Echo Form"]},{"damage_healed":0,"gold_gain":0,"player_choice":"Got Potions","damage_taken":0,"max_hp_gain":0,"max_hp_loss":0,"event_name":"Lab","floor":44,"gold_loss":0},{"cards_removed":["Conserve Battery"],"damage_healed":0,"gold_gain":0,"player_choice":"Removed Skill","damage_taken":0,"max_hp_gain":0,"max_hp_loss":0,"event_name":"Falling","floor":47,"gold_loss":0}],"is_beta":true,"boss_relics":[{"not_picked":["Coffee Dripper","Busted Crown"],"picked":"Sozu"},{"not_picked":["Eternal Feather","Calling Bell"],"picked":"Inserter"}],"items_purged_floors":[8,19,36],"is_endless":false,"potions_floor_spawned":[1,11,14,18,24,25,30,31,37,41],"killed_by":"The Heart","ascension_level":0}