{"gold_per_floor":[12,12,12,31,31,31,67,67,67,67,91,107,123,141,141,234,234,252,290,340,363,379,379,379,379,379,379,419,440,19,19,19,115,115,130,55,79,98,98,98,111,111,137,149,195,226,238,29,29,29],"floor_reached":50,"playtime":2424,"items_purged":["Strike_G"],"score":861,"play_id":"ffbbc269-d279-456f-a4a4-43557a007ed8","local_time":"20181231210317","is_ascension_mode":true,"campfire_choices":[{"data":"Riddle With Holes","floor":6,"key":"SMITH"},{"floor":8,"key":"REST"},{"floor":15,"key":"REST"},{"floor":25,"key":"REST"},{"floor":27,"key":"REST"},{"data":"Cloak And Dagger","floor":32,"key":"SMITH"},{"data":"Blade Dance","floor":40,"key":"SMITH"},{"data":"Burst","floor":42,"key":"SMITH"},{"data":"Adrenaline","floor":44,"key":"SMITH"},{"data":"Dodge and Roll","floor":49,"key":"SMITH"}],"neow_cost":"NO_GOLD","seed_source_timestamp":1636718016701,"circlet_count":0,"master_deck":["AscendersBane","Defend_G","Defend_G","Defend_G","Defend_G","Defend_G","Strike_G","Strike_G","Strike_G","Survivor","Neutralize+1","Quick Slash","Riddle With Holes+1","Dagger Spray","Cloak And Dagger","Burst+1","Infinite Blades","Glass Knife","Cloak And Dagger+1","PiercingWail","Dagger Spray","Noxious Fumes","Expertise","Caltrops+1","Blade Dance+1","Backflip","Accuracy","Adrenaline+1","Deflect","Blade Dance+1","Accuracy","Dodge and Roll+1","Caltrops","Acrobatics"],"relics":["Ring of the Snake","Torii","Golden Idol","Du-Vu Doll","Kunai","Runic Dome","Red Mask","Gremlin Horn","Mango","Shuriken","MutagenicStrength","Eternal Feather","MawBank","Letter Opener","Pen Nib"],"potions_floor_usage":[7,16,23,28,38,46,50,50],"damage_taken":[{"damage":1,"enemies":"2 Louse","floor":1,"turns":4},{"damage":0,"enemies":"Cultist","floor":4,"turns":4},{"damage":28,"enemies":"Gremlin Nob","floor":7,"turns":4},{"damage":0,"enemies":"Jaw Worm","floor":11,"turns":4},{"damage":0,"enemies":"2 Fungi Beasts","floor":12,"turns":3},{"damage":1,"enemies":"Large Slime","floor":13,"turns":6},{"damage":1,"enemies":"3 Louse","floor":14,"turns":3},{"damage":20,"enemies":"The Guardian","floor":16,"turns":14},{"damage":0,"enemies":"3 Byrds","floor":18,"turns":5},{"damage":30,"enemies":"Masked Bandits","floor":19,"turns":5},{"damage":1,"enemies":"Chosen","floor":21,"turns":6},{"damage":2,"enemies":"Snecko","floor":22,"turns":5},{"damage":0,"enemies":"Centurion and Healer","floor":23,"turns":1},{"damage":1,"enemies":"Gremlin Leader","floor":28,"turns":6},{"damage":8,"enemies":"Shelled Parasite and Fungi","floor":29,"turns":6},{"damage":50,"enemies":"Automaton","floor":33,"turns":10},{"damage":8,"enemies":"3 Shapes","floor":35,"turns":8},{"damage":0,"enemies":"Orb Walker","floor":37,"turns":3},{"damage":11,"enemies":"Transient","floor":38,"turns":5},{"damage":0,"enemies":"Jaw Worm Horde","floor":41,"turns":1},{"damage":53,"enemies":"Giant Head","floor":45,"turns":7},{"damage":15,"enemies":"Maw","floor":46,"turns":6},{"damage":74,"enemies":"Time Eater","floor":50,"turns":9}],"seed_played":"-6988523380331994168","potions_obtained":[{"floor":1,"key":"LiquidBronze"},{"floor":4,"key":"SmokeBomb"},{"floor":13,"key":"SkillPotion"},{"floor":18,"key":"LiquidBronze"},{"floor":33,"key":"Dexterity Potion"},{"floor":35,"key":"Energy Potion"},{"floor":45,"key":"PowerPotion"},{"floor":46,"key":"Regen Potion"}],"is_trial":false,"path_per_floor":["M","?","$","M","?","R","E","R","T","?","M","M","M","M","R","B",null,"M","?","?","M","M","M","?","R","T","R","E","M","$","?","R","B",null,"M","$","M","M","?","R","M","R","T","R","E","M","?","$","R","B"],"character_chosen":"THE_SILENT","items_purchased":["Shuriken","Blade Dance","Backflip","Accuracy","Pen Nib","Dexterity Potion","Acrobatics"],"campfire_rested":4,"item_purchase_floors":[30,30,30,30,48,48,48],"current_hp_per_floor":[58,58,58,58,58,58,30,48,48,41,41,41,40,39,57,37,54,54,24,24,23,21,21,21,39,39,57,70,62,62,62,62,12,59,51,51,51,40,40,58,58,74,74,74,21,6,61,61,61,0],"gold":29,"neow_bonus":"ONE_RARE_RELIC","is_prod":false,"is_daily":false,"chose_seed":false,"campfire_upgraded":6,"win_rate":0,"timestamp":1546308197,"path_taken":["M","?","$","?","?","R","E","R","T","?","?","M","M","M","R","BOSS","M","?","?","M","M","M","?","R","T","R","E","M","$","?","R","BOSS","M","$","M","M","?","R","M","R","T","R","E","?","?","$","R","BOSS"],"build_version":"2018-12-25","purchased_purges":1,"victory":false,"max_hp_per_floor":[66,66,66,66,60,60,60,60,60,60,60,60,60,60,60,60,60,60,60,60,60,60,60,60,60,60,60,74,74,74,74,74,74,74,74,74,74,74,74,74,74,74,74,74,74,74,61,61,61,61],"card_choices":[{"not_picked":["Endless Agony","Blade Dance"],"picked":"Quick Slash","floor":1},{"not_picked":["Dagger Throw","Catalyst"],"picked":"Riddle With Holes","floor":4},{"not_picked":["Deflect","Quick Slash"],"picked":"Dagger Spray","floor":7},{"not_picked":["Masterful Stab","Deflect"],"picked":"Cloak And Dagger","floor":11},{"not_picked":["Eviscerate","Reflex","Concentrate"],"picked":"SKIP","floor":12},{"not_picked":["Catalyst","Finisher"],"picked":"Burst","floor":13},{"not_picked":["Crippling Poison","Sucker Punch"],"picked":"Infinite Blades","floor":14},{"not_picked":["Phantasmal Killer","Grand Finale"],"picked":"Glass Knife","floor":16},{"not_picked":["Quick Slash+1","Prepared"],"picked":"Cloak And Dagger","floor":18},{"not_picked":["Slice","Predator"],"picked":"PiercingWail","floor":19},{"not_picked":["Sucker Punch","Slice+1"],"picked":"Dagger Spray","floor":21},{"not_picked":["PiercingWail","Flechettes"],"picked":"Noxious Fumes","floor":22},{"not_picked":["Underhanded Strike","Concentrate"],"picked":"Expertise","floor":28},{"not_picked":["Backflip+1","Crippling Poison"],"picked":"Caltrops+1","floor":29},{"not_picked":["Malaise","Phantasmal Killer"],"picked":"Adrenaline","floor":33},{"not_picked":["Distraction+1","Deadly Poison+1"],"picked":"Deflect","floor":35},{"not_picked":["All Out Attack","Calculated Gamble","Choke"],"picked":"SKIP","floor":37},{"not_picked":["Skewer","Reflex+1"],"picked":"Blade Dance","floor":38},{"not_picked":["Poisoned Stab+1","Quick Slash+1"],"picked":"Accuracy","floor":41},{"not_picked":["Bullet Time","Dagger Throw+1"],"picked":"Dodge and Roll","floor":45},{"not_picked":["Sucker Punch","Deflect"],"picked":"Caltrops","floor":46}],"player_experience":1121742,"relics_obtained":[{"floor":7,"key":"Du-Vu Doll"},{"floor":9,"key":"Kunai"},{"floor":19,"key":"Red Mask"},{"floor":26,"key":"Gremlin Horn"},{"floor":28,"key":"Mango"},{"floor":43,"key":"MawBank"},{"floor":45,"key":"Letter Opener"}],"event_choices":[{"damage_healed":0,"gold_gain":0,"player_choice":"Upgraded","damage_taken":0,"max_hp_gain":0,"max_hp_loss":0,"event_name":"Upgrade Shrine","floor":2,"gold_loss":0,"cards_upgraded":["Neutralize"]},{"damage_healed":0,"gold_gain":0,"player_choice":"Lose Max HP","damage_taken":0,"relics_obtained":["Golden Idol"],"max_hp_gain":0,"max_hp_loss":6,"event_name":"Golden Idol","floor":5,"gold_loss":0},{"cards_removed":["Strike_G"],"damage_healed":0,"gold_gain":0,"player_choice":"Card Removal","damage_taken":7,"max_hp_gain":0,"max_hp_loss":0,"event_name":"Golden Wing","floor":10,"gold_loss":0},{"damage_healed":0,"gold_gain":0,"player_choice":"Fought Bandits","damage_taken":0,"max_hp_gain":0,"max_hp_loss":0,"event_name":"Masked Bandits","floor":19,"gold_loss":0},{"damage_healed":0,"gold_gain":50,"player_choice":"Stole From Cult","damage_taken":0,"max_hp_gain":0,"max_hp_loss":0,"event_name":"Nest","floor":20,"gold_loss":0},{"damage_healed":0,"gold_gain":0,"player_choice":"Ignored","damage_taken":0,"max_hp_gain":0,"max_hp_loss":0,"event_name":"Cursed Tome","floor":24,"gold_loss":0},{"damage_healed":0,"gold_gain":0,"player_choice":"Inject Mutagens","damage_taken":0,"relics_obtained":["MutagenicStrength"],"max_hp_gain":0,"max_hp_loss":0,"event_name":"Drug Dealer","floor":31,"gold_loss":0},{"damage_healed":0,"gold_gain":0,"player_choice":"Forge","damage_taken":0,"max_hp_gain":0,"max_hp_loss":0,"event_name":"Accursed Blacksmith","floor":39,"gold_loss":0,"cards_upgraded":["Blade Dance"]},{"damage_healed":61,"gold_gain":0,"player_choice":"Heal","damage_taken":0,"max_hp_gain":0,"max_hp_loss":13,"event_name":"The Moai Head","floor":47,"gold_loss":0}],"is_beta":true,"boss_relics":[{"not_picked":["Tiny House","Fusion Hammer"],"picked":"Runic Dome"},{"not_picked":["Velvet Choker","Empty Cage"],"picked":"Eternal Feather"}],"items_purged_floors":[36],"is_endless":false,"potions_floor_spawned":[1,4,13,18,22,23,33,35,45,46],"killed_by":"Time Eater","ascension_level":15}