{"path_per_floor":["M","?","M","?","?","R","M","M","T","R","$","R","T","$","R","B",null,"M","M","$","M","M","R","?","?","T","M","M","M","M","M","R"],"character_chosen":"THE_SILENT","items_purchased":["Dagger Spray","Noxious Fumes","Backflip","Backstab"],"gold_per_floor":[17,17,27,27,27,27,40,55,55,55,6,6,6,6,6,130,130,155,175,15,39,53,53,53,53,76,90,115,135,151,172,172,172],"floor_reached":33,"campfire_rested":2,"playtime":1158,"item_purchase_floors":[11,20,20,20],"current_hp_per_floor":[70,70,70,70,65,65,65,65,65,65,65,65,65,65,65,60,65,51,43,43,25,16,35,35,35,35,23,23,19,17,17,36,0],"items_purged":[],"gold":172,"score":241,"play_id":"7d92a4ea-4fd8-4635-aeb5-5a9c5cf01ac1","local_time":"20180617160020","is_prod":false,"is_daily":false,"chose_seed":false,"is_ascension_mode":false,"campfire_upgraded":4,"win_rate":0,"timestamp":1529265620,"campfire_choices":[{"data":"Predator","floor":6,"key":"SMITH"},{"data":"Envenom","floor":10,"key":"SMITH"},{"data":"Dagger Spray","floor":12,"key":"SMITH"},{"data":"Dash","floor":15,"key":"SMITH"},{"floor":23,"key":"REST"},{"floor":32,"key":"REST"}],"path_taken":["M","?","?","?","?","R","M","M","T","R","?","R","?","?","R","BOSS","M","M","$","M","M","R","?","?","T","M","M","?","M","M","R","BOSS"],"build_version":"2018-06-14v2","seed_source_timestamp":240852891485800,"purchased_purges":0,"victory":false,"master_deck":["Defend_G","Defend_G","Defend_G","Defend_G","Strike_G","Strike_G","Strike_G","Strike_G","Survivor","Neutralize+1","Predator+1","Dash+1","Deadly Poison","Slice","Accuracy","Envenom+1","Dagger Spray+1","Dodge and Roll","Flying Knee","Noxious Fumes","Backflip","Backstab","Cloak And Dagger+1","Reflex","Writhe","Sucker Punch","Adrenaline","Flechettes","Skewer+1","Blade Dance+1"],"max_hp_per_floor":[70,70,70,70,65,65,65,65,65,65,65,65,65,65,65,65,65,65,65,65,65,65,65,65,65,65,65,65,65,65,65,65,65],"relics":["Ring of the Snake","Golden Idol","Matryoshka","Centennial Puzzle","Dodecahedron","Cursed Key","Bronze Scales","Bag of Marbles"],"card_choices":[{"not_picked":["Sucker Punch","Prepared"],"picked":"Deadly Poison","floor":1},{"not_picked":["Finisher","Expertise"],"picked":"Slice","floor":3},{"not_picked":["Prepared","Eviscerate"],"picked":"Accuracy","floor":7},{"not_picked":["Prepared","Terror"],"picked":"Envenom","floor":8},{"not_picked":["Venomology","Phantasmal Killer"],"picked":"Grand Finale","floor":16},{"not_picked":["Dagger Spray","Deflect"],"picked":"Dodge and Roll","floor":18},{"not_picked":["Endless Agony","All Out Attack"],"picked":"Flying Knee","floor":19},{"not_picked":["Envenom","Slice+1"],"picked":"Cloak And Dagger+1","floor":21},{"not_picked":["Eviscerate","Underhanded Strike","Outmaneuver"],"picked":"SKIP","floor":22},{"not_picked":["Dagger Spray","Flying Knee"],"picked":"Sucker Punch","floor":27},{"not_picked":["Dodge and Roll+1","Quick Slash"],"picked":"Adrenaline","floor":28},{"not_picked":["Choke","Reflex+1"],"picked":"Flechettes","floor":29},{"not_picked":["Bouncing Flask","Flying Knee+1"],"picked":"Skewer+1","floor":30},{"not_picked":["Dagger Throw","Expertise"],"picked":"Blade Dance+1","floor":31}],"player_experience":448750,"potions_floor_usage":[22,28,33,33],"damage_taken":[{"damage":0,"enemies":"Jaw Worm","floor":1,"turns":5},{"damage":0,"enemies":"2 Louse","floor":3,"turns":3},{"damage":0,"enemies":"Cultist","floor":7,"turns":3},{"damage":0,"enemies":"Lots of Slimes","floor":8,"turns":4},{"damage":5,"enemies":"Slime Boss","floor":16,"turns":8},{"damage":14,"enemies":"Spheric Guardian","floor":18,"turns":4},{"damage":8,"enemies":"Shell Parasite","floor":19,"turns":5},{"damage":18,"enemies":"Snake Plant","floor":21,"turns":4},{"damage":9,"enemies":"Snecko","floor":22,"turns":5},{"damage":12,"enemies":"3 Cultists","floor":27,"turns":5},{"damage":0,"enemies":"Centurion and Healer","floor":28,"turns":4},{"damage":4,"enemies":"Snake Plant","floor":29,"turns":2},{"damage":2,"enemies":"Slaver and Parasite","floor":30,"turns":5},{"damage":0,"enemies":"Centurion and Healer","floor":31,"turns":4},{"damage":37,"enemies":"Champ","floor":33,"turns":7}],"relics_obtained":[{"floor":9,"key":"Matryoshka"},{"floor":13,"key":"Centennial Puzzle"},{"floor":13,"key":"Dodecahedron"},{"floor":26,"key":"Bronze Scales"},{"floor":26,"key":"Bag of Marbles"}],"event_choices":[{"event_name":"Living Wall","player_choice":"Grow","floor":2,"damage_taken":0},{"event_name":"Liars Game","player_choice":"disagreed","floor":4,"damage_taken":0},{"event_name":"Golden Idol","player_choice":"Lose Max HP","floor":5,"damage_taken":0},{"event_name":"Transmorgrifier","player_choice":"Transform","floor":24,"damage_taken":0},{"event_name":"Beggar","player_choice":"Ignored","floor":25,"damage_taken":0}],"boss_relics":[{"not_picked":["Black Star","Sozu"],"picked":"Cursed Key"}],"items_purged_floors":[],"is_endless":true,"potions_floor_spawned":[3,18,21,27,29],"seed_played":"-3742616144145093620","killed_by":"Champ","ascension_level":0,"potions_obtained":[{"floor":3,"key":"SpeedPotion"},{"floor":18,"key":"FearPotion"},{"floor":21,"key":"Fire Potion"},{"floor":27,"key":"Fire Potion"},{"floor":29,"key":"FearPotion"}],"is_trial":false}