{"gold_per_floor":[217,69,89,164,164,164,193,193,193,211,246,246,257,284,284,384,384,400,415,415,433,107,107,142,142,142,142,16,16,41,51,51,146,146,161,161,175,175,186,186],"floor_reached":40,"playtime":2232,"items_purged":["Strike_R"],"score":732,"play_id":"bf9dd5a6-2526-48ad-a71b-38fa813b93c6","local_time":"20181216153524","is_ascension_mode":true,"campfire_choices":[{"data":"Whirlwind","floor":6,"key":"SMITH"},{"floor":8,"key":"REST"},{"data":"Juggernaut","floor":15,"key":"SMITH"},{"floor":23,"key":"REST"},{"data":"True Grit","floor":25,"key":"SMITH"},{"data":"Metallicize","floor":27,"key":"SMITH"},{"floor":29,"key":"REST"},{"floor":32,"key":"REST"}],"neow_cost":"NONE","seed_source_timestamp":98078587229255,"circlet_count":0,"master_deck":["AscendersBane","Strike_R","Strike_R","Strike_R","Defend_R","Defend_R","Defend_R","Defend_R","Bash","Sword Boomerang","Whirlwind+1","Inflame","Reaper+1","Thunderclap","Anger","Juggernaut+1","Metallicize+1","Headbutt","Fiend Fire","True Grit+1","Shrug It Off","Entrench","Rampage+1","Dark Embrace","Body Slam+1","Inflame"],"relics":["Burning Blood","PreservedInsect","Singing Bowl","Bronze Scales","Paper Frog","Runic Dome","Ornamental Fan","Unceasing Top","Shuriken","Molten Egg 2","Eternal Feather"],"potions_floor_usage":[7,13,16,19,24,33,35],"damage_taken":[{"damage":6,"enemies":"Cultist","floor":1,"turns":4},{"damage":2,"enemies":"2 Louse","floor":3,"turns":2},{"damage":61,"enemies":"Lagavulin","floor":7,"turns":7},{"damage":0,"enemies":"Small Slimes","floor":10,"turns":3},{"damage":20,"enemies":"3 Sentries","floor":11,"turns":3},{"damage":12,"enemies":"3 Louse","floor":13,"turns":2},{"damage":17,"enemies":"Lagavulin","floor":14,"turns":4},{"damage":65,"enemies":"Slime Boss","floor":16,"turns":9},{"damage":38,"enemies":"2 Thieves","floor":18,"turns":3},{"damage":10,"enemies":"Shell Parasite","floor":19,"turns":4},{"damage":18,"enemies":"Snecko","floor":21,"turns":3},{"damage":45,"enemies":"Slavers","floor":24,"turns":3},{"damage":19,"enemies":"Gremlin Leader","floor":30,"turns":7},{"damage":30,"enemies":"Snake Plant","floor":31,"turns":5},{"damage":90,"enemies":"Collector","floor":33,"turns":8},{"damage":9,"enemies":"3 Shapes","floor":35,"turns":6},{"damage":35,"enemies":"Orb Walker","floor":37,"turns":3},{"damage":27,"enemies":"Maw","floor":39,"turns":7},{"damage":56,"enemies":"Reptomancer","floor":40,"turns":4}],"seed_played":"7039944240283229750","potions_obtained":[{"floor":3,"key":"Weak Potion"},{"floor":10,"key":"PowerPotion"},{"floor":11,"key":"Weak Potion"},{"floor":13,"key":"SneckoOil"},{"floor":18,"key":"EssenceOfSteel"},{"floor":19,"key":"Swift Potion"},{"floor":31,"key":"Poison Potion"},{"floor":33,"key":"Swift Potion"}],"is_trial":false,"path_per_floor":["M","$","M","?","?","R","E","R","T","M","E","?","M","E","R","B",null,"M","M","?","M","$","R","E","R","T","R","$","R","E","M","R","B",null,"M","?","M","?","M","E"],"character_chosen":"IRONCLAD","items_purchased":["Whirlwind","Inflame","Ornamental Fan","Shrug It Off","LiquidBronze"],"campfire_rested":4,"item_purchase_floors":[2,2,22,28,28],"current_hp_per_floor":[72,72,76,65,70,70,20,45,45,59,57,57,66,65,65,20,69,49,47,47,45,45,72,52,52,52,52,52,79,87,63,90,9,71,83,83,56,56,44,0],"gold":186,"neow_bonus":"HUNDRED_GOLD","is_prod":false,"is_daily":false,"chose_seed":false,"campfire_upgraded":4,"win_rate":0,"timestamp":1544992524,"path_taken":["M","?","M","?","?","R","E","R","T","M","E","?","?","E","R","BOSS","M","M","?","M","$","R","E","R","T","R","$","R","E","M","R","BOSS","M","?","M","?","M","E"],"build_version":"2018-12-13","purchased_purges":1,"victory":false,"max_hp_per_floor":[80,80,80,80,85,85,85,85,85,85,85,85,85,85,85,85,85,87,89,89,91,91,91,91,91,91,91,91,91,91,91,91,91,91,91,91,93,93,95,95],"card_choices":[{"not_picked":["Iron Wave","Perfected Strike"],"picked":"Sword Boomerang","floor":1},{"not_picked":["Flex","Sword Boomerang"],"picked":"Reaper","floor":3},{"not_picked":["Havoc","Perfected Strike"],"picked":"Thunderclap","floor":7},{"not_picked":["Sever Soul","Thunderclap"],"picked":"Anger","floor":10},{"not_picked":["Power Through","Dark Embrace"],"picked":"Juggernaut","floor":11},{"not_picked":["Perfected Strike","Clothesline"],"picked":"Metallicize","floor":13},{"not_picked":["Reckless Charge","Cleave"],"picked":"Headbutt","floor":14},{"not_picked":["Juggernaut","Exhume"],"picked":"Fiend Fire","floor":16},{"not_picked":["Body Slam","Flex","Perfected Strike"],"picked":"Singing Bowl","floor":18},{"not_picked":["Heavy Blade+1","Clash+1","Carnage"],"picked":"Singing Bowl","floor":19},{"not_picked":["Pommel Strike","Searing Blow+1","Brutality"],"picked":"Singing Bowl","floor":21},{"not_picked":["Twin Strike","Sever Soul"],"picked":"True Grit","floor":24},{"not_picked":["Sword Boomerang+1","Flex"],"picked":"Entrench","floor":30},{"not_picked":["Perfected Strike+1","Havoc"],"picked":"Rampage+1","floor":31},{"not_picked":["Bludgeon+1","Double Tap"],"picked":"Dark Embrace","floor":33},{"not_picked":["Sword Boomerang+1","Wild Strike+1"],"picked":"Body Slam+1","floor":35},{"not_picked":["Flex","Clash+1","Pummel+1"],"picked":"Singing Bowl","floor":37},{"not_picked":["Twin Strike+1","Sword Boomerang+1","Searing Blow+1"],"picked":"Singing Bowl","floor":39}],"player_experience":988656,"relics_obtained":[{"floor":7,"key":"PreservedInsect"},{"floor":9,"key":"Singing Bowl"},{"floor":11,"key":"Bronze Scales"},{"floor":14,"key":"Paper Frog"},{"floor":24,"key":"Unceasing Top"},{"floor":26,"key":"Shuriken"},{"floor":30,"key":"Molten Egg 2"}],"event_choices":[{"damage_healed":0,"gold_gain":75,"player_choice":"Gather Gold","damage_taken":11,"max_hp_gain":0,"max_hp_loss":0,"event_name":"World of Goop","floor":4,"gold_loss":0},{"damage_healed":0,"gold_gain":0,"player_choice":"Donut","damage_taken":0,"max_hp_gain":5,"max_hp_loss":0,"event_name":"Big Fish","floor":5,"gold_loss":0},{"damage_healed":0,"gold_gain":0,"player_choice":"Grow","damage_taken":0,"max_hp_gain":0,"max_hp_loss":0,"event_name":"Living Wall","floor":12,"gold_loss":0,"cards_upgraded":["Reaper"]},{"damage_healed":0,"gold_gain":0,"player_choice":"Ignored","damage_taken":0,"max_hp_gain":0,"max_hp_loss":0,"event_name":"N\u0027loth","floor":20,"gold_loss":0},{"cards_removed":["Strike_R"],"damage_healed":0,"gold_gain":0,"player_choice":"Removed Attack","damage_taken":0,"max_hp_gain":0,"max_hp_loss":0,"event_name":"Falling","floor":36,"gold_loss":0},{"damage_healed":0,"gold_gain":0,"player_choice":"Copied","damage_taken":0,"max_hp_gain":0,"max_hp_loss":0,"event_name":"Duplicator","floor":38,"gold_loss":0,"cards_obtained":["Inflame"]}],"is_beta":true,"boss_relics":[{"not_picked":["Empty Cage","Black Blood"],"picked":"Runic Dome"},{"not_picked":["Tiny House","Philosopher\u0027s Stone"],"picked":"Eternal Feather"}],"items_purged_floors":[22],"is_endless":false,"potions_floor_spawned":[3,10,11,13,18,19,31,33],"killed_by":"Reptomancer","ascension_level":12}