{"path_per_floor":["M","M","M","$","?","E","M","R","T","R","$","?","R","?","R","B",null,"M","M","?"],"character_chosen":"THE_SILENT","items_purchased":["Paper Crane","Blur"],"gold_per_floor":[210,225,244,3,3,41,65,65,65,65,26,101,101,101,101,230,230,244,265,265,265],"floor_reached":21,"campfire_rested":2,"playtime":836,"item_purchase_floors":[4,11],"current_hp_per_floor":[63,63,63,63,63,37,33,52,52,52,52,41,60,60,60,53,62,58,55,55,0],"items_purged":[],"gold":265,"score":257,"play_id":"8cf51833-ebfd-4204-aabc-61abb6779f1f","local_time":"20180602005214","is_prod":false,"is_daily":false,"chose_seed":false,"is_ascension_mode":true,"campfire_upgraded":2,"win_rate":0,"timestamp":1527915134,"campfire_choices":[{"floor":8,"key":"REST"},{"data":"Malaise","floor":10,"key":"SMITH"},{"floor":13,"key":"REST"},{"data":"Neutralize","floor":15,"key":"SMITH"}],"path_taken":["M","M","M","$","?","E","M","R","T","R","?","?","R","?","R","BOSS","M","M","?","M"],"build_version":"2018-05-30v2","seed_source_timestamp":1343941808175279,"purchased_purges":0,"victory":false,"master_deck":["Defend_G","Defend_G","Defend_G","Defend_G","Defend_G","Strike_G","Strike_G","Strike_G","Strike_G","Survivor","Neutralize+1","Flying Knee","Malaise+1","Infinite Blades","Dagger Spray","Dagger Spray","Blur","Flechettes","Burst","Cloak And Dagger","Cloak And Dagger"],"max_hp_per_floor":[70,70,70,70,65,65,65,65,65,65,65,65,65,65,65,65,65,65,65,65,65],"relics":["Ring of the Snake","Paper Crane","Bloody Idol","Juzu Bracelet","Lantern","Velvet Choker"],"card_choices":[{"not_picked":["PiercingWail","Outmaneuver"],"picked":"Flying Knee","floor":1},{"not_picked":["Setup","Reflex"],"picked":"Malaise","floor":2},{"not_picked":["Prepared","Slice"],"picked":"Infinite Blades","floor":3},{"not_picked":["Backstab","Dodge and Roll"],"picked":"Dagger Spray","floor":6},{"not_picked":["Dodge and Roll","Phantasmal Killer"],"picked":"Dagger Spray","floor":7},{"not_picked":["Night Terror","Storm of Steel"],"picked":"Burst","floor":16},{"not_picked":["Bane","Quick Slash"],"picked":"Cloak And Dagger","floor":18},{"not_picked":["Flying Knee+1","Dodge and Roll"],"picked":"Cloak And Dagger","floor":19}],"player_experience":388130,"potions_floor_usage":[16,16],"damage_taken":[{"damage":0,"enemies":"Jaw Worm","floor":1,"turns":5},{"damage":0,"enemies":"2 Louse","floor":2,"turns":3},{"damage":0,"enemies":"Cultist","floor":3,"turns":4},{"damage":26,"enemies":"3 Sentries","floor":6,"turns":11},{"damage":4,"enemies":"2 Fungi Beasts","floor":7,"turns":5},{"damage":7,"enemies":"Hexaghost","floor":16,"turns":13},{"damage":4,"enemies":"Chosen","floor":18,"turns":8},{"damage":3,"enemies":"3 Byrds","floor":19,"turns":6},{"damage":55,"enemies":"3 Cultists","floor":21,"turns":6}],"relics_obtained":[{"floor":6,"key":"Juzu Bracelet"},{"floor":9,"key":"Lantern"}],"event_choices":[{"event_name":"Golden Idol","player_choice":"Lose Max HP","floor":5,"damage_taken":0},{"event_name":"World of Goop","player_choice":"Gather Gold","floor":12,"damage_taken":0},{"event_name":"Living Wall","player_choice":"Change","floor":14,"damage_taken":0},{"event_name":"Forgotten Altar","player_choice":"Gave Idol","floor":20,"damage_taken":0}],"boss_relics":[{"not_picked":["Pandora\u0027s Box","Tiny House"],"picked":"Velvet Choker"}],"items_purged_floors":[],"potions_floor_spawned":[6,7,16],"seed_played":"6980665098871583891","killed_by":"3 Cultists","ascension_level":9,"potions_obtained":[{"floor":6,"key":"Strength Potion"},{"floor":7,"key":"Fire Potion"},{"floor":16,"key":"Regen Potion"}],"is_trial":false}