{"gold_per_floor":[113,188,188,201,217,217,230,230,230,230,249,249,281,293,293,397,397,409,409,409,428,440,440,466,466,466,466,127,127,127,145,145,241,241,254,254,273,318,288,288,299,299,299,318,335,335,367,367,367,367,367,367,8,42,42],"floor_reached":56,"playtime":3349,"items_purged":["Strike_G"],"score":1324,"play_id":"4eecf3e7-f888-4190-ae49-49485f6ea264","local_time":"20190101194423","is_ascension_mode":true,"campfire_choices":[{"data":"Dagger Spray","floor":6,"key":"SMITH"},{"data":"Poisoned Stab","floor":8,"key":"SMITH"},{"data":"Adrenaline","floor":10,"key":"SMITH"},{"data":"Deadly Poison","floor":15,"key":"SMITH"},{"data":"After Image","floor":23,"key":"SMITH"},{"data":"Terror","floor":25,"key":"SMITH"},{"data":"Backstab","floor":27,"key":"SMITH"},{"data":"Caltrops","floor":30,"key":"SMITH"},{"data":"Neutralize","floor":32,"key":"SMITH"},{"data":"Backflip","floor":40,"key":"SMITH"},{"data":"Concentrate","floor":42,"key":"SMITH"},{"data":"After Image","floor":46,"key":"SMITH"},{"floor":49,"key":"RECALL"},{"data":"Defend_G","floor":52,"key":"SMITH"}],"neow_cost":"NONE","seed_source_timestamp":82361847218187,"circlet_count":0,"master_deck":["Defend_G","Defend_G","Defend_G+1","Defend_G","Defend_G","Strike_G","Strike_G","Strike_G","Strike_G","Survivor","Neutralize+1","Adrenaline+1","Dagger Spray+1","Acrobatics","Backflip+1","Poisoned Stab+1","Adrenaline","Deadly Poison+1","After Image+1","RitualDagger","Backstab+1","PiercingWail","Terror+1","Caltrops+1","After Image+1","Madness","Madness","Noxious Fumes","Concentrate+1","Concentrate+1","Venomology","Good Instincts","Good Instincts","Escape Plan+1"],"relics":["Ring of the Snake","Unceasing Top","Gremlin Horn","The Specimen","Eternal Feather","Singing Bowl","Nunchaku","TwistedFunnel","Runic Dome","Mango","Calipers","Art of War","Mummified Hand"],"potions_floor_usage":[7,16,24,24,24,24,33,33,38,38,41,50,50,50,54,55,55],"damage_taken":[{"damage":0,"enemies":"2 Louse","floor":1,"turns":3},{"damage":0,"enemies":"Jaw Worm","floor":4,"turns":3},{"damage":1,"enemies":"Cultist","floor":5,"turns":3},{"damage":0,"enemies":"Exordium Thugs","floor":7,"turns":4},{"damage":0,"enemies":"Red Slaver","floor":11,"turns":4},{"damage":0,"enemies":"3 Sentries","floor":13,"turns":5},{"damage":0,"enemies":"Large Slime","floor":14,"turns":3},{"damage":16,"enemies":"Slime Boss","floor":16,"turns":12},{"damage":5,"enemies":"Chosen","floor":18,"turns":6},{"damage":5,"enemies":"2 Thieves","floor":21,"turns":4},{"damage":5,"enemies":"Centurion and Healer","floor":22,"turns":8},{"damage":19,"enemies":"Gremlin Leader","floor":24,"turns":6},{"damage":1,"enemies":"Chosen and Byrds","floor":31,"turns":4},{"damage":25,"enemies":"Automaton","floor":33,"turns":11},{"damage":9,"enemies":"Orb Walker","floor":35,"turns":2},{"damage":7,"enemies":"3 Shapes","floor":37,"turns":3},{"damage":24,"enemies":"2 Orb Walkers","floor":38,"turns":4},{"damage":13,"enemies":"Transient","floor":41,"turns":5},{"damage":4,"enemies":"Writhing Mass","floor":44,"turns":5},{"damage":17,"enemies":"Spire Growth","floor":45,"turns":3},{"damage":57,"enemies":"Nemesis","floor":47,"turns":7},{"damage":11,"enemies":"Donu and Deca","floor":50,"turns":9},{"damage":0,"enemies":"Shield and Spear","floor":54,"turns":6},{"damage":79,"enemies":"The Heart","floor":55,"turns":11}],"seed_played":"-7439741005946755574","potions_obtained":[{"floor":3,"key":"Explosive Potion"},{"floor":3,"key":"PowerPotion"},{"floor":3,"key":"SneckoOil"},{"floor":13,"key":"Energy Potion"},{"floor":14,"key":"EntropicBrew"},{"floor":22,"key":"Swift Potion"},{"floor":31,"key":"Dexterity Potion"},{"floor":35,"key":"GhostInAJar"},{"floor":37,"key":"Regen Potion"},{"floor":39,"key":"Ancient Potion"},{"floor":39,"key":"Weak Potion"},{"floor":47,"key":"Block Potion"}],"is_trial":false,"path_per_floor":["M","?","?","M","M","R","M","R","T","R","M","T","E","M","R","B",null,"M","?","?","M","M","R","E","R","T","R","$","?","R","M","R","B",null,"M","?","M","?","?","R","M","R","T","M","M","R","E","?","R","B",null,"R","$","E","B",null],"character_chosen":"THE_SILENT","items_purchased":["Caltrops","TwistedFunnel","Regen Potion","Strength Potion","Good Instincts","Art of War"],"campfire_rested":0,"item_purchase_floors":[28,28,53,53,53,53],"current_hp_per_floor":[70,59,59,59,58,58,58,58,58,58,58,58,58,58,58,42,70,65,65,59,54,49,61,42,57,57,70,70,70,70,71,72,47,72,65,56,51,53,53,68,55,70,70,66,51,69,12,12,30,19,92,92,92,92,28],"gold":42,"neow_bonus":"ONE_RANDOM_RARE_CARD","is_prod":false,"is_daily":false,"chose_seed":false,"campfire_upgraded":13,"win_rate":0,"timestamp":1546389863,"path_taken":["M","?","?","M","?","R","M","R","T","R","M","?","E","M","R","BOSS","M","?","?","M","M","R","E","R","T","R","$","?","R","?","R","BOSS","M","?","M","?","?","R","?","R","T","M","M","R","E","?","R","BOSS","R","$","E","BOSS"],"build_version":"2018-12-25","purchased_purges":1,"victory":true,"max_hp_per_floor":[70,70,70,70,70,70,70,70,70,70,70,70,70,70,70,70,70,70,70,70,70,70,70,70,70,70,70,70,70,70,72,72,72,72,74,74,76,90,90,90,90,90,90,90,92,92,92,92,92,92,92,92,92,92,92],"card_choices":[{"not_picked":["Acrobatics","Outmaneuver"],"picked":"Dagger Spray","floor":1},{"not_picked":["Dodge and Roll","Reflex"],"picked":"Acrobatics","floor":4},{"not_picked":["Acrobatics","Dagger Spray"],"picked":"Backflip","floor":5},{"not_picked":["Bane","Blade Dance"],"picked":"Poisoned Stab","floor":7},{"not_picked":["Flying Knee","Acrobatics"],"picked":"Adrenaline","floor":11},{"not_picked":["Choke","Setup","Dodge and Roll"],"picked":"SKIP","floor":13},{"not_picked":["Poisoned Stab","Accuracy"],"picked":"Deadly Poison","floor":14},{"not_picked":["Adrenaline","Grand Finale"],"picked":"After Image","floor":16},{"not_picked":["Masterful Stab+1","Acrobatics","Flechettes"],"picked":"SKIP","floor":18},{"not_picked":["Flechettes","Backflip"],"picked":"Backstab","floor":21},{"not_picked":["Blur","Backstab"],"picked":"PiercingWail","floor":22},{"not_picked":["Quick Slash","Bane+1"],"picked":"Terror","floor":24},{"not_picked":["Outmaneuver","Terror","Acrobatics"],"picked":"Singing Bowl","floor":31},{"not_picked":["Die Die Die","Glass Knife"],"picked":"After Image","floor":33},{"not_picked":["Poisoned Stab+1","Acrobatics","Backflip"],"picked":"Singing Bowl","floor":35},{"not_picked":["Slice+1","Bane+1","Poisoned Stab+1"],"picked":"Singing Bowl","floor":37},{"not_picked":["Slice","Blade Dance"],"picked":"Noxious Fumes","floor":38},{"not_picked":["Flying Knee","Heel Hook"],"picked":"Concentrate","floor":41},{"not_picked":["Finisher","Flying Knee+1"],"picked":"Concentrate+1","floor":44},{"not_picked":["Poisoned Stab","Choke+1","Dagger Throw"],"picked":"Singing Bowl","floor":45},{"not_picked":["PiercingWail","Outmaneuver"],"picked":"Venomology","floor":47},{"not_picked":["Mind Blast","Magnetism"],"picked":"Good Instincts","floor":48},{"not_picked":["Quick Slash+1","Flying Knee+1"],"picked":"Escape Plan+1","floor":54}],"player_experience":1131044,"relics_obtained":[{"floor":9,"key":"Unceasing Top"},{"floor":12,"key":"Gremlin Horn"},{"floor":13,"key":"The Specimen"},{"floor":24,"key":"Singing Bowl"},{"floor":26,"key":"Nunchaku"},{"floor":38,"key":"Mango"},{"floor":47,"key":"Calipers"},{"floor":54,"key":"Mummified Hand"}],"event_choices":[{"damage_healed":0,"gold_gain":75,"player_choice":"Gather Gold","damage_taken":11,"max_hp_gain":0,"max_hp_loss":0,"event_name":"World of Goop","floor":2,"gold_loss":0},{"damage_healed":0,"gold_gain":0,"player_choice":"Got Potions","damage_taken":0,"max_hp_gain":0,"max_hp_loss":0,"event_name":"Lab","floor":3,"gold_loss":0},{"damage_healed":0,"gold_gain":0,"player_choice":"Smashed Altar","damage_taken":0,"max_hp_gain":0,"max_hp_loss":0,"event_name":"Forgotten Altar","floor":19,"gold_loss":0,"cards_obtained":["Decay"]},{"damage_healed":0,"gold_gain":0,"player_choice":"Joined the Cult","damage_taken":6,"max_hp_gain":0,"max_hp_loss":0,"event_name":"Nest","floor":20,"gold_loss":0,"cards_obtained":["RitualDagger"]},{"cards_removed":["Decay"],"damage_healed":0,"gold_gain":0,"player_choice":"Removed Curses","damage_taken":0,"max_hp_gain":0,"max_hp_loss":0,"event_name":"Fountain of Cleansing","floor":29,"gold_loss":0},{"damage_healed":0,"gold_gain":0,"player_choice":"Embrace Madness","damage_taken":9,"max_hp_gain":0,"max_hp_loss":0,"event_name":"Winding Halls","floor":36,"gold_loss":0,"cards_obtained":["Madness","Madness"]},{"damage_healed":0,"gold_gain":0,"player_choice":"Fight","damage_taken":0,"max_hp_gain":0,"max_hp_loss":0,"event_name":"Mysterious Sphere","floor":38,"gold_loss":0},{"damage_healed":0,"gold_gain":0,"player_choice":"Bought 2 Potions","damage_taken":0,"max_hp_gain":0,"max_hp_loss":0,"event_name":"The Woman in Blue","floor":39,"gold_loss":0},{"damage_healed":0,"gold_gain":0,"player_choice":"Memory 1","damage_taken":0,"max_hp_gain":0,"max_hp_loss":0,"event_name":"SensoryStone","floor":48,"gold_loss":0}],"is_beta":true,"boss_relics":[{"not_picked":["Tiny House","Calling Bell"],"picked":"Eternal Feather"},{"not_picked":["Black Star","Runic Pyramid"],"picked":"Runic Dome"}],"items_purged_floors":[28],"is_endless":false,"potions_floor_spawned":[13,14,22,31,35,37,47],"ascension_level":1}