{"gold_per_floor":[110,110,130,130,110,110,110,110,110,110,149,172,18,43,43,167,167,185,185,24,43,43,43,59,59,59,59,98,98,117,151,151,151],"floor_reached":33,"playtime":1181,"items_purged":["Strike_B"],"score":306,"play_id":"9d7c1bc7-8230-4194-a113-d5e6442f8e8a","local_time":"20181230192729","is_ascension_mode":false,"campfire_choices":[{"data":"Zap","floor":6,"key":"SMITH"},{"data":"Undo","floor":10,"key":"SMITH"},{"data":"Echo Form","floor":15,"key":"SMITH"},{"data":"Ghostly","floor":23,"key":"SMITH"},{"data":"Ghostly","floor":27,"key":"SMITH"},{"floor":29,"key":"REST"},{"floor":32,"key":"REST"}],"neow_cost":"NONE","seed_source_timestamp":16102451242723,"circlet_count":0,"master_deck":["Strike_B","Defend_B","Defend_B","Defend_B","Defend_B","Zap+1","Dualcast","Defragment+1","Undo+1","Echo Form+1","Go for the Eyes","Recycle","Core Surge","Sweeping Beam+1","Capacitor","Loop","Gash","Storm+1","Ghostly+1","Ghostly+1","Ghostly","Ghostly","Ghostly","Tempest+1","Shame","Self Repair"],"relics":["Cracked Core","Juzu Bracelet","Golden Idol","PreservedInsect","Vajra","Ancient Tea Set","Empty Cage","Mercury Hourglass","Singing Bowl","Matryoshka","Turnip"],"potions_floor_usage":[11,16,16,24,31,33],"damage_taken":[{"damage":0,"enemies":"Cultist","floor":1,"turns":3},{"damage":2,"enemies":"2 Louse","floor":3,"turns":2},{"damage":11,"enemies":"Gremlin Nob","floor":11,"turns":3},{"damage":6,"enemies":"Jaw Worm","floor":12,"turns":3},{"damage":5,"enemies":"Exordium Thugs","floor":14,"turns":4},{"damage":49,"enemies":"Slime Boss","floor":16,"turns":15},{"damage":14,"enemies":"Spheric Guardian","floor":18,"turns":5},{"damage":21,"enemies":"3 Byrds","floor":21,"turns":5},{"damage":9,"enemies":"Shelled Parasite and Fungi","floor":24,"turns":6},{"damage":29,"enemies":"Slavers","floor":28,"turns":5},{"damage":2,"enemies":"3 Cultists","floor":30,"turns":5},{"damage":12,"enemies":"Book of Stabbing","floor":31,"turns":5},{"damage":38,"enemies":"Collector","floor":33,"turns":9}],"seed_played":"-8667484066778674027","potions_obtained":[{"floor":1,"key":"SkillPotion"},{"floor":5,"key":"AttackPotion"},{"floor":11,"key":"Weak Potion"},{"floor":18,"key":"Dexterity Potion"},{"floor":21,"key":"Block Potion"},{"floor":28,"key":"LiquidBronze"},{"floor":30,"key":"FairyPotion"},{"floor":31,"key":"SteroidPotion"}],"is_trial":false,"path_per_floor":["M","?","M","?","?","R","?","?","T","R","E","M","$","M","R","B",null,"M","?","$","M","?","R","M","?","T","R","E","R","M","E","R","B"],"character_chosen":"DEFECT","items_purchased":["Ancient Tea Set","Loop","Gash"],"campfire_rested":2,"item_purchase_floors":[13,20,20],"current_hp_per_floor":[75,75,73,70,70,70,69,79,79,79,68,62,62,57,57,8,79,65,65,65,44,39,39,30,30,30,30,3,15,15,3,15,0],"gold":151,"neow_bonus":"ONE_RANDOM_RARE_CARD","is_prod":false,"is_daily":false,"chose_seed":false,"campfire_upgraded":5,"win_rate":0,"timestamp":1546216049,"path_taken":["M","?","M","?","?","R","?","?","T","R","E","M","?","M","R","BOSS","M","?","$","M","?","R","M","?","T","R","E","R","M","E","R","BOSS"],"build_version":"2018-12-25","purchased_purges":1,"victory":false,"max_hp_per_floor":[75,75,75,75,75,75,69,79,79,79,79,79,79,79,79,79,79,79,79,79,79,39,39,39,39,39,39,41,41,43,43,43,43],"card_choices":[{"not_picked":["Conserve Battery","Recycle"],"picked":"Defragment","floor":1},{"not_picked":["Coolheaded","Streamline"],"picked":"Undo","floor":3},{"not_picked":["Self Repair","Redo"],"picked":"Echo Form","floor":11},{"not_picked":["Turbo","Consume"],"picked":"Go for the Eyes","floor":12},{"not_picked":["Steam","Blizzard"],"picked":"Recycle","floor":14},{"not_picked":["Hyperbeam","Thunder Strike"],"picked":"Core Surge","floor":16},{"not_picked":["Gash+1","Doom and Gloom"],"picked":"Sweeping Beam+1","floor":18},{"not_picked":["Stack","Turbo"],"picked":"Storm+1","floor":21},{"not_picked":["Skim+1","Heatsinks"],"picked":"Tempest+1","floor":24},{"not_picked":["Undo","Go for the Eyes","Sweeping Beam+1"],"picked":"Singing Bowl","floor":28},{"not_picked":["Scrape","Sweeping Beam","Barrage"],"picked":"Singing Bowl","floor":30},{"not_picked":["Compile Driver+1","Darkness+1"],"picked":"Self Repair","floor":31}],"player_experience":1090988,"relics_obtained":[{"floor":9,"key":"PreservedInsect"},{"floor":11,"key":"Vajra"},{"floor":26,"key":"Singing Bowl"},{"floor":28,"key":"Matryoshka"},{"floor":31,"key":"Turnip"}],"event_choices":[{"damage_healed":0,"gold_gain":0,"player_choice":"Grow","damage_taken":0,"max_hp_gain":0,"max_hp_loss":0,"event_name":"Living Wall","floor":2,"gold_loss":0,"cards_upgraded":["Defragment"]},{"damage_healed":0,"gold_gain":0,"player_choice":"Success","damage_taken":3,"relics_obtained":["Juzu Bracelet"],"max_hp_gain":0,"max_hp_loss":0,"event_name":"Scrap Ooze","floor":4,"gold_loss":0},{"damage_healed":0,"gold_gain":0,"player_choice":"Bought 1 Potion","damage_taken":0,"max_hp_gain":0,"max_hp_loss":0,"event_name":"The Woman in Blue","floor":5,"gold_loss":0},{"damage_healed":0,"gold_gain":0,"player_choice":"Lose Max HP","damage_taken":0,"relics_obtained":["Golden Idol"],"max_hp_gain":0,"max_hp_loss":6,"event_name":"Golden Idol","floor":7,"gold_loss":0},{"cards_removed":["Multi-Cast"],"damage_healed":0,"gold_gain":0,"player_choice":"Offered Rare","damage_taken":0,"max_hp_gain":10,"max_hp_loss":0,"event_name":"Bonfire Elementals","floor":8,"gold_loss":0},{"damage_healed":0,"gold_gain":0,"player_choice":"Read","damage_taken":0,"max_hp_gain":0,"max_hp_loss":0,"event_name":"The Library","floor":19,"gold_loss":0,"cards_obtained":["Capacitor"]},{"damage_healed":0,"gold_gain":0,"player_choice":"Became a Ghost","damage_taken":0,"max_hp_gain":0,"max_hp_loss":40,"event_name":"Ghosts","floor":22,"gold_loss":0,"cards_obtained":["Ghostly","Ghostly","Ghostly","Ghostly","Ghostly"]},{"damage_healed":0,"gold_gain":0,"player_choice":"Stole Relic","damage_taken":0,"relics_obtained":["Mercury Hourglass"],"max_hp_gain":0,"max_hp_loss":0,"event_name":"Addict","floor":25,"gold_loss":0,"cards_obtained":["Shame"]}],"is_beta":true,"boss_relics":[{"not_picked":["Coffee Dripper","Pandora\u0027s Box"],"picked":"Empty Cage"}],"items_purged_floors":[20],"is_endless":false,"potions_floor_spawned":[1,11,18,21,28,30,31],"killed_by":"Collector","ascension_level":0}