{"path_per_floor":["M","M","?","M","?","E","M","M","T","R","E","?","$","M","R","B",null,"M","?","M","?","$","R","M","R","T","M","?"],"character_chosen":"THE_SILENT","items_purchased":["Panache","Well Laid Plans"],"gold_per_floor":[111,126,126,144,144,175,194,217,217,217,261,261,78,91,91,210,210,231,231,246,246,137,137,152,152,152,176,176],"floor_reached":29,"campfire_rested":2,"playtime":2658,"current_hp_per_floor":[70,66,66,66,66,42,37,35,35,56,29,29,29,29,50,21,70,55,55,55,70,70,70,55,55,55,9,9],"items_purged":["Normality"],"gold":176,"score":234,"play_id":"73f89866-e7e5-41c7-95a5-d2674a58097a","is_prod":false,"is_daily":false,"is_ascension_mode":false,"campfire_upgraded":2,"path_taken":["M","M","?","M","?","E","?","M","T","R","E","?","$","M","R","BOSS","M","?","M","?","?","R","M","R","T","M","?","M"],"build_version":"2018-02-15-PROD1","purchased_purges":1,"victory":false,"master_deck":["Defend_G","Defend_G+1","Defend_G","Defend_G","Defend_G+1","Strike_G","Strike_G","Strike_G","Strike_G","Strike_G","Survivor","Neutralize+1","Flying Knee","Blade Dance","Terror","Accuracy","Tools of the Trade","Footwork","Infinite Blades","Cloak And Dagger+1","Panache","Deadly Poison","Night Terror","Parasite","Writhe","Infinite Blades+1","PiercingWail","Well Laid Plans+1","Backflip","Poisoned Stab"],"max_hp_per_floor":[70,70,70,70,70,70,70,70,70,70,70,70,70,70,70,70,70,70,70,70,70,70,70,70,70,70,70,70],"relics":["Ring of the Snake","Golden Idol","Bronze Scales","Letter Opener","War Paint","Spirit Poop","Calling Bell","Mummified Hand","Singing Bowl","Anchor","Bag of Preparation","Ginger"],"card_choices":[{"not_picked":["Backflip","Quick Slash"],"picked":"Flying Knee"},{"not_picked":["Dagger Throw","Dash"],"picked":"Blade Dance"},{"not_picked":["Expertise","Slice"],"picked":"Terror"},{"not_picked":["Prepared","Poisoned Stab"],"picked":"Accuracy"},{"not_picked":["Outmaneuver","Malaise"],"picked":"Tools of the Trade"},{"not_picked":["Flying Knee","Malaise"],"picked":"Footwork"},{"not_picked":["Outmaneuver","Quick Slash"],"picked":"Infinite Blades"},{"not_picked":["Acrobatics","PiercingWail"],"picked":"Cloak And Dagger"},{"not_picked":["Bane","Escape Plan"],"picked":"Deadly Poison"},{"not_picked":["Tactician","Storm of Steel"],"picked":"Night Terror"},{"not_picked":["Outmaneuver","Acrobatics"],"picked":"Infinite Blades"},{"not_picked":["Bane","Well Laid Plans"],"picked":"PiercingWail"},{"not_picked":["Underhanded Strike","PiercingWail"],"picked":"Backflip"},{"not_picked":["Deflect","Slice"],"picked":"Poisoned Stab"}],"player_experience":130635,"potions_floor_usage":[6,16,27,27,29],"damage_taken":[{"damage":0,"enemies":"Small Slimes","floor":1,"turns":3},{"damage":4,"enemies":"Jaw Worm","floor":2,"turns":4},{"damage":0,"enemies":"2 Louse","floor":4,"turns":4},{"damage":39,"enemies":"3 Sentries","floor":6,"turns":12},{"damage":5,"enemies":"Blue Slaver","floor":7,"turns":5},{"damage":2,"enemies":"2 Fungi Beasts","floor":8,"turns":5},{"damage":27,"enemies":"Gremlin Nob","floor":11,"turns":4},{"damage":0,"enemies":"Looter","floor":14,"turns":4},{"damage":29,"enemies":"Hexaghost","floor":16,"turns":8},{"damage":15,"enemies":"Shell Parasite","floor":18,"turns":7},{"damage":0,"enemies":"3 Byrds","floor":20,"turns":4},{"damage":15,"enemies":"Snake Plant","floor":24,"turns":3},{"damage":46,"enemies":"Chosen and Byrds","floor":27,"turns":5},{"damage":18,"enemies":"Centurion and Healer","floor":29,"turns":4}],"event_choices":[{"event_name":"Living Wall","player_choice":"Grow","floor":3,"damage_taken":0},{"event_name":"Golden Idol","player_choice":"Take Wound","floor":5,"damage_taken":0},{"event_name":"Bonfire Elementals","player_choice":"CURSE","floor":12,"damage_taken":0},{"event_name":"The Mausoleum","player_choice":"Yes","floor":19,"damage_taken":0},{"event_name":"The Library","player_choice":"Heal","floor":21,"damage_taken":0},{"event_name":"Drug Dealer","player_choice":"Ignored","floor":28,"damage_taken":0}],"boss_relics":[{"not_picked":["Runic Dome","Runic Pyramid"],"picked":"Calling Bell"}],"potions_floor_spawned":[2,6,7,11,20],"seed_played":"-5480133031733242304","killed_by":"Centurion and Healer","ascension_level":0,"is_trial":false}