{"path_per_floor":["M","M","?","$","?","R","M","M","T","M","$","M","M","M","R","B",null,"M","?","M","$","?"],"character_chosen":"IRONCLAD","items_purchased":["Orichalcum","Trip","Offering"],"gold_per_floor":[359,377,377,159,159,159,178,197,222,237,46,70,84,98,98,226,226,246,246,231,31,31],"floor_reached":23,"campfire_rested":1,"playtime":899,"current_hp_per_floor":[80,73,73,73,73,73,65,65,65,50,50,48,48,54,74,74,74,33,33,21,21,21],"items_purged":["Pain","Defend_R","Strike_R"],"gold":31,"score":235,"play_id":"c10eb0a3-b26b-4893-9185-3e87031a2e69","local_time":"20180303001902","is_prod":false,"is_daily":false,"is_ascension_mode":false,"campfire_upgraded":1,"timestamp":1520054342,"path_taken":["M","M","?","$","?","R","M","M","T","M","?","M","M","?","R","BOSS","M","?","?","$","?","E"],"build_version":"2018-03-01-PROD1","purchased_purges":3,"victory":false,"master_deck":["Strike_R","Strike_R","Strike_R","Defend_R","Defend_R","Defend_R","Bash","Flex+1","Shrug It Off","Bash","Seeing Red","Good Instincts","Cleave","Searing Blow","Pommel Strike","Trip","Headbutt","Headbutt","Dropkick","Headbutt+1","Offering"],"max_hp_per_floor":[80,80,74,74,74,74,74,74,74,74,74,74,74,74,74,74,74,74,74,74,74,74],"relics":["Burning Blood","Golden Idol","Orichalcum","Black Star","Nloth\u0027s Gift"],"card_choices":[{"not_picked":["Wild Strike","Anger"],"picked":"Flex"},{"not_picked":["Sword Boomerang","Combust"],"picked":"Shrug It Off"},{"not_picked":["Warcry","Brutality"],"picked":"Cleave"},{"not_picked":["Shrug It Off","Reckless Charge"],"picked":"Searing Blow"},{"not_picked":["Warcry","Twin Strike"],"picked":"Pommel Strike"},{"not_picked":["Clothesline","Body Slam"],"picked":"Headbutt"},{"not_picked":["Twin Strike","Intimidate"],"picked":"Headbutt"},{"not_picked":["True Grit","Reckless Charge"],"picked":"Dropkick"},{"not_picked":["Sword Boomerang","Iron Wave"],"picked":"Headbutt"}],"player_experience":339691,"potions_floor_usage":[10,16,16],"damage_taken":[{"damage":5,"enemies":"2 Louse","floor":1,"turns":3},{"damage":13,"enemies":"Small Slimes","floor":2,"turns":4},{"damage":14,"enemies":"Jaw Worm","floor":7,"turns":5},{"damage":6,"enemies":"Exordium Wildlife","floor":8,"turns":5},{"damage":21,"enemies":"Gremlin Gang","floor":10,"turns":4},{"damage":8,"enemies":"Lots of Slimes","floor":12,"turns":2},{"damage":6,"enemies":"Blue Slaver","floor":13,"turns":2},{"damage":0,"enemies":"2 Fungi Beasts","floor":14,"turns":2},{"damage":0,"enemies":"Slime Boss","floor":16,"turns":6},{"damage":47,"enemies":"3 Byrds","floor":18,"turns":8},{"damage":18,"enemies":"2 Thieves","floor":20,"turns":4},{"damage":25,"enemies":"Gremlin Leader","floor":23,"turns":3}],"event_choices":[{"event_name":"Golden Idol","player_choice":"Lose Max HP","floor":3,"damage_taken":0},{"event_name":"Match and Keep!","player_choice":"3 cards matched","floor":5,"damage_taken":0},{"event_name":"N\u0027loth","player_choice":"Traded a Omamori","floor":19,"damage_taken":0},{"event_name":"Back to Basics","player_choice":"Elegance","floor":22,"damage_taken":0}],"boss_relics":[{"not_picked":["Question Card","Tiny House"],"picked":"Black Star"}],"potions_floor_spawned":[2,8,14],"seed_played":"-529177156802182748","killed_by":"Gremlin Leader","ascension_level":0,"is_trial":false}