{"path_per_floor":["M","M","?","M","?","R","M","$","T","$","?","M","E","$","R","B",null,"M","?","M","?","?","R","M","M","T","E","?","R","$","M","R"],"character_chosen":"THE_SILENT","items_purchased":["PiercingWail","Poisoned Stab"],"gold_per_floor":[17,34,34,50,50,50,61,35,59,59,59,77,112,10,10,110,110,126,126,136,136,136,136,151,161,188,216,216,216,116,126,126],"floor_reached":33,"campfire_rested":3,"playtime":1431,"current_hp_per_floor":[67,63,68,61,54,54,47,47,47,47,47,49,14,14,36,11,75,36,75,48,32,57,57,63,33,33,10,10,32,32,15,37],"items_purged":["Defend_G","Prepared"],"gold":126,"score":305,"play_id":"42ec5ebe-e826-4731-ba9e-20a366aa331b","local_time":"20180305225533","is_prod":false,"is_daily":false,"is_ascension_mode":true,"campfire_upgraded":2,"timestamp":1520308533,"path_taken":["M","M","?","M","?","R","M","?","T","$","?","M","E","$","R","BOSS","M","?","M","?","?","R","M","M","T","E","?","R","$","M","R","BOSS"],"build_version":"2018-03-01-PROD1","purchased_purges":2,"victory":false,"master_deck":["Survivor","Neutralize","Unload","Blur","Noxious Fumes+1","All Out Attack","Blur+1","PiercingWail","Poisoned Stab","Venomology","Riddle With Holes","Outmaneuver","Backstab","Bouncing Flask","Dodge and Roll","Terror","Backflip","Noxious Fumes+1","Necronomicurse","Blur+1","Catalyst+1"],"max_hp_per_floor":[70,70,75,75,75,75,75,75,75,75,75,75,75,75,75,75,75,75,75,75,75,75,75,75,75,75,75,75,75,75,75,75],"relics":["Ring of the Snake","Happy Flower","Sundial","Pandora\u0027s Box","Necronomicon","Pen Nib","Shovel"],"card_choices":[{"not_picked":["Bullet Time","Envenom"],"picked":"Unload"},{"not_picked":["Concentrate","Prepared"],"picked":"Blur"},{"not_picked":["Blur","Prepared"],"picked":"Noxious Fumes"},{"not_picked":["Dodge and Roll","Outmaneuver"],"picked":"All Out Attack"},{"not_picked":["Blade Dance","Backflip"],"picked":"Blur"},{"not_picked":["Acrobatics","Outmaneuver"],"picked":"Bouncing Flask"},{"not_picked":["Phantasmal Killer","Tools of the Trade"],"picked":"Venomology"},{"not_picked":["Reflex","Underhanded Strike"],"picked":"Backflip"},{"not_picked":["Accuracy","Acrobatics"],"picked":"Noxious Fumes"},{"not_picked":["Slice","Underhanded Strike"],"picked":"Blur"},{"not_picked":["Outmaneuver","Prepared"],"picked":"Catalyst"}],"player_experience":421959,"potions_floor_usage":[12,13,16,24,24,24,25,27,31,31,33,33,33],"damage_taken":[{"damage":3,"enemies":"Small Slimes","floor":1,"turns":3},{"damage":4,"enemies":"2 Louse","floor":2,"turns":3},{"damage":7,"enemies":"Cultist","floor":4,"turns":4},{"damage":7,"enemies":"3 Louse","floor":7,"turns":3},{"damage":7,"enemies":"Blue Slaver","floor":12,"turns":4},{"damage":35,"enemies":"Gremlin Nob","floor":13,"turns":5},{"damage":25,"enemies":"The Guardian","floor":16,"turns":8},{"damage":39,"enemies":"2 Thieves","floor":18,"turns":4},{"damage":27,"enemies":"3 Byrds","floor":20,"turns":4},{"damage":9,"enemies":"3 Cultists","floor":24,"turns":5},{"damage":30,"enemies":"Centurion and Healer","floor":25,"turns":5},{"damage":23,"enemies":"Gremlin Leader","floor":27,"turns":6},{"damage":17,"enemies":"Cultist and Chosen","floor":31,"turns":5},{"damage":37,"enemies":"Collector","floor":33,"turns":3}],"event_choices":[{"event_name":"Big Fish","player_choice":"Donut","floor":3,"damage_taken":0},{"event_name":"Wheel of Change","player_choice":"Damage","floor":5,"damage_taken":0},{"event_name":"Living Wall","player_choice":"Forget","floor":11,"damage_taken":0},{"event_name":"Bonfire Elementals","player_choice":"UNCOMMON","floor":19,"damage_taken":0},{"event_name":"Cursed Tome","player_choice":"Obtained Book","floor":21,"damage_taken":0},{"event_name":"The Library","player_choice":"Heal","floor":22,"damage_taken":0},{"event_name":"Back to Basics","player_choice":"Elegance","floor":28,"damage_taken":0}],"boss_relics":[{"not_picked":["Sozu","Ectoplasm"],"picked":"Pandora\u0027s Box"}],"potions_floor_spawned":[1,4,13,24,25,27,31],"seed_played":"9085805004961383750","killed_by":"Collector","ascension_level":3,"is_trial":false}