{"gold_per_floor":[116,41,41,57,77,105,115,147,171,171,205,219,219,219,219,319,319,293,304,55,69,85,85,112,130,130,130,147,147,62,75,75,175,175,195,195,195,5,22,49,49,69,69,100,112,124,124,155,155,155],"floor_reached":51,"playtime":2531,"items_purged":["Strike_R","Sentinel"],"score":1102,"play_id":"eb395ecf-e0ca-4cd4-aba9-627baa53bcb0","local_time":"20190129133937","is_ascension_mode":true,"campfire_choices":[{"data":"Metallicize","floor":13,"key":"SMITH"},{"floor":15,"key":"REST"},{"data":"Metallicize","floor":23,"key":"SMITH"},{"floor":27,"key":"REST"},{"floor":29,"key":"REST"},{"data":"Seeing Red","floor":32,"key":"SMITH"},{"floor":41,"key":"REST"},{"data":"Apotheosis","floor":49,"key":"SMITH"}],"neow_cost":"NONE","seed_source_timestamp":1477015360547,"circlet_count":0,"master_deck":["Bash","Bludgeon","Shrug It Off","Metallicize+1","Flame Barrier","Clothesline","Offering","Bludgeon","Disarm","Body Slam","Blood for Blood","Flame Barrier","Metallicize+1","Havoc","Spot Weakness","Warcry+1","Seeing Red+1","Anger+1","Battle Trance+1","Impervious","Pommel Strike+1","Apotheosis+1","Whirlwind+1"],"relics":["Burning Blood","Omamori","Happy Flower","PreservedInsect","Boot","Pandora\u0027s Box","Potion Belt","Blood Vial","Meat on the Bone","Letter Opener","Busted Crown","Vajra","Gremlin Horn","Molten Egg 2","Du-Vu Doll"],"potions_floor_usage":[8,21,21,24,33,45,45,45,50,50,50,50,50,50,50,50],"damage_taken":[{"damage":4,"enemies":"Jaw Worm","floor":1,"turns":4},{"damage":10,"enemies":"Cultist","floor":4,"turns":5},{"damage":0,"enemies":"2 Louse","floor":5,"turns":3},{"damage":23,"enemies":"Gremlin Nob","floor":6,"turns":4},{"damage":6,"enemies":"Exordium Wildlife","floor":7,"turns":4},{"damage":17,"enemies":"3 Sentries","floor":8,"turns":7},{"damage":8,"enemies":"Gremlin Nob","floor":11,"turns":3},{"damage":12,"enemies":"Large Slime","floor":12,"turns":7},{"damage":24,"enemies":"Hexaghost","floor":16,"turns":11},{"damage":23,"enemies":"2 Thieves","floor":18,"turns":5},{"damage":6,"enemies":"Spheric Guardian","floor":19,"turns":4},{"damage":16,"enemies":"3 Cultists","floor":21,"turns":5},{"damage":3,"enemies":"Snecko","floor":22,"turns":3},{"damage":47,"enemies":"Gremlin Leader","floor":24,"turns":7},{"damage":11,"enemies":"Chosen and Byrds","floor":25,"turns":9},{"damage":11,"enemies":"Snake Plant","floor":28,"turns":5},{"damage":7,"enemies":"Snecko","floor":31,"turns":5},{"damage":70,"enemies":"Automaton","floor":33,"turns":10},{"damage":0,"enemies":"Orb Walker","floor":35,"turns":3},{"damage":0,"enemies":"3 Shapes","floor":39,"turns":3},{"damage":47,"enemies":"Reptomancer","floor":40,"turns":4},{"damage":8,"enemies":"Sphere and 2 Shapes","floor":42,"turns":5},{"damage":6,"enemies":"Giant Head","floor":44,"turns":4},{"damage":10,"enemies":"Spire Growth","floor":45,"turns":5},{"damage":6,"enemies":"Maw","floor":46,"turns":5},{"damage":6,"enemies":"Reptomancer","floor":48,"turns":4},{"damage":42,"enemies":"Donu and Deca","floor":50,"turns":6}],"seed_played":"5675980732206942528","potions_obtained":[{"floor":4,"key":"SteroidPotion"},{"floor":6,"key":"BloodPotion"},{"floor":8,"key":"Regen Potion"},{"floor":18,"key":"Explosive Potion"},{"floor":24,"key":"BloodPotion"},{"floor":25,"key":"FearPotion"},{"floor":33,"key":"Swift Potion"},{"floor":40,"key":"Dexterity Potion"},{"floor":42,"key":"SpeedPotion"},{"floor":44,"key":"EntropicBrew"},{"floor":48,"key":"FearPotion"}],"is_trial":false,"path_per_floor":["M","$","?","M","M","E","M","E","T","?","E","M","R","?","R","B",null,"M","M","$","M","M","R","E","M","T","R","M","R","?","M","R","B",null,"M","?","?","$","M","E","R","M","T","E","M","M","?","E","R","B",null],"character_chosen":"IRONCLAD","items_purchased":["Potion Belt","Apotheosis"],"campfire_rested":4,"item_purchase_floors":[20,38],"current_hp_per_floor":[74,74,74,70,76,59,59,48,48,53,51,45,45,28,53,35,73,56,56,56,60,63,63,30,27,27,52,49,74,74,75,75,33,72,80,80,80,80,81,52,76,76,76,78,76,78,78,80,80,53],"gold":155,"neow_bonus":"ONE_RANDOM_RARE_CARD","is_prod":false,"is_daily":false,"chose_seed":false,"campfire_upgraded":4,"win_rate":0,"timestamp":1548787177,"path_taken":["M","$","?","M","M","E","?","E","T","?","E","M","R","?","R","BOSS","M","M","$","M","M","R","E","M","T","R","M","R","?","M","R","BOSS","M","?","?","$","M","E","R","M","T","E","M","M","?","E","R","BOSS"],"build_version":"2019-01-23","purchased_purges":2,"victory":true,"max_hp_per_floor":[80,80,80,80,80,80,80,80,80,85,85,85,85,85,85,85,85,85,85,85,85,85,85,85,85,85,85,85,85,85,85,85,85,85,85,81,81,81,81,81,81,81,81,81,81,81,81,81,81,81],"card_choices":[{"not_picked":["Anger","Thunderclap"],"picked":"Shrug It Off","floor":1},{"not_picked":["True Grit","Body Slam"],"picked":"Metallicize","floor":4},{"not_picked":["Power Through","Thunderclap","Perfected Strike"],"picked":"SKIP","floor":5},{"not_picked":["Power Through","Thunderclap","Perfected Strike"],"picked":"SKIP","floor":5},{"not_picked":["Flex","Body Slam"],"picked":"Flame Barrier","floor":6},{"not_picked":["Thunderclap","Headbutt","Ghostly Armor"],"picked":"SKIP","floor":7},{"not_picked":["Body Slam","Entrench","Dual Wield"],"picked":"SKIP","floor":8},{"not_picked":["Dual Wield","Limit Break","Armaments"],"picked":"SKIP","floor":11},{"not_picked":["Pommel Strike","Rage"],"picked":"Clothesline","floor":12},{"not_picked":["Fiend Fire","Limit Break"],"picked":"Offering","floor":16},{"not_picked":["Power Through+1","Ghostly Armor"],"picked":"Havoc","floor":18},{"not_picked":["Pommel Strike","Cleave"],"picked":"Spot Weakness","floor":19},{"not_picked":["Heavy Blade+1","Shrug It Off"],"picked":"Warcry+1","floor":21},{"not_picked":["Exhume","Twin Strike","Clash"],"picked":"SKIP","floor":22},{"not_picked":["Fire Breathing","Body Slam"],"picked":"Seeing Red","floor":24},{"not_picked":["Havoc","Ghostly Armor"],"picked":"Anger+1","floor":25},{"not_picked":["Uppercut","Anger","Headbutt"],"picked":"SKIP","floor":28},{"not_picked":["Seeing Red","Iron Wave"],"picked":"Battle Trance+1","floor":31},{"not_picked":["Offering","Bludgeon"],"picked":"Impervious","floor":33},{"not_picked":[],"picked":"Pommel Strike+1","floor":35},{"not_picked":["Anger+1"],"picked":"SKIP","floor":39},{"not_picked":["Clothesline"],"picked":"SKIP","floor":40},{"not_picked":["Clothesline"],"picked":"SKIP","floor":42},{"not_picked":["Wild Strike+1"],"picked":"SKIP","floor":44},{"not_picked":["Uppercut+1"],"picked":"SKIP","floor":45},{"not_picked":["Perfected Strike+1"],"picked":"SKIP","floor":46},{"not_picked":[],"picked":"Whirlwind+1","floor":48}],"player_experience":162321,"relics_obtained":[{"floor":6,"key":"Omamori"},{"floor":8,"key":"Happy Flower"},{"floor":9,"key":"PreservedInsect"},{"floor":11,"key":"Boot"},{"floor":24,"key":"Blood Vial"},{"floor":26,"key":"Meat on the Bone"},{"floor":40,"key":"Vajra"},{"floor":43,"key":"Gremlin Horn"},{"floor":44,"key":"Molten Egg 2"},{"floor":48,"key":"Du-Vu Doll"}],"event_choices":[{"damage_healed":0,"gold_gain":0,"player_choice":"Ignored","damage_taken":0,"max_hp_gain":0,"max_hp_loss":0,"event_name":"WeMeetAgain","floor":3,"gold_loss":0},{"damage_healed":0,"gold_gain":0,"player_choice":"Donut","damage_taken":0,"max_hp_gain":5,"max_hp_loss":0,"event_name":"Big Fish","floor":10,"gold_loss":0},{"damage_healed":0,"gold_gain":0,"player_choice":"Entered Light","damage_taken":17,"max_hp_gain":0,"max_hp_loss":0,"event_name":"Shining Light","floor":14,"gold_loss":0,"cards_upgraded":["Defend_R","Strike_R"]},{"damage_healed":0,"gold_gain":0,"player_choice":"Obtained Relic","damage_taken":0,"relics_obtained":["Letter Opener"],"max_hp_gain":0,"max_hp_loss":0,"event_name":"Addict","floor":30,"gold_loss":85},{"damage_healed":0,"gold_gain":0,"player_choice":"Max HP","damage_taken":0,"max_hp_gain":0,"max_hp_loss":4,"event_name":"Winding Halls","floor":36,"gold_loss":0},{"cards_removed":["Rage"],"damage_healed":0,"gold_gain":0,"player_choice":"Removed Skill","damage_taken":0,"max_hp_gain":0,"max_hp_loss":0,"event_name":"Falling","floor":37,"gold_loss":0},{"damage_healed":0,"gold_gain":0,"player_choice":"Memory 1","damage_taken":0,"max_hp_gain":0,"max_hp_loss":0,"event_name":"SensoryStone","floor":47,"gold_loss":0}],"is_beta":false,"boss_relics":[{"not_picked":["Black Star","Lizard Tail"],"picked":"Pandora\u0027s Box"},{"not_picked":["Sozu","Runic Dome"],"picked":"Busted Crown"}],"items_purged_floors":[2,20],"is_endless":false,"potions_floor_spawned":[4,6,8,18,24,25,33,40,42,44,48],"ascension_level":7}