{"gold_per_floor":[214,231,231,244,258,258,301,326,326,339,339,155,155,77,77,196,196,121,121,36,36,36,36,36,36,36,36,36,36,36,36,36,36,36,36,36,36,36,36,36,36,36,36,36,36,36,36,36,36,36],"floor_reached":50,"playtime":2394,"items_purged":[],"score":802,"play_id":"641d00dc-e146-42dd-8984-6d1db8902123","local_time":"20190110220604","is_ascension_mode":true,"campfire_choices":[{"data":"Neutralize","floor":6,"key":"SMITH"},{"floor":11,"key":"REST"},{"data":"Footwork","floor":13,"key":"SMITH"},{"floor":15,"key":"REST"},{"floor":23,"key":"REST"},{"data":"After Image","floor":25,"key":"SMITH"},{"floor":32,"key":"REST"},{"data":"Terror","floor":42,"key":"SMITH"},{"floor":49,"key":"RECALL"}],"neow_cost":"NONE","seed_source_timestamp":96603540580769,"circlet_count":0,"master_deck":["Defend_G+1","Defend_G+1","Defend_G+1","Defend_G+1","Defend_G+1","Strike_G+1","Strike_G+1","Strike_G+1","Strike_G+1","Survivor","Neutralize+1","Dagger Spray","Cloak And Dagger","Footwork","Dagger Throw","Night Terror+1","Terror+1","Footwork+1","Adrenaline+1","Infinite Blades","After Image+1","Acrobatics","Backflip","Backflip","Backstab+1","Writhe","PiercingWail","Leg Sweep","Night Terror","Riddle With Holes+1","Cloak And Dagger+1","Panache","Well Laid Plans","Dodge and Roll"],"relics":["Ring of the Snake","Golden Idol","PreservedInsect","Snake Skull","Molten Egg 2","Ectoplasm","Regal Pillow","Red Mask","Ginger","Pear","Lantern","StoneCalendar","Runic Pyramid","Juzu Bracelet","Orichalcum","Pocketwatch","War Paint","Turnip"],"potions_floor_usage":[7,7,24,33,33,33,48,48],"damage_taken":[{"damage":8,"enemies":"Small Slimes","floor":1,"turns":6},{"damage":4,"enemies":"Jaw Worm","floor":2,"turns":5},{"damage":0,"enemies":"2 Louse","floor":4,"turns":2},{"damage":5,"enemies":"Looter","floor":5,"turns":5},{"damage":15,"enemies":"3 Sentries","floor":7,"turns":12},{"damage":10,"enemies":"Exordium Wildlife","floor":10,"turns":8},{"damage":13,"enemies":"The Guardian","floor":16,"turns":14},{"damage":8,"enemies":"2 Thieves","floor":18,"turns":4},{"damage":34,"enemies":"Masked Bandits","floor":21,"turns":6},{"damage":0,"enemies":"Chosen","floor":22,"turns":5},{"damage":10,"enemies":"Book of Stabbing","floor":24,"turns":4},{"damage":13,"enemies":"Slavers","floor":27,"turns":7},{"damage":0,"enemies":"Snecko","floor":30,"turns":5},{"damage":0,"enemies":"3 Cultists","floor":31,"turns":5},{"damage":62,"enemies":"Automaton","floor":33,"turns":14},{"damage":1,"enemies":"3 Shapes","floor":35,"turns":7},{"damage":0,"enemies":"Orb Walker","floor":36,"turns":3},{"damage":0,"enemies":"Nemesis","floor":40,"turns":7},{"damage":14,"enemies":"Giant Head","floor":44,"turns":9},{"damage":2,"enemies":"Nemesis","floor":46,"turns":7},{"damage":10,"enemies":"Reptomancer","floor":48,"turns":4},{"damage":38,"enemies":"Donu and Deca","floor":50,"turns":5}],"seed_played":"-9163654167315067122","potions_obtained":[{"floor":2,"key":"Block Potion"},{"floor":4,"key":"Explosive Potion"},{"floor":10,"key":"Dexterity Potion"},{"floor":22,"key":"Strength Potion"},{"floor":27,"key":"Explosive Potion"},{"floor":31,"key":"Explosive Potion"},{"floor":33,"key":"AttackPotion"},{"floor":35,"key":"Weak Potion"},{"floor":44,"key":"PowerPotion"},{"floor":46,"key":"FearPotion"}],"is_trial":false,"path_per_floor":["M","M","?","M","M","R","E","T","T","M","R","$","R","$","R","B",null,"M","?","?","?","M","R","E","R","T","E","?","$","M","M","R","B",null,"M","M","?","?","?","E","?","R","T","E","$","E","?","E","R","B"],"character_chosen":"THE_SILENT","items_purchased":["Footwork","Adrenaline","Infinite Blades"],"campfire_rested":4,"item_purchase_floors":[12,12,14],"current_hp_per_floor":[55,51,51,51,46,46,31,31,31,21,40,40,40,40,59,46,60,52,52,52,18,18,52,42,42,52,39,39,39,39,39,75,13,60,59,59,59,59,59,59,59,59,59,45,45,43,43,33,33,0],"gold":36,"neow_bonus":"HUNDRED_GOLD","is_prod":false,"is_daily":false,"chose_seed":false,"campfire_upgraded":4,"win_rate":0,"timestamp":1547175964,"path_taken":["M","M","?","M","M","R","E","?","T","M","R","?","R","$","R","BOSS","M","?","?","?","M","R","E","R","T","E","?","?","M","M","R","BOSS","M","M","?","?","?","E","?","R","T","E","$","E","?","E","R","BOSS"],"build_version":"2019-01-09","purchased_purges":0,"victory":false,"max_hp_per_floor":[70,70,65,65,65,65,65,65,65,65,65,65,65,65,65,65,65,65,65,65,65,65,65,65,65,75,75,75,75,75,75,75,75,75,75,75,75,75,75,75,71,71,71,71,71,71,71,71,71,71],"card_choices":[{"not_picked":["Slice","Reflex"],"picked":"Dagger Spray","floor":1},{"not_picked":["Blur","Choke"],"picked":"Cloak And Dagger","floor":2},{"not_picked":["Flechettes","Riddle With Holes"],"picked":"Footwork","floor":4},{"not_picked":["Dodge and Roll","Sucker Punch"],"picked":"Dagger Throw","floor":5},{"not_picked":["Dodge and Roll","Flying Knee"],"picked":"Night Terror","floor":7},{"not_picked":["Sucker Punch+1","Dagger Throw+1"],"picked":"Terror","floor":10},{"not_picked":["Die Die Die+1","Adrenaline"],"picked":"After Image","floor":16},{"not_picked":["Flechettes+1","Cloak And Dagger"],"picked":"Acrobatics","floor":18},{"not_picked":["Outmaneuver","Dagger Throw+1"],"picked":"Backflip","floor":21},{"not_picked":["Dagger Throw+1","Calculated Gamble"],"picked":"Backflip","floor":22},{"not_picked":["Expertise","Dagger Throw+1","Flying Knee+1"],"picked":"SKIP","floor":24},{"not_picked":["Doppelganger","Bouncing Flask"],"picked":"Backstab+1","floor":27},{"not_picked":["Blade Dance+1","Quick Slash+1"],"picked":"PiercingWail","floor":30},{"not_picked":["Cloak And Dagger","Backflip"],"picked":"Leg Sweep","floor":31},{"not_picked":["Doppelganger","After Image"],"picked":"Night Terror","floor":33},{"not_picked":["Underhanded Strike+1","Slice+1"],"picked":"Riddle With Holes+1","floor":35},{"not_picked":["Sucker Punch+1","Deflect"],"picked":"Cloak And Dagger+1","floor":36},{"not_picked":["Panacea","Swift Strike+1"],"picked":"Panache","floor":39},{"not_picked":["Flechettes+1","Setup"],"picked":"Well Laid Plans","floor":40},{"not_picked":["Expertise","Bane+1","Reflex+1"],"picked":"SKIP","floor":44},{"not_picked":["Deadly Poison+1","Riddle With Holes+1"],"picked":"Dodge and Roll","floor":46},{"not_picked":["Tactician","Outmaneuver+1","Dagger Throw+1"],"picked":"SKIP","floor":48}],"player_experience":1233067,"relics_obtained":[{"floor":7,"key":"PreservedInsect"},{"floor":8,"key":"Snake Skull"},{"floor":9,"key":"Molten Egg 2"},{"floor":21,"key":"Red Mask"},{"floor":24,"key":"Ginger"},{"floor":26,"key":"Pear"},{"floor":27,"key":"Lantern"},{"floor":40,"key":"Orichalcum"},{"floor":44,"key":"Pocketwatch"},{"floor":46,"key":"War Paint"},{"floor":48,"key":"Turnip"}],"event_choices":[{"damage_healed":0,"gold_gain":0,"player_choice":"Lose Max HP","damage_taken":0,"relics_obtained":["Golden Idol"],"max_hp_gain":0,"max_hp_loss":5,"event_name":"Golden Idol","floor":3,"gold_loss":0},{"damage_healed":0,"gold_gain":0,"player_choice":"Simplicity","damage_taken":0,"max_hp_gain":0,"max_hp_loss":0,"event_name":"Back to Basics","floor":19,"gold_loss":0,"cards_upgraded":["Defend_G","Defend_G","Defend_G","Defend_G","Defend_G","Strike_G","Strike_G","Strike_G","Strike_G","Strike_G"]},{"damage_healed":0,"gold_gain":0,"player_choice":"Obtained Relic","damage_taken":0,"relics_obtained":["Regal Pillow"],"max_hp_gain":0,"max_hp_loss":0,"event_name":"Addict","floor":20,"gold_loss":85},{"damage_healed":0,"gold_gain":0,"player_choice":"Fought Bandits","damage_taken":0,"max_hp_gain":0,"max_hp_loss":0,"event_name":"Masked Bandits","floor":21,"gold_loss":0},{"damage_healed":0,"gold_gain":0,"player_choice":"Opened","damage_taken":0,"relics_obtained":["StoneCalendar"],"max_hp_gain":0,"max_hp_loss":0,"event_name":"The Mausoleum","floor":28,"gold_loss":0,"cards_obtained":["Writhe"]},{"damage_healed":0,"gold_gain":222,"player_choice":"Wore Mask","damage_taken":0,"max_hp_gain":0,"max_hp_loss":0,"event_name":"Tomb of Lord Red Mask","floor":37,"gold_loss":0},{"damage_healed":0,"gold_gain":0,"player_choice":"Gave Potion","damage_taken":0,"relics_obtained":["Juzu Bracelet"],"max_hp_gain":0,"max_hp_loss":0,"event_name":"WeMeetAgain","floor":38,"gold_loss":0},{"damage_healed":0,"gold_gain":0,"player_choice":"Memory 1","damage_taken":0,"max_hp_gain":0,"max_hp_loss":0,"event_name":"SensoryStone","floor":39,"gold_loss":0},{"damage_healed":0,"gold_gain":0,"player_choice":"Max HP","damage_taken":0,"max_hp_gain":0,"max_hp_loss":4,"event_name":"Winding Halls","floor":41,"gold_loss":0},{"cards_removed":["Strike_G"],"damage_healed":0,"gold_gain":0,"player_choice":"Removed Attack","damage_taken":0,"max_hp_gain":0,"max_hp_loss":0,"event_name":"Falling","floor":47,"gold_loss":0}],"is_beta":true,"boss_relics":[{"not_picked":["Orrery","Ring of the Serpent"],"picked":"Ectoplasm"},{"not_picked":["Astrolabe","Empty Cage"],"picked":"Runic Pyramid"}],"items_purged_floors":[],"is_endless":false,"potions_floor_spawned":[2,4,10,22,27,31,33,35,44,46],"killed_by":"Donu and Deca","ascension_level":6}