{"path_per_floor":["M","M","M","?","?","R","E","M","T","R","M","?","?","?","R","B",null,"M","?","$","M","M","R","?","M","T","M","R","?","M","M","R"],"character_chosen":"DEFECT","items_purchased":["Streamline","Bottled Lightning"],"gold_per_floor":[16,36,56,56,56,56,91,112,112,112,133,163,163,163,163,289,289,308,308,7,22,47,47,47,60,130,155,155,80,101,114,114,114],"floor_reached":33,"campfire_rested":5,"playtime":991,"current_hp_per_floor":[89,82,81,86,86,86,58,44,44,72,61,61,61,61,89,76,94,74,74,74,44,21,49,80,47,47,37,65,65,43,14,42,0],"items_purged":[],"gold":114,"score":274,"play_id":"a26351c0-5ed2-4c2e-8b6e-bff6d57c6adf","local_time":"20180429155559","is_prod":false,"is_daily":false,"chose_seed":false,"is_ascension_mode":false,"campfire_upgraded":1,"timestamp":1525031759,"path_taken":["M","M","M","?","?","R","E","?","T","R","M","?","?","?","R","BOSS","M","?","$","?","M","R","?","M","T","M","R","?","M","M","R","BOSS"],"build_version":"2018-04-27v3","seed_source_timestamp":1494749715915350,"purchased_purges":0,"victory":false,"master_deck":["Strike_B","Strike_B","Strike_B","Defend_B","Defend_B","Defend_B","Defend_B","Zap","Dualcast","Chaos+1","Defragment","Doom and Gloom","Injury","Doom and Gloom","Go for the Eyes","Leap","Echo Form","Double Energy+1","Streamline","Streamline+1","Loop","Melter","Streamline","Reinforced Body","White Noise"],"max_hp_per_floor":[89,89,89,94,94,94,94,94,94,94,94,94,94,94,94,94,94,94,94,94,94,94,94,94,94,94,94,94,94,94,94,94,94],"relics":["Cracked Core","Golden Idol","Darkstone Periapt","Turnip","Sozu","Bottled Lightning","Matryoshka"],"card_choices":[{"not_picked":["Blizzard","Capacitor"],"picked":"Chaos","floor":1},{"not_picked":["Capacitor","Scrape"],"picked":"Defragment","floor":2},{"not_picked":["Go for the Eyes","Skim"],"picked":"Doom and Gloom","floor":3},{"not_picked":["Barrage","Fusion"],"picked":"Doom and Gloom","floor":7},{"not_picked":["Hologram","Sweeping Beam"],"picked":"Go for the Eyes","floor":8},{"not_picked":["Force Field","Ball Lightning"],"picked":"Leap","floor":11},{"not_picked":["All For One","Fission"],"picked":"Echo Form","floor":16},{"not_picked":["Reinforced Body","Impulse"],"picked":"Double Energy","floor":18},{"not_picked":["Sweeping Beam","Hello World"],"picked":"Streamline","floor":21},{"not_picked":["Static Discharge","Hello World"],"picked":"Loop","floor":22},{"not_picked":["Static Discharge","Sweeping Beam"],"picked":"Melter","floor":25},{"not_picked":["Melter","Tempest"],"picked":"Streamline","floor":27},{"not_picked":["Sweeping Beam","Heatsinks"],"picked":"Reinforced Body","floor":30},{"not_picked":["Coolheaded","Hyperbeam"],"picked":"White Noise","floor":31}],"player_experience":326134,"potions_floor_usage":[16,22,22,30],"damage_taken":[{"damage":0,"enemies":"2 Louse","floor":1,"turns":3},{"damage":7,"enemies":"Small Slimes","floor":2,"turns":4},{"damage":1,"enemies":"Jaw Worm","floor":3,"turns":4},{"damage":28,"enemies":"3 Sentries","floor":7,"turns":6},{"damage":14,"enemies":"Blue Slaver","floor":8,"turns":3},{"damage":11,"enemies":"Red Slaver","floor":11,"turns":3},{"damage":13,"enemies":"Slime Boss","floor":16,"turns":7},{"damage":20,"enemies":"Shell Parasite","floor":18,"turns":5},{"damage":30,"enemies":"2 Thieves","floor":21,"turns":4},{"damage":38,"enemies":"Slaver and Parasite","floor":22,"turns":7},{"damage":33,"enemies":"Chosen and Byrds","floor":25,"turns":5},{"damage":10,"enemies":"Snecko","floor":27,"turns":5},{"damage":22,"enemies":"Snake Plant","floor":30,"turns":5},{"damage":29,"enemies":"Cultist and Chosen","floor":31,"turns":7},{"damage":64,"enemies":"Collector","floor":33,"turns":5}],"event_choices":[{"event_name":"Big Fish","player_choice":"Donut","floor":4,"damage_taken":0},{"event_name":"Golden Idol","player_choice":"Take Wound","floor":5,"damage_taken":0},{"event_name":"Dead Adventurer","player_choice":"Searched \u00272\u0027 times","floor":12,"damage_taken":0},{"event_name":"The Woman in Blue","player_choice":"Bought 0 Potions","floor":13,"damage_taken":0},{"event_name":"Liars Game","player_choice":"disagreed","floor":14,"damage_taken":0},{"event_name":"Ghosts","player_choice":"Ignored","floor":19,"damage_taken":0},{"event_name":"The Library","player_choice":"Heal","floor":24,"damage_taken":0},{"event_name":"Beggar","player_choice":"Gave Gold","floor":29,"damage_taken":0}],"boss_relics":[{"not_picked":["Velvet Choker","White Beast Statue"],"picked":"Sozu"}],"potions_floor_spawned":[1,3,11,16,21,27],"seed_played":"1316283151124363266","killed_by":"Collector","ascension_level":0,"is_trial":false}