{"gold_per_floor":[20,40,40,40,50,75,87,87,87,116,116,126,145,145,145,248,248,248,248,57,57,57],"floor_reached":22,"playtime":953,"items_purged":[],"score":228,"play_id":"632ec8e7-ade3-47be-89c5-f5667523057a","local_time":"20180728182618","is_ascension_mode":true,"campfire_choices":[{"floor":8,"key":"REST"},{"floor":15,"key":"REST"}],"neow_cost":"NO_GOLD","seed_source_timestamp":629256605150106,"circlet_count":0,"master_deck":["Strike_B","Strike_B","Defend_B","Defend_B","Defend_B","Zap+1","Dualcast","Heatsinks","Recycle","Genetic Algorithm","Leap","Sweeping Beam","Ball Lightning","Go for the Eyes","Ball Lightning","Chaos","Creative AI","Echo Form","FTL","Tempest","Reinforced Body","Turbo"],"relics":["Cracked Core","Dodecahedron","Symbiotic Virus","Kunai","Ectoplasm","MawBank"],"potions_floor_usage":[7,16,16,16],"damage_taken":[{"damage":0,"enemies":"Cultist","floor":1,"turns":3},{"damage":7,"enemies":"Jaw Worm","floor":2,"turns":3},{"damage":5,"enemies":"Small Slimes","floor":5,"turns":4},{"damage":49,"enemies":"Lagavulin","floor":6,"turns":8},{"damage":6,"enemies":"Blue Slaver","floor":7,"turns":4},{"damage":13,"enemies":"3 Sentries","floor":10,"turns":6},{"damage":0,"enemies":"Looter","floor":12,"turns":2},{"damage":0,"enemies":"3 Louse","floor":13,"turns":2},{"damage":39,"enemies":"Hexaghost","floor":16,"turns":6},{"damage":18,"enemies":"3 Byrds","floor":18,"turns":4},{"damage":27,"enemies":"Spheric Guardian","floor":19,"turns":4},{"damage":29,"enemies":"Centurion and Healer","floor":21,"turns":7},{"damage":10,"enemies":"3 Cultists","floor":22,"turns":3}],"seed_played":"-5353736991102831105","potions_obtained":[{"floor":1,"key":"Energy Potion"},{"floor":3,"key":"Regen Potion"},{"floor":3,"key":"Fruit Juice"},{"floor":5,"key":"SkillPotion"},{"floor":7,"key":"SteroidPotion"},{"floor":13,"key":"Fire Potion"},{"floor":16,"key":"Energy Potion"},{"floor":19,"key":"Weak Potion"}],"is_trial":false,"path_per_floor":["M","M","?","?","M","E","M","R","T","E","?","M","M","?","R","B",null,"M","M","$","M"],"character_chosen":"DEFECT","items_purchased":["MawBank","Reinforced Body"],"campfire_rested":2,"item_purchase_floors":[20,20],"current_hp_per_floor":[75,68,68,68,63,14,13,37,37,24,24,24,24,24,48,24,80,62,35,35,6,0],"gold":57,"neow_bonus":"TRANSFORM_TWO_CARDS","is_prod":false,"is_daily":false,"chose_seed":false,"campfire_upgraded":0,"win_rate":0,"timestamp":1532816778,"path_taken":["M","M","?","?","M","E","M","R","T","E","?","?","M","?","R","BOSS","M","?","$","M","?"],"build_version":"2018-07-26","purchased_purges":0,"victory":false,"max_hp_per_floor":[75,75,75,75,75,75,80,80,80,80,80,80,80,80,80,80,80,80,80,80,80,80],"card_choices":[{"not_picked":["Conserve Battery","FTL"],"picked":"Genetic Algorithm","floor":1},{"not_picked":["Coolheaded","Chill"],"picked":"Leap","floor":2},{"not_picked":["Heatsinks","Force Field"],"picked":"Sweeping Beam","floor":5},{"not_picked":["Compile Driver","Streamline"],"picked":"Ball Lightning","floor":6},{"not_picked":["Hologram","White Noise"],"picked":"Go for the Eyes","floor":7},{"not_picked":["Gash","Recycle"],"picked":"Ball Lightning","floor":10},{"not_picked":["Coolheaded","Turbo"],"picked":"Chaos","floor":12},{"not_picked":["Barrage","Recycle"],"picked":"Creative AI","floor":13},{"not_picked":["Rainbow","Multi-Cast"],"picked":"Echo Form","floor":16},{"not_picked":["Blizzard","Skim"],"picked":"FTL","floor":18},{"not_picked":["Leap","Chaos"],"picked":"Tempest","floor":19},{"not_picked":["Redo+1","Chaos"],"picked":"Turbo","floor":21}],"player_experience":662951,"relics_obtained":[{"floor":6,"key":"Dodecahedron"},{"floor":9,"key":"Symbiotic Virus"},{"floor":10,"key":"Kunai"}],"event_choices":[{"event_name":"The Lab","player_choice":"Got Potions","floor":3,"damage_taken":0},{"event_name":"Golden Wing","player_choice":"Ignored","floor":4,"damage_taken":0},{"event_name":"Living Wall","player_choice":"Grow","floor":11,"damage_taken":0},{"event_name":"Purifier","player_choice":"One Purge","floor":14,"damage_taken":0}],"is_beta":true,"boss_relics":[{"not_picked":["Philosopher\u0027s Stone","Pandora\u0027s Box"],"picked":"Ectoplasm"}],"items_purged_floors":[],"is_endless":false,"potions_floor_spawned":[1,5,7,13,16,19],"killed_by":"3 Cultists","ascension_level":3}