{"gold_per_floor":[110,121,139,159,9,9,9,42,42,42,52,71,96,110,110,110],"floor_reached":16,"playtime":634,"items_purged":["Strike_R"],"score":205,"play_id":"6ec3517a-a189-4f00-9dda-c4de143d3e7b","local_time":"20190208214733","is_ascension_mode":true,"campfire_choices":[{"data":"Flame Barrier","floor":6.0,"key":"SMITH"},{"floor":10,"key":"REST"},{"data":"Spot Weakness","floor":15,"key":"SMITH"}],"neow_cost":"NONE","seed_source_timestamp":0,"circlet_count":0,"master_deck":["AscendersBane","Strike_R","Strike_R","Strike_R","Strike_R","Defend_R","Defend_R","Defend_R","Defend_R","Bash","Flame Barrier+1","Clothesline","Impervious","Battle Trance","Spot Weakness+1","Heavy Blade","Limit Break"],"special_seed":0,"relics":["Burning Blood","FaceOfCleric","Lantern","Blood Vial","Kunai"],"potions_floor_usage":[13],"damage_taken":[{"damage":8.0,"enemies":"Jaw Worm","floor":1.0,"turns":4.0},{"damage":5.0,"enemies":"Cultist","floor":2.0,"turns":5.0},{"damage":5.0,"enemies":"2 Louse","floor":3.0,"turns":3.0},{"damage":11.0,"enemies":"Lots of Slimes","floor":4.0,"turns":6.0},{"damage":34,"enemies":"Lagavulin","floor":8,"turns":13},{"damage":5,"enemies":"Large Slime","floor":11,"turns":10},{"damage":0,"enemies":"2 Fungi Beasts","floor":12,"turns":4},{"damage":35,"enemies":"Gremlin Nob","floor":13,"turns":6},{"damage":17,"enemies":"Lots of Slimes","floor":14,"turns":5},{"damage":48,"enemies":"Hexaghost","floor":16,"turns":11}],"seed_played":"3589749801484182160","potions_obtained":[{"floor":1.0,"key":"SkillPotion"},{"floor":4.0,"key":"Explosive Potion"},{"floor":12,"key":"Block Potion"},{"floor":14,"key":"LiquidBronze"}],"is_trial":false,"path_per_floor":["M","M","M","M","$","R","?","E","T","R","M","M","E","M","R","B"],"character_chosen":"IRONCLAD","items_purchased":["Battle Trance"],"campfire_rested":1,"item_purchase_floors":[5],"current_hp_per_floor":[73,74,75,70,70,70,70,43,43,67,71,80,54,46,46,0],"gold":110,"neow_bonus":"TEN_PERCENT_HP_BONUS","is_prod":false,"is_daily":false,"chose_seed":false,"campfire_upgraded":2,"win_rate":0,"timestamp":1549680453,"path_taken":["M","M","M","M","$","R","?","E","T","R","?","M","E","M","R","BOSS"],"build_version":"2019-01-23","purchased_purges":1,"victory":false,"max_hp_per_floor":[82,82,82,82,82,82,82,83,83,83,84,85,86,87,87,87],"card_choices":[{"not_picked":["Sever Soul","Havoc","Thunderclap"],"picked":"SKIP","floor":1.0},{"not_picked":["True Grit","Iron Wave"],"picked":"Flame Barrier","floor":2.0},{"not_picked":["Feel No Pain","Havoc"],"picked":"Clothesline","floor":3.0},{"not_picked":["Heavy Blade","Second Wind"],"picked":"Impervious","floor":4.0},{"not_picked":["Clash","Cleave"],"picked":"Spot Weakness","floor":8},{"not_picked":["Clothesline","Twin Strike","Clash"],"picked":"SKIP","floor":11},{"not_picked":["Warcry","Iron Wave"],"picked":"Heavy Blade","floor":12},{"not_picked":["Thunderclap","Disarm"],"picked":"Limit Break","floor":13},{"not_picked":["Body Slam","Armaments","Havoc"],"picked":"SKIP","floor":14}],"player_experience":258101,"relics_obtained":[{"floor":8,"key":"Lantern"},{"floor":9,"key":"Blood Vial"},{"floor":13,"key":"Kunai"}],"event_choices":[{"damage_healed":0.0,"max_hp_gain":0.0,"max_hp_loss":0.0,"gold_gain":0.0,"event_name":"FaceTrader","player_choice":"Trade","floor":7.0,"gold_loss":0.0,"damage_taken":0.0,"relics_obtained":["FaceOfCleric"]}],"is_beta":false,"boss_relics":[],"items_purged_floors":[5],"is_endless":false,"potions_floor_spawned":[1,4,8,11,12,14],"killed_by":"Hexaghost","ascension_level":16}