{"path_per_floor":["M","T","M","M","M","R","M","R","T","E","?","?","$","?","R","B",null,"M","?","?","M","M","E","M","R","T","E","R","M","E","M","R","B",null,"M","$","?","M","M","R","E","R","T","M","E","$","M","M","R"],"character_chosen":"IRONCLAD","items_purchased":["Calipers","Ancient Tea Set","True Grit","Happy Flower","Toolbox"],"gold_per_floor":[117,144,162,173,188,188,202,202,202,231,306,336,27,27,27,131,131,147,147,172,186,202,237,251,251,276,308,308,322,348,359,359,464,464,484,279,501,511,526,526,561,561,561,571,604,197,212,225,225,225],"floor_reached":50,"campfire_rested":3,"playtime":2315,"current_hp_per_floor":[80,80,80,77,74,74,62,62,62,54,43,40,40,45,70,42,74,69,53,59,60,54,55,55,80,80,58,83,85,85,78,78,45,75,85,85,85,85,85,85,85,85,85,51,63,63,75,83,83,0],"items_purged":[],"gold":225,"score":849,"play_id":"75a35751-df94-4938-bdbd-bef650bc7ac8","local_time":"20180415021256","is_prod":false,"is_daily":false,"chose_seed":false,"is_ascension_mode":true,"campfire_upgraded":6,"timestamp":1523772776,"path_taken":["M","?","?","M","M","R","M","R","T","E","?","?","$","?","R","BOSS","M","?","?","?","M","E","M","R","T","E","R","M","E","M","R","BOSS","M","$","?","M","M","R","E","R","T","M","E","$","M","M","R","BOSS"],"build_version":"2018-04-13","seed_source_timestamp":234287860437494,"purchased_purges":1,"victory":false,"master_deck":["Strike_R","Strike_R","Strike_R","Strike_R","Strike_R","Defend_R","Defend_R","Defend_R","Defend_R","Bash","Dropkick","Headbutt","Inflame+1","Spot Weakness","Armaments+1","Twin Strike","Bludgeon","Uppercut","Heavy Blade+1","Rage+1","Anger","Entrench","Seeing Red+1","Carnage+1","Power Through+1","Clothesline+1","Battle Trance+1","Impervious","Body Slam+1","True Grit+1","Battle Trance+1","Heavy Blade+1","Regret","Clothesline+1","Corruption+1","Heavy Blade+1"],"max_hp_per_floor":[80,80,80,80,80,80,80,80,80,80,80,80,80,85,85,85,85,85,85,85,85,85,85,85,85,85,85,85,85,85,85,85,85,85,85,85,85,85,85,85,85,85,85,85,87,87,89,89,89,89],"relics":["Burning Blood","Pen Nib","Bag of Preparation","Lantern","Prayer Wheel","Tiny Chest","Calipers","Snecko Eye","Nilry\u0027s Codex","Red Mask","Dodecahedron","Bronze Scales","Blood Vial","Bird Faced Urn","Cursed Key","Ancient Tea Set","Sundial","Shuriken","Singing Bowl","Happy Flower","Toolbox"],"card_choices":[{"not_picked":["Rupture","Reckless Charge"],"picked":"Dropkick","floor":1},{"not_picked":["Combust","Warcry"],"picked":"Headbutt","floor":3},{"not_picked":["Flex","Reckless Charge"],"picked":"Inflame","floor":4},{"not_picked":["Anger","Dual Wield"],"picked":"Spot Weakness","floor":5},{"not_picked":["Clothesline","Anger"],"picked":"Armaments","floor":7},{"not_picked":["Cleave","Sentinel"],"picked":"Twin Strike","floor":10},{"not_picked":["Impervious","Exhume"],"picked":"Bludgeon","floor":16},{"not_picked":["Flex","Sever Soul"],"picked":"Uppercut","floor":18},{"not_picked":["Armaments","Bloodletting"],"picked":"Heavy Blade","floor":20},{"not_picked":["Metallicize","Sever Soul"],"picked":"Rage","floor":21},{"not_picked":["Wild Strike","Second Wind"],"picked":"Anger","floor":22},{"not_picked":["Flex","Limit Break"],"picked":"Entrench","floor":24},{"not_picked":["Headbutt","Havoc"],"picked":"Seeing Red","floor":26},{"not_picked":["Combust","Havoc"],"picked":"Carnage","floor":27},{"not_picked":["Searing Blow","Twin Strike"],"picked":"Power Through","floor":29},{"not_picked":["Exhume","Metallicize"],"picked":"Clothesline","floor":30},{"not_picked":["Sword Boomerang","Perfected Strike"],"picked":"Battle Trance","floor":31},{"not_picked":["Immolate","Bludgeon"],"picked":"Impervious","floor":33},{"not_picked":["Perfected Strike","Ghostly Armor"],"picked":"Body Slam","floor":35},{"not_picked":["Sentinel","Sever Soul"],"picked":"Battle Trance","floor":38},{"not_picked":["Wild Strike","Reckless Charge"],"picked":"Heavy Blade","floor":41},{"not_picked":["True Grit","Berserk"],"picked":"Clothesline","floor":43},{"not_picked":["Havoc","Reckless Charge"],"picked":"Corruption","floor":44},{"not_picked":["Carnage","Searing Blow"],"picked":"Heavy Blade","floor":48}],"player_experience":200091,"potions_floor_usage":[10,16,20,31,33,33,33,45,50,50],"damage_taken":[{"damage":1,"enemies":"Cultist","floor":1,"turns":3},{"damage":2,"enemies":"Jaw Worm","floor":3,"turns":3},{"damage":9,"enemies":"2 Louse","floor":4,"turns":3},{"damage":9,"enemies":"2 Fungi Beasts","floor":5,"turns":3},{"damage":18,"enemies":"Red Slaver","floor":7,"turns":3},{"damage":14,"enemies":"3 Sentries","floor":10,"turns":6},{"damage":34,"enemies":"Hexaghost","floor":16,"turns":7},{"damage":11,"enemies":"Chosen","floor":18,"turns":3},{"damage":0,"enemies":"Masked Bandits","floor":20,"turns":2},{"damage":5,"enemies":"Shell Parasite","floor":21,"turns":3},{"damage":12,"enemies":"3 Cultists","floor":22,"turns":4},{"damage":5,"enemies":"Book of Stabbing","floor":23,"turns":2},{"damage":6,"enemies":"Centurion and Healer","floor":24,"turns":3},{"damage":28,"enemies":"Slavers","floor":27,"turns":5},{"damage":5,"enemies":"Slaver and Parasite","floor":29,"turns":2},{"damage":0,"enemies":"Book of Stabbing","floor":30,"turns":3},{"damage":15,"enemies":"Snecko","floor":31,"turns":5},{"damage":54,"enemies":"Champ","floor":33,"turns":9},{"damage":0,"enemies":"3 Shapes","floor":35,"turns":2},{"damage":0,"enemies":"Orb Walker","floor":38,"turns":2},{"damage":0,"enemies":"3 Darklings","floor":39,"turns":4},{"damage":0,"enemies":"Nemesis","floor":41,"turns":5},{"damage":40,"enemies":"Spire Growth","floor":44,"turns":5},{"damage":12,"enemies":"2 Orb Walkers","floor":45,"turns":4},{"damage":0,"enemies":"Sphere and 2 Shapes","floor":47,"turns":2},{"damage":4,"enemies":"Flame Bruiser 2 Orb","floor":48,"turns":4},{"damage":129,"enemies":"Time Eater","floor":50,"turns":12}],"event_choices":[{"event_name":"World of Goop","player_choice":"Gather Gold","floor":11,"damage_taken":0},{"event_name":"Scrap Ooze","player_choice":"success","floor":12,"damage_taken":3},{"event_name":"Big Fish","player_choice":"Donut","floor":14,"damage_taken":0},{"event_name":"Cursed Tome","player_choice":"Obtained Book","floor":19,"damage_taken":0},{"event_name":"Masked Bandits","player_choice":"Fought over 147 gold","floor":20,"damage_taken":0},{"event_name":"Tomb of Lord Red Mask","player_choice":"Wore Mask","floor":37,"damage_taken":0}],"boss_relics":[{"not_picked":["Lizard Tail","Black Star"],"picked":"Snecko Eye"},{"not_picked":["Sozu","Black Blood"],"picked":"Cursed Key"}],"potions_floor_spawned":[1,3,7,10,21,22,27,29,30,31,35,44,48],"seed_played":"5197470821339270739","killed_by":"Time Eater","ascension_level":5,"is_trial":false}