{"path_per_floor":["M","M","?","$","M","E","R","E","T","M","M","M","M","?","R","B",null,"M","M","?","?","M","E","R","M","T","?","R","$","M","M","R","B",null,"M","M","$","M","?","R","M","M","T","?","?","?","R","M","R"],"character_chosen":"THE_SILENT","items_purchased":["Acrobatics","Flying Knee","Burst","Accuracy","Infinite Blades","Blade Dance"],"gold_per_floor":[116,128,303,151,169,196,196,222,246,262,278,297,307,307,307,404,404,421,441,441,441,457,483,483,498,498,498,498,159,170,182,182,284,284,294,308,70,80,80,80,97,108,135,0,0,0,0,11,11],"floor_reached":50,"campfire_rested":4,"playtime":6231,"current_hp_per_floor":[70,65,65,65,65,51,51,41,41,33,33,33,28,3,24,10,70,68,50,70,70,58,39,39,14,14,14,35,35,28,26,47,10,70,38,25,25,25,25,58,49,40,40,40,31,61,61,50,61],"items_purged":["Doubt","Decay","Sucker Punch"],"gold":11,"score":478,"play_id":"675274a2-1618-4e02-aa8f-b5788bf9b4f8","is_prod":false,"is_daily":false,"is_ascension_mode":false,"campfire_upgraded":4,"path_taken":["M","M","?","$","M","E","R","E","T","M","M","?","M","?","R","BOSS","M","M","?","?","M","E","R","?","T","?","R","$","M","M","R","BOSS","M","M","$","M","?","R","M","M","T","?","?","?","R","?","R","BOSS"],"build_version":"2018-02-22-PROD2","purchased_purges":3,"victory":false,"master_deck":["Survivor","Neutralize+1","Well Laid Plans","Predator","Flying Knee","Infinite Blades+1","Quick Slash","Accuracy+1","Dodge and Roll","Prepared","Adrenaline+1","Tools of the Trade","Acrobatics","Malaise","Heel Hook","Escape Plan","Bouncing Flask","Dagger Spray","Terror","Bane","Concentrate","Backstab+1","Blur","Blade Dance","Accuracy","Burst","Accuracy","Sucker Punch+1","Flying Knee+1","Dagger Throw+1","PiercingWail+1","Infinite Blades","Blade Dance","Cloak And Dagger+1","Backstab","Outmaneuver+1","Madness","Madness","Slice"],"max_hp_per_floor":[70,70,70,70,70,70,70,70,70,70,70,70,70,70,70,70,70,70,70,70,70,70,70,70,70,70,70,70,70,70,70,70,70,70,70,70,70,70,70,70,70,70,70,70,70,61,61,61,61],"relics":["Ring of the Snake","Orichalcum","Ninja Scroll","Vajra","Dead Branch","Pandora\u0027s Box","Bag of Preparation","Torii","Eternal Feather","Pen Nib","Red Mask"],"card_choices":[{"not_picked":["Footwork","Setup"],"picked":"Well Laid Plans"},{"not_picked":["Concentrate","Underhanded Strike"],"picked":"Predator"},{"not_picked":["Crippling Poison","Endless Agony"],"picked":"Infinite Blades"},{"not_picked":["Outmaneuver","Expertise"],"picked":"Quick Slash"},{"not_picked":["Prepared","Infinite Blades"],"picked":"Accuracy"},{"not_picked":["Bane","Acrobatics"],"picked":"Dodge and Roll"},{"not_picked":["Bane","Poisoned Stab"],"picked":"Prepared"},{"not_picked":["Reflex","Leg Sweep"],"picked":"Adrenaline"},{"not_picked":["Bullet Time","Unload"],"picked":"Tools of the Trade"},{"not_picked":["Calculated Gamble","Cloak And Dagger"],"picked":"Backstab"},{"not_picked":["Flying Knee","Deadly Poison"],"picked":"Blur"},{"not_picked":["Blur","Reflex"],"picked":"Blade Dance"},{"not_picked":["All Out Attack","Dagger Throw"],"picked":"Accuracy"},{"not_picked":["Finisher","Acrobatics"],"picked":"Sucker Punch"},{"not_picked":["Glass Knife","Sucker Punch"],"picked":"Flying Knee"},{"not_picked":["Sucker Punch","Quick Slash"],"picked":"Dagger Throw"},{"not_picked":["Caltrops","Catalyst"],"picked":"PiercingWail"},{"not_picked":["Well Laid Plans","PiercingWail"],"picked":"Cloak And Dagger"},{"not_picked":["Outmaneuver","Deadly Poison"],"picked":"Backstab"},{"not_picked":["Dagger Throw","Flying Knee"],"picked":"Outmaneuver"},{"not_picked":["Unload","Acrobatics"],"picked":"Slice"}],"player_experience":179597,"potions_floor_usage":[2,8,10,13,16,19,25,30,31,33,35,36,42,50,50,50],"damage_taken":[{"damage":0,"enemies":"Cultist","floor":1,"turns":4},{"damage":5,"enemies":"Small Slimes","floor":2,"turns":5},{"damage":0,"enemies":"Jaw Worm","floor":5,"turns":4},{"damage":14,"enemies":"3 Sentries","floor":6,"turns":8},{"damage":10,"enemies":"Lagavulin","floor":8,"turns":6},{"damage":8,"enemies":"Exordium Thugs","floor":10,"turns":3},{"damage":0,"enemies":"Blue Slaver","floor":11,"turns":3},{"damage":0,"enemies":"2 Fungi Beasts","floor":12,"turns":2},{"damage":5,"enemies":"Exordium Thugs","floor":13,"turns":3},{"damage":14,"enemies":"Slime Boss","floor":16,"turns":11},{"damage":2,"enemies":"Chosen","floor":18,"turns":4},{"damage":18,"enemies":"3 Byrds","floor":19,"turns":4},{"damage":12,"enemies":"Cultist and Chosen","floor":22,"turns":5},{"damage":19,"enemies":"Gremlin Leader","floor":23,"turns":5},{"damage":25,"enemies":"Centurion and Healer","floor":25,"turns":5},{"damage":7,"enemies":"Snecko","floor":30,"turns":5},{"damage":2,"enemies":"Slaver and Parasite","floor":31,"turns":3},{"damage":52,"enemies":"Automaton","floor":33,"turns":9},{"damage":32,"enemies":"3 Shapes","floor":35,"turns":4},{"damage":13,"enemies":"3 Darklings","floor":36,"turns":3},{"damage":0,"enemies":"Maw","floor":38,"turns":6},{"damage":9,"enemies":"Sphere and 2 Shapes","floor":41,"turns":3},{"damage":9,"enemies":"3 Darklings","floor":42,"turns":6},{"damage":11,"enemies":"Maw","floor":48,"turns":5},{"damage":86,"enemies":"Time Eater","floor":50,"turns":11}],"event_choices":[{"event_name":"Liars Game","player_choice":"agreed","floor":3,"damage_taken":0},{"event_name":"Scrap Ooze","player_choice":"success","floor":14,"damage_taken":25},{"event_name":"The Library","player_choice":"Heal","floor":20,"damage_taken":0},{"event_name":"Back to Basics","player_choice":"Elegance","floor":21,"damage_taken":0},{"event_name":"Forgotten Altar","player_choice":"Smashed Altar","floor":27,"damage_taken":0},{"event_name":"Mysterious Sphere","player_choice":"Ignore","floor":39,"damage_taken":0},{"event_name":"Tomb of Lord Red Mask","player_choice":"Paid","floor":44,"damage_taken":0},{"event_name":"Winding Halls","player_choice":"Embrace Madness","floor":45,"damage_taken":0},{"event_name":"The Moai Head","player_choice":"Heal","floor":46,"damage_taken":0}],"boss_relics":[{"not_picked":["Calling Bell","Lizard Tail"],"picked":"Pandora\u0027s Box"},{"not_picked":["White Beast Statue","Velvet Choker"],"picked":"Eternal Feather"}],"potions_floor_spawned":[1,2,6,8,10,18,25,30,31,33,35,41,48],"seed_played":"1249190383778320008","killed_by":"Time Eater","ascension_level":0,"is_trial":false}