{"gold_per_floor":[116,131,151,166,166,199,199,227,227,283,299,332,332,366,366,462,462,480,405,418,431,448,474,104,138,162,15,46,46,46,64,64,161,161,178,178,141,210,221,252,252,281,281,293,4,331,331,357,357,357],"floor_reached":51,"playtime":3320,"items_purged":["HandOfGreed"],"score":1500,"play_id":"abdc965f-2045-400f-a5ed-c52e95e33b66","local_time":"20180811030858","daily_mods":["Draft","Diverse","Heirloom","Shiny","Elite Swarm","Vintage"],"is_ascension_mode":true,"campfire_choices":[{"data":"Echo Form","floor":7,"key":"SMITH"},{"data":"Offering","floor":13,"key":"SMITH"},{"data":"Bludgeon","floor":15,"key":"SMITH"},{"data":"Wraith Form v2","floor":30,"key":"SMITH"},{"data":"Cloak And Dagger","floor":32,"key":"SMITH"},{"data":"Heavy Blade","floor":41,"key":"SMITH"},{"data":"Juggernaut","floor":47,"key":"SMITH"},{"data":"True Grit","floor":49,"key":"SMITH"}],"neow_cost":"","seed_source_timestamp":0,"circlet_count":0,"master_deck":["Double Tap","Demon Form","Bludgeon+1","Feed","Limit Break+1","Barricade","Fiend Fire+1","Dark Embrace","Impervious+1","Juggernaut+1","Brutality","Reaper","Exhume","Offering+1","Immolate+1","Demon Form","Wraith Form v2+1","Echo Form+1","Corruption","True Grit+1","Dagger Spray","Armaments+1","Ball Lightning","Slice","Heavy Blade+1","Predator","Go for the Eyes","Conserve Battery","Acrobatics","Cold Snap","Searing Blow","Cloak And Dagger+1","Body Slam","Dark Embrace","Impervious+1","Offering+1","After Image+1","Offering+1","Adrenaline+1","Exhume+1","Glacier+1","Corpse Explosion+1","Fiend Fire","Night Terror+1","Discovery+1","HandOfGreed","Self Repair+1","Warcry+1","Wraith Form v2+1","Adrenaline+1","Metallicize+1","Acrobatics+1","Machine Learning+1","Bullet Time+1"],"relics":["Snecko Eye","Unceasing Top","Dead Branch","Incense Burner","Toxic Egg 2","Bronze Scales","Dodecahedron","Blood Vial","Ice Cream","Self Forming Clay","Tiny Chest","Frozen Egg 2","Vajra","Smiling Mask","Bag of Preparation","Black Star","Anchor","War Paint","Art of War","Oddly Smooth Stone","Charon\u0027s Ashes","Turnip","Ginger","Dream Catcher","Strawberry","Juzu Bracelet","Pen Nib","Mummified Hand","Shuriken","Centennial Puzzle","Whetstone","Eternal Feather","Bottled Flame","Thread and Needle","Sundial","Bag of Marbles","Red Skull","Bottled Lightning","Bottled Tornado","Regal Pillow","Du-Vu Doll","Lantern","Torii","Old Coin","Bird Faced Urn","Champion Belt"],"potions_floor_usage":[12],"damage_taken":[{"damage":0,"enemies":"Small Slimes","floor":1,"turns":3},{"damage":0,"enemies":"2 Louse","floor":2,"turns":1},{"damage":0,"enemies":"Cultist","floor":3,"turns":1},{"damage":12,"enemies":"Blue Slaver","floor":4,"turns":2},{"damage":1,"enemies":"Gremlin Nob","floor":6,"turns":2},{"damage":15,"enemies":"3 Sentries","floor":8,"turns":2},{"damage":0,"enemies":"Lagavulin","floor":10,"turns":4},{"damage":0,"enemies":"Large Slime","floor":11,"turns":2},{"damage":8,"enemies":"3 Sentries","floor":12,"turns":3},{"damage":0,"enemies":"Gremlin Nob","floor":14,"turns":2},{"damage":18,"enemies":"Slime Boss","floor":16,"turns":5},{"damage":0,"enemies":"3 Byrds","floor":18,"turns":1},{"damage":1,"enemies":"2 Thieves","floor":20,"turns":3},{"damage":1,"enemies":"Snake Plant","floor":21,"turns":2},{"damage":16,"enemies":"Centurion and Healer","floor":22,"turns":3},{"damage":0,"enemies":"Slavers","floor":23,"turns":2},{"damage":6,"enemies":"Gremlin Leader","floor":25,"turns":2},{"damage":2,"enemies":"Book of Stabbing","floor":28,"turns":3},{"damage":0,"enemies":"3 Cultists","floor":31,"turns":2},{"damage":6,"enemies":"Collector","floor":33,"turns":1},{"damage":0,"enemies":"Flame Bruiser 1 Orb","floor":35,"turns":2},{"damage":0,"floor":38,"turns":1},{"damage":0,"enemies":"3 Shapes","floor":39,"turns":2},{"damage":8,"enemies":"Nemesis","floor":40,"turns":3},{"damage":13,"enemies":"Giant Head","floor":42,"turns":1},{"damage":6,"enemies":"Spire Growth","floor":44,"turns":1},{"damage":0,"enemies":"2 Orb Walkers","floor":46,"turns":2},{"damage":0,"enemies":"Giant Head","floor":48,"turns":2},{"damage":0,"enemies":"Donu and Deca","floor":50,"turns":2}],"seed_played":"6061166784645995101","potions_obtained":[{"floor":1,"key":"FearPotion"},{"floor":4,"key":"Swift Potion"},{"floor":8,"key":"Ancient Potion"},{"floor":22,"key":"Ancient Potion"},{"floor":25,"key":"Regen Potion"}],"is_trial":true,"path_per_floor":["M","M","M","M","?","E","R","E","T","E","M","E","R","E","R","B",null,"M","?","M","M","M","E","$","E","T","$","E","?","R","M","R","B",null,"M","?","$","?","M","E","R","E","T","M","$","E","R","E","R","B"],"character_chosen":"IRONCLAD","items_purchased":["Ginger","Glacier+1","Pen Nib","Self Repair+1","Lantern","Metallicize+1","Acrobatics+1"],"campfire_rested":0,"item_purchase_floors":[24,24,27,37,45,45,45],"current_hp_per_floor":[80,80,80,68,68,67,67,54,54,56,58,52,52,54,54,38,80,80,80,79,79,64,66,66,69,69,69,69,87,87,87,87,87,87,87,77,77,79,81,76,87,84,84,87,87,90,90,90,90,93],"gold":357,"neow_bonus":"","is_prod":false,"is_daily":false,"chose_seed":false,"campfire_upgraded":8,"win_rate":0,"timestamp":1533971338,"path_taken":["M","M","M","M","?","E","R","E","T","E","M","E","R","E","R","BOSS","M","?","M","?","M","E","?","E","T","$","E","?","R","M","R","BOSS","M","?","$","?","M","E","R","E","T","M","$","E","R","E","R","BOSS"],"build_version":"2018-08-08","purchased_purges":1,"victory":true,"max_hp_per_floor":[80,80,80,80,80,80,80,80,80,80,80,80,80,80,80,80,80,80,80,80,80,80,80,80,87,87,87,87,87,87,87,87,87,87,87,87,87,87,87,87,87,87,87,87,87,90,90,90,90,93],"card_choices":[{"not_picked":["Armaments","Deflect"],"picked":"Corruption","floor":0},{"not_picked":["Dagger Spray","Clash"],"picked":"True Grit","floor":0},{"not_picked":["Compile Driver","Quick Slash"],"picked":"Dagger Spray","floor":0},{"not_picked":["Backstab","Footwork"],"picked":"Armaments","floor":0},{"not_picked":["Twin Strike","Glacier"],"picked":"Ball Lightning","floor":0},{"not_picked":["Sweeping Beam","Intimidate"],"picked":"Slice","floor":0},{"not_picked":["Heel Hook","Doom and Gloom"],"picked":"Heavy Blade","floor":0},{"not_picked":["Concentrate","Havoc"],"picked":"Predator","floor":0},{"not_picked":["Endless Agony","Redo"],"picked":"Go for the Eyes","floor":0},{"not_picked":["Masterful Stab","Twin Strike"],"picked":"Conserve Battery","floor":0},{"not_picked":["Havoc","Flying Knee"],"picked":"Acrobatics","floor":0},{"not_picked":["Slice","Stack"],"picked":"Cold Snap","floor":0},{"not_picked":["Hello World","Cold Snap"],"picked":"Searing Blow","floor":0},{"not_picked":["Steam","Slice"],"picked":"Cloak And Dagger","floor":0},{"not_picked":["Darkness","Static Discharge"],"picked":"Body Slam","floor":0},{"not_picked":["Brutality","Tools of the Trade"],"picked":"Dark Embrace","floor":6},{"not_picked":["Wraith Form v2","Malaise+1"],"picked":"Impervious+1","floor":8},{"not_picked":["Multi-Cast+1","Fission+1"],"picked":"Offering+1","floor":10},{"not_picked":["Offering+1","Thunder Strike"],"picked":"After Image+1","floor":12},{"not_picked":["Double Tap+1","Tools of the Trade+1"],"picked":"Offering+1","floor":14},{"not_picked":["Malaise+1","Demon Form+1"],"picked":"Adrenaline+1","floor":16},{"not_picked":["Die Die Die","Bullet Time+1"],"picked":"Exhume+1","floor":23},{"not_picked":["Echo Form+1","Feed"],"picked":"Corpse Explosion+1","floor":25},{"not_picked":["Fission+1","Night Terror+1"],"picked":"Fiend Fire","floor":28},{"not_picked":["Reboot+1","Feed"],"picked":"Night Terror+1","floor":33},{"not_picked":["Trip+1","Enlightenment+1"],"picked":"Discovery+1","floor":36},{"not_picked":["Good Instincts+1","Secret Weapon+1"],"picked":"HandOfGreed","floor":36},{"not_picked":["Forethought+1","Trip+1"],"picked":"HandOfGreed","floor":36},{"not_picked":["Blizzard","Distraction+1"],"picked":"Warcry+1","floor":38},{"not_picked":["Offering+1","Juggernaut+1"],"picked":"Wraith Form v2+1","floor":40},{"not_picked":["Multi-Cast+1","Phantasmal Killer+1"],"picked":"Adrenaline+1","floor":42},{"not_picked":["All For One","Demon Form+1"],"picked":"Machine Learning+1","floor":46},{"not_picked":["Feed","Amplify+1"],"picked":"Bullet Time+1","floor":48}],"player_experience":762072,"relics_obtained":[{"floor":1,"key":"Incense Burner"},{"floor":2,"key":"Toxic Egg 2"},{"floor":3,"key":"Bronze Scales"},{"floor":4,"key":"Dodecahedron"},{"floor":6,"key":"Blood Vial"},{"floor":8,"key":"Ice Cream"},{"floor":9,"key":"Self Forming Clay"},{"floor":10,"key":"Tiny Chest"},{"floor":11,"key":"Frozen Egg 2"},{"floor":12,"key":"Vajra"},{"floor":14,"key":"Smiling Mask"},{"floor":16,"key":"Bag of Preparation"},{"floor":18,"key":"Anchor"},{"floor":20,"key":"War Paint"},{"floor":21,"key":"Art of War"},{"floor":22,"key":"Oddly Smooth Stone"},{"floor":23,"key":"Charon\u0027s Ashes"},{"floor":23,"key":"Turnip"},{"floor":25,"key":"Dream Catcher"},{"floor":25,"key":"Strawberry"},{"floor":26,"key":"Juzu Bracelet"},{"floor":28,"key":"Mummified Hand"},{"floor":28,"key":"Shuriken"},{"floor":31,"key":"Centennial Puzzle"},{"floor":33,"key":"Whetstone"},{"floor":35,"key":"Bottled Flame"},{"floor":38,"key":"Thread and Needle"},{"floor":39,"key":"Sundial"},{"floor":40,"key":"Bag of Marbles"},{"floor":40,"key":"Red Skull"},{"floor":42,"key":"Bottled Lightning"},{"floor":42,"key":"Bottled Tornado"},{"floor":43,"key":"Regal Pillow"},{"floor":44,"key":"Du-Vu Doll"},{"floor":46,"key":"Torii"},{"floor":46,"key":"Old Coin"},{"floor":48,"key":"Bird Faced Urn"},{"floor":48,"key":"Champion Belt"}],"event_choices":[{"event_name":"Living Wall","player_choice":"Grow","floor":5,"damage_taken":0},{"event_name":"Beggar","player_choice":"Gave Gold","floor":19,"damage_taken":0},{"event_name":"The Library","player_choice":"Heal","floor":29,"damage_taken":0},{"event_name":"SensoryStone","player_choice":"Memory 3","floor":36,"damage_taken":0},{"event_name":"Mysterious Sphere","player_choice":"Fight","floor":38,"damage_taken":0}],"is_beta":true,"boss_relics":[{"not_picked":["Calling Bell","Sozu"],"picked":"Black Star"},{"not_picked":["Lizard Tail","Empty Cage"],"picked":"Eternal Feather"}],"items_purged_floors":[45],"is_endless":false,"potions_floor_spawned":[1,4,8,10,11,22,25,28,33,39,42],"ascension_level":1}