{"gold_per_floor":[114,114,126,143,143,174,174,174,248,266,299,22,60,83,83,209,209,232,36,75,99,113,154,173,206,231,231,245,245,276,297,297,423,423,437,770,418,434,447,482,492,521,569,569,579,608,608,624,624,624,624,624,9,38,38],"floor_reached":56,"playtime":3428,"items_purged":["Strike_G","Strike_G"],"score":1419,"play_id":"796d6981-d4a2-49ab-986e-c77a47fb3183","local_time":"20190203194558","is_ascension_mode":false,"campfire_choices":[{"data":"Burst","floor":7.0,"key":"SMITH"},{"data":"Crippling Poison","floor":15.0,"key":"SMITH"},{"floor":29.0,"key":"REST"},{"floor":32.0,"key":"REST"},{"floor":47.0,"key":"REST"},{"floor":49.0,"key":"RECALL"},{"data":"Wraith Form v2","floor":52.0,"key":"SMITH"}],"neow_cost":"NONE","seed_source_timestamp":598603294998092,"circlet_count":0,"master_deck":["Defend_G","Defend_G","Defend_G","Defend_G","Defend_G","Strike_G","Strike_G","Survivor","Neutralize","Burst+1","Dagger Spray","Infinite Blades","Bouncing Flask","Acrobatics","Crippling Poison+1","Well Laid Plans","Die Die Die","Wraith Form v2+1","PiercingWail","Noxious Fumes","Adrenaline","Backstab","Leg Sweep","PiercingWail+1","Regret","Escape Plan+1","Corpse Explosion","Backflip","Dark Shackles","Backflip","Calculated Gamble+1","After Image","Calculated Gamble+1","Backflip+1","Decay","Blur+1","Sadistic Nature","Well Laid Plans","Envenom","Footwork"],"special_seed":0,"relics":["Ring of the Serpent","Smiling Mask","Lantern","Singing Bowl","Bronze Scales","Lee\u0027s Waffle","Gremlin Horn","Cursed Key","Red Mask","Orichalcum","Molten Egg 2","PreservedInsect","Bottled Lightning","Oddly Smooth Stone","Ginger","Bag of Preparation","The Courier","Shuriken","Happy Flower"],"potions_floor_usage":[55],"damage_taken":[{"damage":0.0,"enemies":"Small Slimes","floor":1.0,"turns":6.0},{"damage":1.0,"enemies":"Jaw Worm","floor":3.0,"turns":5.0},{"damage":0.0,"enemies":"2 Louse","floor":4.0,"turns":2.0},{"damage":5.0,"enemies":"Gremlin Nob","floor":6.0,"turns":4.0},{"damage":9.0,"enemies":"Looter","floor":10.0,"turns":4.0},{"damage":27.0,"enemies":"Lagavulin","floor":11.0,"turns":8.0},{"damage":9.0,"enemies":"3 Sentries","floor":13.0,"turns":6.0},{"damage":11.0,"enemies":"Large Slime","floor":14.0,"turns":6.0},{"damage":45.0,"enemies":"Slime Boss","floor":16.0,"turns":9.0},{"damage":10.0,"enemies":"Chosen","floor":18.0,"turns":4.0},{"damage":6.0,"enemies":"Masked Bandits","floor":20.0,"turns":2.0},{"damage":5.0,"enemies":"Shell Parasite","floor":21.0,"turns":6.0},{"damage":8.0,"enemies":"Sentry and Sphere","floor":22.0,"turns":4.0},{"damage":2.0,"enemies":"Gremlin Leader","floor":23.0,"turns":5.0},{"damage":5.0,"enemies":"Snake Plant","floor":24.0,"turns":4.0},{"damage":1.0,"enemies":"Slavers","floor":25.0,"turns":4.0},{"damage":12.0,"enemies":"Shelled Parasite and Fungi","floor":28.0,"turns":5.0},{"damage":2.0,"enemies":"Gremlin Leader","floor":30.0,"turns":6.0},{"damage":11.0,"enemies":"Snecko","floor":31.0,"turns":4.0},{"damage":1.0,"enemies":"Collector","floor":33.0,"turns":7.0},{"damage":4.0,"enemies":"Orb Walker","floor":35.0,"turns":3.0},{"damage":0.0,"enemies":"3 Shapes","floor":38.0,"turns":2.0},{"damage":0.0,"enemies":"Sphere and 2 Shapes","floor":39.0,"turns":4.0},{"damage":25.0,"enemies":"Giant Head","floor":40.0,"turns":9.0},{"damage":12.0,"enemies":"4 Shapes","floor":41.0,"turns":4.0},{"damage":34.0,"enemies":"Nemesis","floor":42.0,"turns":10.0},{"damage":3.0,"enemies":"3 Darklings","floor":45.0,"turns":3.0},{"damage":0.0,"enemies":"Reptomancer","floor":46.0,"turns":5.0},{"damage":4.0,"enemies":"Jaw Worm Horde","floor":48.0,"turns":2.0},{"damage":43.0,"enemies":"Donu and Deca","floor":50.0,"turns":11.0},{"damage":39,"enemies":"Shield and Spear","floor":54,"turns":5},{"damage":50,"enemies":"The Heart","floor":55,"turns":11}],"seed_played":"4747799612226032352","potions_obtained":[{"floor":1.0,"key":"SneckoOil"},{"floor":4.0,"key":"Block Potion"},{"floor":16.0,"key":"FearPotion"},{"floor":18.0,"key":"FairyPotion"},{"floor":21.0,"key":"SpeedPotion"},{"floor":30.0,"key":"Regen Potion"},{"floor":31.0,"key":"GhostInAJar"},{"floor":33.0,"key":"Dexterity Potion"},{"floor":39.0,"key":"LiquidBronze"},{"floor":40.0,"key":"SpeedPotion"},{"floor":45.0,"key":"PowerPotion"},{"floor":46.0,"key":"Weak Potion"},{"floor":54,"key":"GamblersBrew"}],"is_trial":false,"path_per_floor":["M","?","M","M","?","E","R","?","T","M","E","$","E","M","R","B",null,"M","$","?","M","M","E","M","E","T","?","M","R","E","M","R","B",null,"M","?","$","M","M","E","M","E","T","?","M","E","R","M","R","B",null,"R","$","E","B",null],"character_chosen":"THE_SILENT","items_purchased":["Lee\u0027s Waffle","Well Laid Plans","Noxious Fumes","Adrenaline","Oddly Smooth Stone","Dark Shackles","Backflip","Sadistic Nature","Well Laid Plans","Envenom","Footwork","Shuriken"],"campfire_rested":3,"item_purchase_floors":[12,12,19,19,37,37,37,53,53,53,53,53],"current_hp_per_floor":[70,58,57,57,50,45,45,45,45,38,11,74,65,56,56,11,76,66,66,62,59,51,51,46,45,45,45,35,60,58,49,74,86,86,82,82,82,82,84,59,47,13,13,15,14,14,41,39,39,9,94,94,94,57,7],"gold":38,"neow_bonus":"ONE_RANDOM_RARE_CARD","is_prod":false,"is_daily":false,"chose_seed":false,"campfire_upgraded":3,"win_rate":0,"timestamp":1549241158,"path_taken":["M","?","M","M","?","E","R","?","T","M","E","$","E","M","R","BOSS","M","$","?","M","M","E","M","E","T","?","M","R","E","M","R","BOSS","M","?","$","M","M","E","M","E","T","?","M","E","R","M","R","BOSS","R","$","E","BOSS"],"build_version":"2019-01-23","purchased_purges":2,"victory":true,"max_hp_per_floor":[70,70,70,70,70,70,70,65,65,67,67,74,74,76,76,76,76,76,76,78,80,80,82,82,82,82,82,84,84,84,86,86,86,86,86,86,86,86,88,88,88,88,88,90,92,92,92,94,94,94,94,94,94,96,96],"card_choices":[{"not_picked":["Escape Plan","Quick Slash"],"picked":"Dagger Spray","floor":1.0},{"not_picked":["Cloak And Dagger","Blade Dance"],"picked":"Infinite Blades","floor":3.0},{"not_picked":["Backflip","Calculated Gamble"],"picked":"Bouncing Flask","floor":4.0},{"not_picked":["Prepared","Sucker Punch"],"picked":"Acrobatics","floor":6.0},{"not_picked":["Acrobatics","Underhanded Strike","Flying Knee"],"picked":"Singing Bowl","floor":10.0},{"not_picked":["Sucker Punch","Dagger Throw"],"picked":"Crippling Poison","floor":11.0},{"not_picked":["Setup","Backflip"],"picked":"Die Die Die","floor":13.0},{"not_picked":["Deflect","Concentrate","Prepared"],"picked":"Singing Bowl","floor":14.0},{"not_picked":["Corpse Explosion","Storm of Steel"],"picked":"Wraith Form v2","floor":16.0},{"not_picked":["Outmaneuver","Finisher"],"picked":"PiercingWail","floor":18.0},{"not_picked":["Flying Knee","Prepared","Bane"],"picked":"Singing Bowl","floor":20.0},{"not_picked":["Blade Dance","Skewer+1","Choke"],"picked":"Singing Bowl","floor":21.0},{"not_picked":["Outmaneuver","Deflect+1"],"picked":"Backstab","floor":22.0},{"not_picked":["Reflex+1","Tools of the Trade","Quick Slash"],"picked":"Singing Bowl","floor":23.0},{"not_picked":["Skewer","Setup"],"picked":"Leg Sweep","floor":24.0},{"not_picked":["Infinite Blades","Skewer+1"],"picked":"PiercingWail+1","floor":25.0},{"not_picked":["Outmaneuver","Cloak And Dagger","Riddle With Holes+1"],"picked":"Singing Bowl","floor":28.0},{"not_picked":["Dagger Throw+1","Accuracy"],"picked":"Escape Plan+1","floor":30.0},{"not_picked":["Cloak And Dagger","Quick Slash+1","Dagger Spray+1"],"picked":"Singing Bowl","floor":31.0},{"not_picked":["Glass Knife+1","Venomology"],"picked":"Corpse Explosion","floor":33.0},{"not_picked":["Expertise+1","Dagger Spray+1"],"picked":"Backflip","floor":35.0},{"not_picked":["Noxious Fumes","Concentrate+1"],"picked":"Calculated Gamble+1","floor":38.0},{"not_picked":["Dash+1","Heel Hook+1","Slice+1"],"picked":"Singing Bowl","floor":39.0},{"not_picked":["Endless Agony+1","Choke+1"],"picked":"After Image","floor":40.0},{"not_picked":["Bouncing Flask+1","Endless Agony+1"],"picked":"Calculated Gamble+1","floor":41.0},{"not_picked":["Dodge and Roll","PiercingWail"],"picked":"Backflip+1","floor":42.0},{"not_picked":["PanicButton","Madness","Finesse"],"picked":"Singing Bowl","floor":44.0},{"not_picked":["PiercingWail","Dagger Throw+1","Poisoned Stab+1"],"picked":"Singing Bowl","floor":45.0},{"not_picked":["Setup","Terror"],"picked":"Blur+1","floor":46.0},{"not_picked":["Blade Dance+1","Expertise","Dagger Spray+1"],"picked":"Singing Bowl","floor":48.0},{"not_picked":["Riddle With Holes+1","Flying Knee+1","Masterful Stab+1"],"picked":"Singing Bowl","floor":54}],"player_experience":1374470,"relics_obtained":[{"floor":6.0,"key":"Lantern"},{"floor":9.0,"key":"Singing Bowl"},{"floor":11.0,"key":"Bronze Scales"},{"floor":13.0,"key":"Gremlin Horn"},{"floor":20.0,"key":"Red Mask"},{"floor":23.0,"key":"Orichalcum"},{"floor":25.0,"key":"Molten Egg 2"},{"floor":26.0,"key":"PreservedInsect"},{"floor":30.0,"key":"Bottled Lightning"},{"floor":40.0,"key":"Ginger"},{"floor":42.0,"key":"Bag of Preparation"},{"floor":46.0,"key":"The Courier"},{"floor":54,"key":"Happy Flower"}],"event_choices":[{"damage_healed":0.0,"max_hp_gain":0.0,"max_hp_loss":0.0,"gold_gain":0.0,"event_name":"Scrap Ooze","player_choice":"Success","floor":2.0,"gold_loss":0.0,"damage_taken":12.0,"relics_obtained":["Smiling Mask"]},{"cards_removed":["Strike_G"],"damage_healed":0.0,"max_hp_gain":0.0,"max_hp_loss":0.0,"gold_gain":0.0,"event_name":"Golden Wing","player_choice":"Card Removal","floor":5.0,"gold_loss":0.0,"damage_taken":7.0},{"damage_healed":0.0,"max_hp_gain":0.0,"max_hp_loss":5.0,"gold_gain":0.0,"event_name":"Golden Idol","player_choice":"Lose Max HP","floor":8.0,"gold_loss":0.0,"damage_taken":0.0,"relics_obtained":["Golden Idol"]},{"damage_healed":0.0,"max_hp_gain":0.0,"max_hp_loss":0.0,"gold_gain":0.0,"event_name":"Masked Bandits","player_choice":"Fought Bandits","floor":20.0,"gold_loss":0.0,"damage_taken":0.0},{"damage_healed":0.0,"max_hp_gain":0.0,"max_hp_loss":0.0,"gold_gain":0.0,"event_name":"Ghosts","player_choice":"Ignored","floor":27.0,"gold_loss":0.0,"damage_taken":0.0},{"damage_healed":0.0,"max_hp_gain":0.0,"max_hp_loss":0.0,"gold_gain":333.0,"event_name":"The Moai Head","player_choice":"Gave Idol","floor":36.0,"relics_lost":["Golden Idol"],"gold_loss":0.0,"damage_taken":0.0},{"damage_healed":0.0,"max_hp_gain":0.0,"max_hp_loss":0.0,"gold_gain":0.0,"event_name":"SensoryStone","player_choice":"Memory 1","floor":44.0,"gold_loss":0.0,"damage_taken":0.0}],"is_beta":true,"boss_relics":[{"not_picked":["Empty Cage","Runic Pyramid"],"picked":"Cursed Key"},{"not_picked":["Runic Dome","Calling Bell"],"picked":"Ring of the Serpent"}],"items_purged_floors":[37,53],"is_endless":false,"potions_floor_spawned":[1,4,16,18,21,22,25,30,31,33,39,40,45,46,54],"ascension_level":0}