{"gold_per_floor":[113,113,133,147,147,174,174,209,209,209,219,246,82,102,102,174,174,185,185,200,21,36,36,36,70,70,70,70,118,135,60,60,133,133,144,0,0,12,31,31],"floor_reached":40,"playtime":2714,"items_purged":["Strike_B","Strike_B"],"score":848,"play_id":"531fc688-6598-4065-995e-d853c687607a","local_time":"20190101103923","is_ascension_mode":true,"campfire_choices":[{"floor":7.0,"key":"REST"},{"data":"1","floor":10.0,"key":"LIFT"},{"floor":15.0,"key":"REST"},{"data":"Hologram","floor":23.0,"key":"SMITH"},{"floor":24.0,"key":"REST"},{"data":"Consume","floor":27.0,"key":"SMITH"},{"data":"Capacitor","floor":28.0,"key":"SMITH"},{"data":"Go for the Eyes","floor":32.0,"key":"SMITH"}],"neow_cost":"NONE","seed_source_timestamp":912872459797655,"circlet_count":0,"master_deck":["AscendersBane","Strike_B","Defend_B","Defend_B","Defend_B","Defend_B","Zap+1","Dualcast","Defragment+1","Rebound","Ball Lightning","Steam","Reinforced Body","Coolheaded","Creative AI","Glacier","Hologram+1","Electrodynamics","Go for the Eyes+1","Capacitor+1","Undo","Consume+1","Thunder Strike","Machine Learning","Conserve Battery+1","Barrage+1"],"special_seed":0,"relics":["Cracked Core","Mercury Hourglass","Emotion Chip","Girya","Ginger","Nuclear Battery","WingedGreaves","Bag of Preparation","Mummified Hand","Fusion Hammer","Red Mask"],"potions_floor_usage":[40,40],"damage_taken":[{"damage":9.0,"enemies":"2 Louse","floor":1.0,"turns":3.0},{"damage":1.0,"enemies":"Cultist","floor":3.0,"turns":3.0},{"damage":0.0,"enemies":"Small Slimes","floor":4.0,"turns":3.0},{"damage":25.0,"enemies":"Lagavulin","floor":6.0,"turns":5.0},{"damage":25.0,"enemies":"3 Sentries","floor":8.0,"turns":5.0},{"damage":14.0,"enemies":"Exordium Thugs","floor":11.0,"turns":3.0},{"damage":2.0,"enemies":"Lagavulin","floor":12.0,"turns":7.0},{"damage":3.0,"enemies":"Blue Slaver","floor":14.0,"turns":2.0},{"damage":12.0,"enemies":"Hexaghost","floor":16.0,"turns":8.0},{"damage":5.0,"enemies":"3 Byrds","floor":18.0,"turns":4.0},{"damage":7.0,"enemies":"2 Thieves","floor":20.0,"turns":4.0},{"damage":16.0,"enemies":"Centurion and Healer","floor":22.0,"turns":8.0},{"damage":21.0,"enemies":"Slavers","floor":25.0,"turns":3.0},{"damage":7.0,"enemies":"Sentry and Sphere","floor":30.0,"turns":4.0},{"damage":1.0,"enemies":"Automaton","floor":33.0,"turns":7.0},{"damage":0.0,"enemies":"3 Darklings","floor":35.0,"turns":3.0},{"damage":0.0,"enemies":"3 Shapes","floor":38.0,"turns":3.0},{"damage":9.0,"enemies":"3 Darklings","floor":39.0,"turns":3.0},{"damage":53,"enemies":"Reptomancer","floor":40,"turns":4}],"seed_played":"-3089894638127995170","potions_obtained":[{"floor":4.0,"key":"SneckoOil"},{"floor":6.0,"key":"Strength Potion"},{"floor":11.0,"key":"FocusPotion"},{"floor":12.0,"key":"LiquidBronze"},{"floor":18.0,"key":"Poison Potion"},{"floor":30.0,"key":"FocusPotion"}],"is_trial":false,"path_per_floor":["M","?","M","?","E","R","E","T","R","M","$","M","R","B",null,"M","?","$","M","R","R","E","T","R","R","T","M","?","R","B",null,"M","?","?","M","M"],"character_chosen":"DEFECT","items_purchased":["Glacier","FocusPotion"],"campfire_rested":3,"item_purchase_floors":[13,21],"current_hp_per_floor":[55,60,59,59,59,34,56,31,31,31,17,15,15,12,34,22,63,58,58,51,51,35,35,57,36,36,36,36,36,29,29,29,28,64,64,64,53,53,44,0],"gold":31,"neow_bonus":"UPGRADE_CARD","is_prod":false,"is_daily":false,"chose_seed":false,"campfire_upgraded":4,"win_rate":0,"timestamp":1546367963,"path_taken":["M","?","M","M","?","E","R","E","T","R","?","E","$","M","R","BOSS","M","?","?","$","M","R","R","E","T","R","R","?","M","?","R","BOSS","M","?","?","M","?","E"],"build_version":"2018-12-25","purchased_purges":2,"victory":false,"max_hp_per_floor":[71,76,76,76,76,76,76,76,76,76,76,76,76,76,76,76,76,76,76,76,76,76,76,76,76,76,76,76,76,76,76,76,76,76,76,76,76,76,76,76],"card_choices":[{"not_picked":["Coolheaded","Tempest"],"picked":"Defragment","floor":1.0},{"not_picked":["Chaos","Hologram"],"picked":"Rebound","floor":3.0},{"not_picked":["Compile Driver","Leap"],"picked":"Ball Lightning","floor":4.0},{"not_picked":["Meteor Strike","Barrage"],"picked":"Steam","floor":6.0},{"not_picked":["Go for the Eyes","Redo"],"picked":"Reinforced Body","floor":8.0},{"not_picked":["Rip and Tear","Redo"],"picked":"Coolheaded","floor":11.0},{"not_picked":["Coolheaded","Conserve Battery"],"picked":"Creative AI","floor":12.0},{"not_picked":["Blizzard","Stack"],"picked":"Hologram","floor":14.0},{"not_picked":["Fission","Amplify"],"picked":"Electrodynamics","floor":16.0},{"not_picked":["Doom and Gloom","Streamline"],"picked":"Go for the Eyes","floor":18.0},{"not_picked":["Compile Driver","Stack"],"picked":"Capacitor","floor":20.0},{"not_picked":["Coolheaded","Compile Driver"],"picked":"Undo","floor":22.0},{"not_picked":["Auto Shields","Stack"],"picked":"Consume","floor":25.0},{"not_picked":["Go for the Eyes","Scrape"],"picked":"Thunder Strike","floor":30.0},{"not_picked":["Hyperbeam","Electrodynamics"],"picked":"Machine Learning","floor":33.0},{"not_picked":["Rebound","Fusion"],"picked":"Conserve Battery+1","floor":35.0},{"not_picked":["Ball Lightning","Sweeping Beam+1","Leap+1"],"picked":"SKIP","floor":38.0},{"not_picked":["Cold Snap","Reinforced Body"],"picked":"Barrage+1","floor":39.0}],"player_experience":1170189,"relics_obtained":[{"floor":6.0,"key":"Mercury Hourglass"},{"floor":8.0,"key":"Emotion Chip"},{"floor":9.0,"key":"Girya"},{"floor":12.0,"key":"Ginger"},{"floor":25.0,"key":"Bag of Preparation"},{"floor":26.0,"key":"Mummified Hand"}],"event_choices":[{"damage_healed":0.0,"max_hp_gain":5.0,"max_hp_loss":0.0,"gold_gain":0.0,"event_name":"Big Fish","player_choice":"Donut","floor":2.0,"gold_loss":0.0,"damage_taken":0.0},{"damage_healed":0.0,"max_hp_gain":0.0,"max_hp_loss":0.0,"gold_gain":0.0,"event_name":"Accursed Blacksmith","player_choice":"Forge","floor":5.0,"gold_loss":0.0,"damage_taken":0.0,"cards_upgraded":["Defragment"]},{"damage_healed":0.0,"max_hp_gain":0.0,"max_hp_loss":0.0,"gold_gain":0.0,"event_name":"WeMeetAgain","player_choice":"Gave Potion","floor":19.0,"gold_loss":0.0,"damage_taken":0.0,"relics_obtained":["WingedGreaves"]},{"cards_removed":["Strike_B"],"damage_healed":0.0,"max_hp_gain":0.0,"max_hp_loss":0.0,"gold_gain":0.0,"event_name":"Beggar","player_choice":"Gave Gold","floor":31.0,"gold_loss":75.0,"damage_taken":0.0},{"damage_healed":0.0,"max_hp_gain":0.0,"max_hp_loss":0.0,"gold_gain":0.0,"event_name":"Tomb of Lord Red Mask","player_choice":"Paid","floor":36.0,"gold_loss":144.0,"damage_taken":0.0,"relics_obtained":["Red Mask"]},{"damage_healed":0.0,"max_hp_gain":0.0,"max_hp_loss":0.0,"gold_gain":0.0,"event_name":"Wheel of Change","player_choice":"Damaged","floor":37.0,"gold_loss":0.0,"damage_taken":11.0}],"is_beta":true,"boss_relics":[{"not_picked":["Ectoplasm","Philosopher\u0027s Stone"],"picked":"Nuclear Battery"},{"not_picked":["White Beast Statue","Empty Cage"],"picked":"Fusion Hammer"}],"items_purged_floors":[13,21],"is_endless":false,"potions_floor_spawned":[4,6,11,12,18,22,30,38],"killed_by":"Reptomancer","ascension_level":20}