{"path_per_floor":["M","?","M","?","M","E","M","?","T","E","M","M","R","$","R","B",null,"M","$","?","?","M","E","R","E","T","?","M","E","M","M","R","B",null,"M","?","?","?","M","E","$","M","T","M","M","R","?","M","R","B"],"character_chosen":"IRONCLAD","items_purchased":["Anchor","Apotheosis"],"gold_per_floor":[119,119,135,135,153,183,201,227,280,313,328,340,340,111,111,210,210,224,124,124,124,143,169,169,199,199,124,138,165,184,202,202,303,303,316,316,316,316,330,364,60,71,146,161,180,180,180,190,190,190],"floor_reached":51,"campfire_rested":2,"playtime":4739,"current_hp_per_floor":[80,80,77,77,80,46,44,54,54,70,76,68,68,68,68,25,80,80,80,80,80,80,42,66,71,71,71,80,46,45,64,80,80,80,80,80,80,70,57,51,51,84,84,84,67,67,67,75,75,71],"items_purged":["Strike_R","Strike_R","Strike_R"],"gold":190,"score":599,"play_id":"ef5ecf1b-3484-4a60-88c1-0bae67ef860d","is_prod":false,"is_daily":false,"is_ascension_mode":false,"campfire_upgraded":4,"path_taken":["M","?","M","?","M","E","M","?","T","E","M","M","R","$","R","BOSS","M","$","?","?","M","E","R","E","T","?","M","E","M","M","R","BOSS","M","?","?","?","M","E","$","M","T","?","M","R","?","M","R","BOSS"],"build_version":"2018-02-15-PROD1","purchased_purges":3,"victory":true,"master_deck":["Strike_R+1","Defend_R+1","Defend_R+1","Defend_R+1","Defend_R+1","Bash","Barricade+1","Headbutt","Inflame","Reaper","Flex","Flex","Iron Wave+1","Armaments+1","Cleave","Armaments+1","Headbutt","Thunderclap+1","Spot Weakness+1","Whirlwind+1","Iron Wave","Shrug It Off","Shockwave+1","Limit Break+1","Madness","Madness","Body Slam+1","Apotheosis","Body Slam","Body Slam+1"],"max_hp_per_floor":[80,80,80,80,80,80,80,80,80,80,80,80,80,80,80,80,80,80,80,80,80,80,80,80,80,80,80,80,80,80,80,80,80,80,80,80,80,80,80,82,82,84,84,84,86,86,86,86,86,86],"relics":["Burning Blood","Vajra","Odd Mushroom","Blood Vial","Lantern","Anchor","Velvet Choker","Oddly Smooth Stone","War Paint","Ice Cream","Mercury Hourglass","Black Star","Singing Bowl","Pen Nib","Mummified Hand"],"card_choices":[{"not_picked":["Anger","Warcry"],"picked":"Headbutt"},{"not_picked":["Brutality","Armaments"],"picked":"Inflame"},{"not_picked":["Wild Strike","Warcry"],"picked":"Rage"},{"not_picked":["Juggernaut","Pummel"],"picked":"Flex"},{"not_picked":["Havoc","True Grit"],"picked":"Iron Wave"},{"not_picked":["Thunderclap","True Grit"],"picked":"Armaments"},{"not_picked":["Twin Strike","Infernal Blade"],"picked":"Cleave"},{"not_picked":["Flex","Feel No Pain"],"picked":"Armaments"},{"not_picked":["Twin Strike","Second Wind"],"picked":"Headbutt"},{"not_picked":["Rupture","Fire Breathing"],"picked":"Thunderclap"},{"not_picked":["Barricade","Armaments"],"picked":"Spot Weakness"},{"not_picked":["Clash","Twin Strike"],"picked":"Whirlwind"},{"not_picked":["Wild Strike","Clash"],"picked":"Iron Wave"},{"not_picked":["Warcry","Pommel Strike"],"picked":"Shrug It Off"},{"not_picked":["Warcry","Spot Weakness"],"picked":"Shockwave"},{"not_picked":["Exhume","Berserk"],"picked":"Limit Break"},{"not_picked":["Shockwave","Cleave"],"picked":"Body Slam"},{"not_picked":["Iron Wave","Fire Breathing"],"picked":"Body Slam"},{"not_picked":["Twin Strike","Limit Break"],"picked":"Body Slam"}],"player_experience":148844,"potions_floor_usage":[6,8,10,16,23,28,33,33,35,40,40,50,50],"damage_taken":[{"damage":5,"enemies":"Jaw Worm","floor":1,"turns":5},{"damage":9,"enemies":"2 Louse","floor":3,"turns":5},{"damage":10,"enemies":"Cultist","floor":5,"turns":4},{"damage":44,"enemies":"Gremlin Nob","floor":6,"turns":5},{"damage":24,"enemies":"Lots of Slimes","floor":7,"turns":5},{"damage":23,"enemies":"The Mushroom Lair","floor":8,"turns":4},{"damage":13,"enemies":"3 Sentries","floor":10,"turns":8},{"damage":18,"enemies":"3 Louse","floor":11,"turns":3},{"damage":16,"enemies":"Blue Slaver","floor":12,"turns":4},{"damage":54,"enemies":"The Guardian","floor":16,"turns":11},{"damage":0,"enemies":"Chosen","floor":18,"turns":6},{"damage":5,"enemies":"3 Byrds","floor":22,"turns":6},{"damage":44,"enemies":"Book of Stabbing","floor":23,"turns":6},{"damage":10,"enemies":"Slavers","floor":25,"turns":6},{"damage":12,"enemies":"Cultist and Chosen","floor":28,"turns":5},{"damage":40,"enemies":"Gremlin Leader","floor":29,"turns":6},{"damage":9,"enemies":"Snake Plant","floor":30,"turns":3},{"damage":0,"enemies":"Snecko","floor":31,"turns":4},{"damage":0,"enemies":"Collector","floor":33,"turns":8},{"damage":3,"enemies":"3 Darklings","floor":35,"turns":4},{"damage":21,"enemies":"3 Shapes","floor":39,"turns":3},{"damage":41,"enemies":"Nemesis","floor":40,"turns":7},{"damage":3,"enemies":"3 Darklings","floor":42,"turns":4},{"damage":0,"enemies":"4 Shapes","floor":44,"turns":4},{"damage":40,"enemies":"Maw","floor":45,"turns":8},{"damage":0,"enemies":"Sphere and 2 Shapes","floor":48,"turns":3},{"damage":53,"enemies":"Awakened One","floor":50,"turns":8}],"event_choices":[{"event_name":"Living Wall","player_choice":"Grow","floor":2,"damage_taken":0},{"event_name":"Match and Keep!","player_choice":"2 cards matched","floor":4,"damage_taken":0},{"event_name":"Mushrooms","player_choice":"Fought Mushrooms","floor":8,"damage_taken":0},{"event_name":"Drug Dealer","player_choice":"Ignored","floor":20,"damage_taken":0},{"event_name":"Back to Basics","player_choice":"Simplicity","floor":21,"damage_taken":0},{"event_name":"Beggar","player_choice":"Gave Gold","floor":27,"damage_taken":0},{"event_name":"Mysterious Sphere","player_choice":"Ignore","floor":36,"damage_taken":0},{"event_name":"Tomb of Lord Red Mask","player_choice":"Ignored","floor":37,"damage_taken":0},{"event_name":"Winding Halls","player_choice":"Embrace Madness","floor":38,"damage_taken":0}],"boss_relics":[{"not_picked":["Tiny House","Black Blood"],"picked":"Velvet Choker"},{"not_picked":["Eternal Feather","Runic Dome"],"picked":"Black Star"}],"potions_floor_spawned":[3,7,8,11,18,22,25,30,31,33,35,42,48],"seed_played":"-6866116674972944893","ascension_level":0,"is_trial":false}