{"path_per_floor":["M","?","M","$","M","E","M","R","T","M","?","M","R","M","R","B",null,"M","$","M"],"character_chosen":"DEFECT","items_purchased":["Static Discharge","Ice Cream","Leap","Storm","Bag of Preparation","Beam Cell","Flux Capacitor"],"gold_per_floor":[211,211,223,154,171,504,515,515,587,597,697,710,710,725,725,829,829,846,193,205,205],"floor_reached":21,"campfire_rested":3,"playtime":799,"current_hp_per_floor":[73,73,72,72,71,50,36,58,58,46,46,17,39,13,35,19,75,67,67,52,0],"items_purged":[],"gold":205,"score":183,"play_id":"49328cf2-3cf6-4567-b769-76d984841ff1","local_time":"20180428113320","is_prod":false,"is_daily":false,"chose_seed":false,"is_ascension_mode":false,"campfire_upgraded":0,"timestamp":1524929600,"path_taken":["M","?","M","$","M","E","M","R","T","M","?","M","R","?","R","BOSS","M","$","M","M"],"build_version":"2018-04-27v3","seed_source_timestamp":1392777812312792,"purchased_purges":0,"victory":false,"master_deck":["Strike_B","Strike_B","Strike_B","Strike_B","Defend_B","Defend_B","Defend_B","Defend_B","Zap","Dualcast","Ball Lightning","Darkness","Static Discharge","Loop","Chaos","White Noise","Doom and Gloom","Aggregate","Conserve Battery","Thunder Strike","Barrage+1","Leap","Storm","Beam Cell","Flux Capacitor","Auto Shields"],"max_hp_per_floor":[75,75,75,75,75,75,75,75,75,75,75,75,75,75,75,75,75,75,75,75,75],"relics":["Cracked Core","Old Coin","Darkstone Periapt","Inserter","Ice Cream","Bag of Preparation"],"card_choices":[{"not_picked":["Skim","Double Energy"],"picked":"Ball Lightning","floor":1},{"not_picked":["Coolheaded","Sweeping Beam"],"picked":"Darkness","floor":3},{"not_picked":["Sweeping Beam","Coolheaded"],"picked":"Loop","floor":5},{"not_picked":["Ball Lightning","Biased Cognition"],"picked":"Chaos","floor":6},{"not_picked":["Streamline","Stack"],"picked":"White Noise","floor":7},{"not_picked":["Coolheaded","Streamline"],"picked":"Doom and Gloom","floor":10},{"not_picked":["Leap","Go for the Eyes"],"picked":"Aggregate","floor":12},{"not_picked":["Ball Lightning","Axe Kick"],"picked":"Conserve Battery","floor":14},{"not_picked":["Creative AI","Fission"],"picked":"Thunder Strike","floor":16},{"not_picked":["Chill","Capacitor"],"picked":"Barrage","floor":18},{"not_picked":["Static Discharge","Impulse"],"picked":"Auto Shields","floor":20}],"player_experience":306921,"potions_floor_usage":[16,16,16],"damage_taken":[{"damage":2,"enemies":"Small Slimes","floor":1,"turns":4},{"damage":1,"enemies":"Cultist","floor":3,"turns":3},{"damage":1,"enemies":"Jaw Worm","floor":5,"turns":3},{"damage":21,"enemies":"Lagavulin","floor":6,"turns":5},{"damage":14,"enemies":"Blue Slaver","floor":7,"turns":3},{"damage":12,"enemies":"Lots of Slimes","floor":10,"turns":4},{"damage":29,"enemies":"Gremlin Gang","floor":12,"turns":4},{"damage":26,"enemies":"Exordium Wildlife","floor":14,"turns":4},{"damage":31,"enemies":"Slime Boss","floor":16,"turns":7},{"damage":8,"enemies":"Chosen","floor":18,"turns":6},{"damage":15,"enemies":"Shell Parasite","floor":20,"turns":4},{"damage":60,"enemies":"3 Cultists","floor":21,"turns":4}],"event_choices":[{"event_name":"The Lab","player_choice":"Got Potions","floor":2,"damage_taken":0},{"event_name":"Golden Shrine","player_choice":"Pray","floor":11,"damage_taken":0}],"boss_relics":[{"not_picked":["Astrolabe","Runic Dome"],"picked":"Inserter"}],"potions_floor_spawned":[5,6,7,12,18,20],"seed_played":"-2940199785100894769","killed_by":"3 Cultists","ascension_level":0,"is_trial":false}