{"gold_per_floor":[113,130,146,146,63,94,46,46,46,67,85,85,105,123,123,123],"floor_reached":16,"playtime":613,"items_purged":[],"score":104,"play_id":"60dfed22-e139-41a8-9167-3d56c0aecdc7","local_time":"20181230160517","is_ascension_mode":false,"campfire_choices":[{"data":"True Grit","floor":12,"key":"SMITH"},{"floor":15,"key":"REST"}],"neow_cost":"NONE","seed_source_timestamp":4547978580598,"circlet_count":0,"master_deck":["Strike_R","Strike_R","Strike_R","Strike_R","Strike_R","Defend_R","Defend_R","Defend_R","Defend_R","Bash","Feel No Pain","Twin Strike","Sword Boomerang","Uppercut","True Grit+1","Dark Embrace","Pommel Strike","Anger","Rage","Armaments"],"relics":["Burning Blood","Bottled Lightning","Golden Idol","Ornamental Fan"],"potions_floor_usage":[2,13,16],"damage_taken":[{"damage":1,"enemies":"Cultist","floor":1,"turns":3},{"damage":1,"enemies":"Jaw Worm","floor":2,"turns":4},{"damage":0,"enemies":"Small Slimes","floor":3,"turns":5},{"damage":26,"enemies":"Gremlin Nob","floor":6,"turns":5},{"damage":23,"enemies":"Exordium Thugs","floor":10,"turns":5},{"damage":8,"enemies":"3 Louse","floor":11,"turns":3},{"damage":26,"enemies":"Gremlin Gang","floor":13,"turns":6},{"damage":6,"enemies":"Lots of Slimes","floor":14,"turns":5},{"damage":51,"enemies":"Slime Boss","floor":16,"turns":9}],"seed_played":"3318557720471244786","potions_obtained":[{"floor":0,"key":"Swift Potion"},{"floor":0,"key":"EssenceOfSteel"},{"floor":0,"key":"LiquidBronze"},{"floor":10,"key":"Block Potion"},{"floor":11,"key":"LiquidBronze"}],"is_trial":false,"path_per_floor":["M","M","M","?","$","E","$","?","T","M","M","R","M","M","R","B"],"character_chosen":"IRONCLAD","items_purchased":["Uppercut","True Grit","Pommel Strike"],"campfire_rested":1,"item_purchase_floors":[5,5,7],"current_hp_per_floor":[80,80,80,80,80,60,60,60,60,43,41,41,21,21,43,0],"gold":123,"neow_bonus":"THREE_SMALL_POTIONS","is_prod":false,"is_daily":false,"chose_seed":false,"campfire_upgraded":1,"win_rate":0,"timestamp":1546203917,"path_taken":["M","M","M","?","?","E","$","?","T","M","M","R","?","M","R","BOSS"],"build_version":"2018-12-25","purchased_purges":0,"victory":false,"max_hp_per_floor":[80,80,80,80,80,80,80,74,74,74,74,74,74,74,74,74],"card_choices":[{"not_picked":["Headbutt","Second Wind"],"picked":"Feel No Pain","floor":1},{"not_picked":["Havoc","Thunderclap"],"picked":"Twin Strike","floor":2},{"not_picked":["Seeing Red","Pummel"],"picked":"Sword Boomerang","floor":3},{"not_picked":["Rupture","Flex"],"picked":"Dark Embrace","floor":6},{"not_picked":["Seeing Red","Sever Soul"],"picked":"Anger","floor":10},{"not_picked":["Perfected Strike","Warcry","Uppercut"],"picked":"SKIP","floor":11},{"not_picked":["Warcry","Burning Pact"],"picked":"Rage","floor":13},{"not_picked":["Seeing Red","Anger"],"picked":"Armaments","floor":14}],"player_experience":1079908,"relics_obtained":[{"floor":6,"key":"Bottled Lightning"},{"floor":9,"key":"Ornamental Fan"}],"event_choices":[{"damage_healed":0,"gold_gain":0,"player_choice":"Full Heal","damage_taken":0,"max_hp_gain":0,"max_hp_loss":0,"event_name":"Wheel of Change","floor":4,"gold_loss":0},{"damage_healed":0,"gold_gain":0,"player_choice":"Lose Max HP","damage_taken":0,"relics_obtained":["Golden Idol"],"max_hp_gain":0,"max_hp_loss":6,"event_name":"Golden Idol","floor":8,"gold_loss":0}],"is_beta":true,"boss_relics":[],"items_purged_floors":[],"is_endless":false,"potions_floor_spawned":[10,11],"killed_by":"Slime Boss","ascension_level":0}