{"gold_per_floor":[112,33,108,40,1,35,35,69,69,122,155,175,193,223,223,327,327,347,46,46,46,59,59,72,90,168,14,14,24,24,24,24,127,127,137,137,137,157,157,157,174,174,174,187,187,187],"floor_reached":46,"playtime":1892,"items_purged":["Shame"],"score":751,"play_id":"0a585e11-9c9d-471e-a4a8-1c640d37e87c","local_time":"20180903193102","is_ascension_mode":true,"campfire_choices":[{"data":"Bash","floor":7,"key":"SMITH"},{"data":"Clothesline","floor":15,"key":"SMITH"},{"data":"Feel No Pain","floor":23,"key":"SMITH"},{"floor":28,"key":"REST"},{"data":"True Grit","floor":30,"key":"SMITH"},{"floor":32,"key":"REST"},{"data":"Uppercut","floor":40,"key":"SMITH"},{"data":"Demon Form","floor":42,"key":"SMITH"}],"neow_cost":"NONE","seed_source_timestamp":1409786379968544,"circlet_count":0,"master_deck":["Strike_R","Strike_R","Strike_R","Strike_R","Defend_R","Defend_R","Defend_R","Defend_R","Bash+1","AscendersBane","Perfected Strike","Inflame","Corruption","Feel No Pain+1","Shrug It Off","Fiend Fire","Reckless Charge","Clothesline+1","Clash","Demon Form+1","Twin Strike","Shrug It Off","True Grit+1","Uppercut+1","Power Through","Metallicize+1","Shrug It Off","Wild Strike","Metallicize+1","Writhe","Battle Trance+1","Warcry+1","Armaments+1"],"relics":["Burning Blood","NeowsBlessing","Mummified Hand","Centennial Puzzle","Blood Vial","Pen Nib","Snecko Eye","Self Forming Clay","Blue Candle","Frozen Egg 2","Eternal Feather","Pear"],"potions_floor_usage":[16,16,16,25,33,46],"damage_taken":[{"damage":0,"enemies":"Jaw Worm","floor":1,"turns":1},{"damage":0,"enemies":"Gremlin Nob","floor":6,"turns":1},{"damage":0,"enemies":"3 Sentries","floor":8,"turns":1},{"damage":40,"enemies":"Lagavulin","floor":11,"turns":5},{"damage":0,"enemies":"2 Louse","floor":12,"turns":2},{"damage":0,"enemies":"Cultist","floor":13,"turns":3},{"damage":63,"enemies":"Hexaghost","floor":16,"turns":13},{"damage":15,"enemies":"Shell Parasite","floor":18,"turns":4},{"damage":5,"enemies":"3 Byrds","floor":22,"turns":5},{"damage":20,"enemies":"Centurion and Healer","floor":24,"turns":3},{"damage":15,"enemies":"Snake Plant","floor":25,"turns":4},{"damage":7,"enemies":"Chosen and Byrds","floor":29,"turns":6},{"damage":67,"enemies":"Automaton","floor":33,"turns":11},{"damage":20,"enemies":"3 Darklings","floor":35,"turns":6},{"damage":12,"enemies":"Orb Walker","floor":38,"turns":3},{"damage":57,"enemies":"Sphere and 2 Shapes","floor":41,"turns":7},{"damage":56,"enemies":"4 Shapes","floor":44,"turns":11},{"damage":30,"enemies":"Jaw Worm Horde","floor":46,"turns":4}],"seed_played":"-7392040342664506810","potions_obtained":[{"floor":1,"key":"BloodPotion"},{"floor":6,"key":"EssenceOfSteel"},{"floor":11,"key":"Dexterity Potion"},{"floor":16,"key":"SkillPotion"},{"floor":24,"key":"Strength Potion"},{"floor":35,"key":"FearPotion"},{"floor":44,"key":"GamblersBrew"}],"is_trial":false,"path_per_floor":["M","$","?","$","$","E","R","E","T","?","E","M","M","?","R","B",null,"M","$","?","?","M","R","M","M","T","$","R","M","R","?","R","B",null,"M","?","?","M","$","R","M","R","T","M","?"],"character_chosen":"IRONCLAD","items_purchased":["Inflame","Corruption","Feel No Pain","Self Forming Clay","Shrug It Off","Metallicize+1","Shrug It Off"],"campfire_rested":2,"item_purchase_floors":[2,4,5,19,19,27,27],"current_hp_per_floor":[78,78,67,67,67,73,73,79,79,79,46,54,62,62,62,15,64,57,57,57,57,60,60,48,41,41,41,65,66,66,51,76,17,68,56,56,77,73,73,85,34,52,62,14,14,0],"gold":187,"neow_bonus":"THREE_ENEMY_KILL","is_prod":false,"is_daily":false,"chose_seed":false,"campfire_upgraded":6,"win_rate":0,"timestamp":1536017462,"path_taken":["M","$","?","?","$","E","R","E","T","?","E","?","M","?","R","BOSS","M","$","?","?","M","R","?","M","T","$","R","M","R","?","R","BOSS","M","?","?","M","$","R","M","R","T","M","?","M"],"build_version":"2018-08-30","purchased_purges":1,"victory":false,"max_hp_per_floor":[80,80,80,80,80,80,80,80,80,80,80,80,80,80,80,80,80,80,80,80,80,80,80,80,80,80,80,80,80,80,85,85,85,85,85,85,85,85,85,85,85,85,95,95,95,95],"card_choices":[{"not_picked":["Rupture","Blood for Blood"],"picked":"Perfected Strike","floor":1},{"not_picked":["Second Wind","Infernal Blade"],"picked":"Shrug It Off","floor":6},{"not_picked":["Rage","Body Slam"],"picked":"Fiend Fire","floor":8},{"not_picked":["Warcry","Combust"],"picked":"Reckless Charge","floor":11},{"not_picked":["Ghostly Armor","Shrug It Off"],"picked":"Clothesline","floor":12},{"not_picked":["Thunderclap","Combust"],"picked":"Clash","floor":13},{"not_picked":["Brutality","Fiend Fire"],"picked":"Demon Form","floor":16},{"not_picked":["Pommel Strike","Body Slam"],"picked":"Twin Strike","floor":18},{"not_picked":["Iron Wave","Perfected Strike"],"picked":"True Grit","floor":22},{"not_picked":["Warcry","Headbutt"],"picked":"Uppercut","floor":24},{"not_picked":["Thunderclap","Berserk"],"picked":"Power Through","floor":25},{"not_picked":["Cleave","True Grit+1"],"picked":"Wild Strike","floor":29},{"not_picked":["Headbutt","Wild Strike+1"],"picked":"Metallicize+1","floor":35},{"not_picked":["Sentinel+1","True Grit"],"picked":"Battle Trance+1","floor":38},{"not_picked":["Pommel Strike+1","Second Wind+1"],"picked":"Warcry+1","floor":41},{"not_picked":["Flex","Shrug It Off+1"],"picked":"Armaments+1","floor":44}],"player_experience":846797,"relics_obtained":[{"floor":6,"key":"Mummified Hand"},{"floor":8,"key":"Centennial Puzzle"},{"floor":9,"key":"Blood Vial"},{"floor":11,"key":"Pen Nib"},{"floor":26,"key":"Frozen Egg 2"},{"floor":43,"key":"Pear"}],"event_choices":[{"event_name":"World of Goop","player_choice":"Gather Gold","floor":3,"damage_taken":0},{"event_name":"Golden Wing","player_choice":"Gained Gold","floor":10,"damage_taken":0},{"event_name":"Dead Adventurer","player_choice":"Searched \u00271\u0027 times","floor":14,"damage_taken":0},{"event_name":"Beggar","player_choice":"Ignored","floor":20,"damage_taken":0},{"event_name":"Addict","player_choice":"Stole Relic","floor":21,"damage_taken":0},{"event_name":"Forgotten Altar","player_choice":"Shed Blood","floor":31,"damage_taken":0},{"event_name":"Purifier","player_choice":"One Purge","floor":36,"damage_taken":0},{"event_name":"Winding Halls","player_choice":"Writhe","floor":37,"damage_taken":0},{"event_name":"Tomb of Lord Red Mask","player_choice":"Ignored","floor":45,"damage_taken":0}],"is_beta":true,"boss_relics":[{"not_picked":["Astrolabe","Black Star"],"picked":"Snecko Eye"},{"not_picked":["Empty Cage","Lizard Tail"],"picked":"Eternal Feather"}],"items_purged_floors":[27],"is_endless":false,"potions_floor_spawned":[1,6,11,16,24,35,44],"killed_by":"Jaw Worm Horde","ascension_level":10}