{"gold_per_floor":[214,234,234,199,215,215,238,267,294,294,308,308,342,226,226,345,345,366,366,366,366,385,385,413,413,438,438,438,438,452,465,465,568,568,585,376,393,393,32,32,67,67,67,67,67,67,82,33,33,33],"floor_reached":51,"playtime":2460,"items_purged":["Strike_B"],"score":1072,"play_id":"bcfd2487-2a2b-44f2-81d0-419846d4bf18","local_time":"20181230104639","is_ascension_mode":true,"campfire_choices":[{"data":"Zap","floor":6,"key":"SMITH"},{"floor":10,"key":"REST"},{"floor":12,"key":"REST"},{"data":"Static Discharge","floor":15,"key":"SMITH"},{"floor":23,"key":"REST"},{"floor":25,"key":"REST"},{"data":"Buffer","floor":29,"key":"SMITH"},{"floor":32,"key":"REST"},{"data":"Consume","floor":40,"key":"SMITH"},{"data":"Go for the Eyes","floor":42,"key":"SMITH"},{"floor":44,"key":"REST"},{"data":"Coolheaded","floor":49,"key":"SMITH"}],"neow_cost":"NONE","seed_source_timestamp":132673877224055,"circlet_count":0,"master_deck":["AscendersBane","Strike_B+1","Strike_B+1","Defend_B+1","Defend_B+1","Defend_B+1","Defend_B+1","Zap+1","Dualcast","Capacitor","Sweeping Beam","Go for the Eyes+1","FTL","BootSequence","Tempest","Static Discharge+1","Buffer+1","Force Field","Conserve Battery","Consume+1","Heatsinks","Coolheaded+1","Steam+1","Leap","Coolheaded"],"relics":["Cracked Core","Bloody Idol","Odd Mushroom","DataDisk","Blood Vial","Inserter","Nilry\u0027s Codex","Sundial","Oddly Smooth Stone","Busted Crown","HandDrill","FossilizedHelix","Mummified Hand","Bag of Preparation"],"potions_floor_usage":[7,18,24,33,50,50],"damage_taken":[{"damage":8,"enemies":"2 Louse","floor":1,"turns":3},{"damage":10,"enemies":"Small Slimes","floor":2,"turns":4},{"damage":5,"enemies":"Cultist","floor":5,"turns":4},{"damage":11,"enemies":"Large Slime","floor":7,"turns":5},{"damage":27,"enemies":"The Mushroom Lair","floor":8,"turns":4},{"damage":0,"enemies":"Looter","floor":11,"turns":2},{"damage":12,"enemies":"Gremlin Nob","floor":13,"turns":3},{"damage":32,"enemies":"Hexaghost","floor":16,"turns":6},{"damage":17,"enemies":"Shell Parasite","floor":18,"turns":7},{"damage":28,"enemies":"2 Thieves","floor":22,"turns":4},{"damage":34,"enemies":"Book of Stabbing","floor":24,"turns":5},{"damage":9,"enemies":"Snake Plant","floor":30,"turns":4},{"damage":24,"enemies":"Centurion and Healer","floor":31,"turns":8},{"damage":44,"enemies":"Automaton","floor":33,"turns":14},{"damage":0,"enemies":"Orb Walker","floor":35,"turns":5},{"damage":20,"enemies":"3 Shapes","floor":37,"turns":5},{"damage":12,"enemies":"Giant Head","floor":41,"turns":11},{"damage":0,"enemies":"3 Darklings","floor":47,"turns":7},{"damage":37,"enemies":"Awakened One","floor":50,"turns":17}],"seed_played":"2764407652733379591","potions_obtained":[{"floor":2,"key":"Strength Potion"},{"floor":8,"key":"Regen Potion"},{"floor":13,"key":"SteroidPotion"},{"floor":18,"key":"Dexterity Potion"},{"floor":31,"key":"Dexterity Potion"},{"floor":47,"key":"GamblersBrew"}],"is_trial":false,"path_per_floor":["M","M","?","?","M","R","M","?","T","R","M","R","E","$","R","B",null,"M","?","?","?","M","R","E","R","T","?","?","R","M","M","R","B",null,"M","$","M","?","$","R","E","R","T","R","?","?","M","$","R","B",null],"character_chosen":"DEFECT","items_purchased":["Static Discharge","HandDrill","FossilizedHelix","Leap","Coolheaded"],"campfire_rested":6,"item_purchase_floors":[14,36,39,39,48],"current_hp_per_floor":[60,50,50,67,62,62,51,24,24,44,44,64,52,52,52,22,57,51,51,35,35,19,39,12,32,37,60,60,60,58,41,61,24,58,65,65,52,52,52,52,47,47,47,67,67,67,69,69,69,32],"gold":33,"neow_bonus":"HUNDRED_GOLD","is_prod":false,"is_daily":false,"chose_seed":false,"campfire_upgraded":6,"win_rate":0,"timestamp":1546184799,"path_taken":["M","M","?","?","M","R","M","?","T","R","M","R","E","$","R","BOSS","M","?","?","?","M","R","E","R","T","?","?","R","M","?","R","BOSS","M","$","M","?","$","R","E","R","T","R","?","?","M","?","R","BOSS"],"build_version":"2018-12-25","purchased_purges":1,"victory":true,"max_hp_per_floor":[75,75,69,69,69,69,69,69,69,69,69,69,69,69,69,69,69,69,69,69,69,69,69,69,69,69,69,69,69,69,69,69,69,69,69,69,69,69,69,69,69,69,69,69,69,69,69,69,69,69],"card_choices":[{"not_picked":["Steam","Steam Power"],"picked":"Capacitor","floor":1},{"not_picked":["Double Energy","Steam Power"],"picked":"Sweeping Beam","floor":2},{"not_picked":["Loop","Barrage"],"picked":"Go for the Eyes","floor":5},{"not_picked":["Sweeping Beam","Aggregate"],"picked":"FTL","floor":7},{"not_picked":["Sweeping Beam","Leap"],"picked":"BootSequence","floor":8},{"not_picked":["Storm","Aggregate"],"picked":"Streamline","floor":11},{"not_picked":["Storm","Stack"],"picked":"Tempest","floor":13},{"not_picked":["Thunder Strike","Meteor Strike"],"picked":"Buffer","floor":16},{"not_picked":["Ball Lightning","Beam Cell"],"picked":"Force Field","floor":18},{"not_picked":["Streamline","Stack+1"],"picked":"Conserve Battery","floor":22},{"not_picked":["Compile Driver","Redo"],"picked":"Consume","floor":24},{"not_picked":["Reprogram","Streamline","Static Discharge"],"picked":"SKIP","floor":30},{"not_picked":["Go for the Eyes","Scrape"],"picked":"Coolheaded","floor":31},{"not_picked":[],"picked":"Steam+1","floor":35},{"not_picked":["Sweeping Beam"],"picked":"SKIP","floor":37},{"not_picked":["Go for the Eyes"],"picked":"SKIP","floor":41},{"not_picked":["FTL"],"picked":"SKIP","floor":47}],"player_experience":1070872,"relics_obtained":[{"floor":8,"key":"Odd Mushroom"},{"floor":9,"key":"DataDisk"},{"floor":13,"key":"Blood Vial"},{"floor":20,"key":"Nilry\u0027s Codex"},{"floor":24,"key":"Sundial"},{"floor":26,"key":"Oddly Smooth Stone"},{"floor":41,"key":"Mummified Hand"},{"floor":43,"key":"Bag of Preparation"}],"event_choices":[{"damage_healed":0,"gold_gain":0,"player_choice":"Lose Max HP","damage_taken":0,"relics_obtained":["Golden Idol"],"max_hp_gain":0,"max_hp_loss":6,"event_name":"Golden Idol","floor":3,"gold_loss":0},{"damage_healed":17,"gold_gain":0,"player_choice":"Healed","damage_taken":0,"max_hp_gain":0,"max_hp_loss":0,"event_name":"The Cleric","floor":4,"gold_loss":35},{"damage_healed":0,"gold_gain":0,"player_choice":"Fought Mushrooms","damage_taken":0,"max_hp_gain":0,"max_hp_loss":0,"event_name":"Mushrooms","floor":8,"gold_loss":0},{"damage_healed":0,"gold_gain":0,"player_choice":"Gave Idol","damage_taken":0,"relics_obtained":["Bloody Idol"],"max_hp_gain":0,"max_hp_loss":0,"event_name":"Forgotten Altar","floor":19,"relics_lost":["Golden Idol"],"gold_loss":0},{"damage_healed":0,"gold_gain":0,"player_choice":"Obtained Book","damage_taken":16,"max_hp_gain":0,"max_hp_loss":0,"event_name":"Cursed Tome","floor":20,"gold_loss":0},{"damage_healed":0,"gold_gain":0,"player_choice":"Simplicity","damage_taken":0,"max_hp_gain":0,"max_hp_loss":0,"event_name":"Back to Basics","floor":21,"gold_loss":0,"cards_upgraded":["Strike_B","Strike_B","Strike_B","Defend_B","Defend_B","Defend_B","Defend_B"]},{"damage_healed":23,"gold_gain":0,"player_choice":"Heal","damage_taken":0,"max_hp_gain":0,"max_hp_loss":0,"event_name":"The Library","floor":27,"gold_loss":0},{"damage_healed":0,"gold_gain":0,"cards_transformed":["Strike_B"],"player_choice":"Transformed","damage_taken":0,"max_hp_gain":0,"max_hp_loss":0,"event_name":"Transmorgrifier","floor":28,"gold_loss":0,"cards_obtained":["Heatsinks"]},{"damage_healed":0,"gold_gain":0,"player_choice":"Memory 1","damage_taken":0,"max_hp_gain":0,"max_hp_loss":0,"event_name":"SensoryStone","floor":38,"gold_loss":0},{"damage_healed":0,"gold_gain":0,"player_choice":"Ignored","damage_taken":0,"max_hp_gain":0,"max_hp_loss":0,"event_name":"Mysterious Sphere","floor":45,"gold_loss":0},{"cards_removed":["Streamline"],"damage_healed":0,"gold_gain":0,"player_choice":"Removed Attack","damage_taken":0,"max_hp_gain":0,"max_hp_loss":0,"event_name":"Falling","floor":46,"gold_loss":0}],"is_beta":true,"boss_relics":[{"not_picked":["Philosopher\u0027s Stone","Empty Cage"],"picked":"Inserter"},{"not_picked":["White Beast Statue","Eternal Feather"],"picked":"Busted Crown"}],"items_purged_floors":[14],"is_endless":false,"potions_floor_spawned":[2,8,13,18,31,47],"ascension_level":12}