{"path_per_floor":["M","M","?","M","?","R","M","R","T","E","M","R","M","M","R","B",null,"M","M","?","M","$","R","M","?","T","M","R","M","M","M","R"],"character_chosen":"IRONCLAD","items_purchased":["Flex","Mercury Hourglass"],"gold_per_floor":[112,123,123,137,212,212,223,223,223,256,274,274,292,302,302,398,398,418,434,434,444,71,71,86,86,136,147,147,162,177,196,196],"floor_reached":33,"campfire_rested":2,"playtime":4015,"current_hp_per_floor":[79,81,81,86,75,75,71,71,71,54,44,44,37,31,57,23,88,68,53,53,36,36,36,19,19,19,17,35,47,57,41,41],"items_purged":["Bash"],"gold":196,"score":281,"play_id":"1ada650b-dce5-4c75-b530-56e151086e85","is_prod":false,"is_daily":false,"is_ascension_mode":false,"campfire_upgraded":5,"path_taken":["M","M","?","M","?","R","M","R","T","E","?","R","M","M","R","BOSS","M","M","?","M","$","R","M","?","T","M","R","M","M","M","R","BOSS"],"build_version":"2018-02-15-PROD1","purchased_purges":1,"victory":false,"master_deck":["Defend_R+1","Defend_R+1","Defend_R+1","Defend_R+1","Anger","Limit Break+1","Bash+1","Battle Trance","Flex+1","Anger","Disarm","Pommel Strike","Cleave","Perfected Strike","Demon Form+1","Pommel Strike+1","True Grit+1","Berserk+1","Clothesline","Battle Trance+1","Bite","Bite","Bite","Bite","Bite","Wild Strike+1","Flex","Cleave+1","Cleave+1","Headbutt+1","Perfected Strike+1"],"max_hp_per_floor":[88,88,88,88,88,88,88,88,88,88,88,88,88,88,88,88,88,88,88,61,61,61,61,61,61,61,61,61,61,61,61,61],"relics":["Burning Blood","Mummified Hand","Frozen Eye","Astrolabe","Mercury Hourglass","Anchor"],"card_choices":[{"not_picked":["Sword Boomerang","Combust"],"picked":"Anger"},{"not_picked":["Combust","Pommel Strike"],"picked":"Limit Break"},{"not_picked":["True Grit","Anger"],"picked":"Flex"},{"not_picked":["Blood for Blood","Iron Wave"],"picked":"Anger"},{"not_picked":["Barricade","Thunderclap"],"picked":"Disarm"},{"not_picked":["Clothesline","Wild Strike"],"picked":"Pommel Strike"},{"not_picked":["Evolve","Flame Barrier"],"picked":"Cleave"},{"not_picked":["Fire Breathing","Wild Strike"],"picked":"Perfected Strike"},{"not_picked":["Double Tap","Dark Embrace"],"picked":"Demon Form"},{"not_picked":["Anger","Corruption"],"picked":"Clothesline"},{"not_picked":["Thunderclap","Power Through"],"picked":"Battle Trance"},{"not_picked":["Corruption","Metallicize"],"picked":"Wild Strike"},{"not_picked":["Wild Strike","Pommel Strike"],"picked":"Cleave"},{"not_picked":["Hemokinesis","Reckless Charge"],"picked":"Cleave"},{"not_picked":["Hemokinesis","Burning Pact"],"picked":"Headbutt"},{"not_picked":["Dark Embrace","True Grit"],"picked":"Perfected Strike"}],"player_experience":37928,"potions_floor_usage":[11,14,16,16,19,24,29,33,33],"damage_taken":[{"damage":15,"enemies":"Small Slimes","floor":1,"turns":3},{"damage":4,"enemies":"Cultist","floor":2,"turns":4},{"damage":1,"enemies":"2 Louse","floor":4,"turns":3},{"damage":10,"enemies":"Looter","floor":7,"turns":3},{"damage":23,"enemies":"Gremlin Nob","floor":10,"turns":4},{"damage":16,"enemies":"Exordium Wildlife","floor":11,"turns":2},{"damage":13,"enemies":"Lots of Slimes","floor":13,"turns":4},{"damage":12,"enemies":"Large Slime","floor":14,"turns":4},{"damage":40,"enemies":"Hexaghost","floor":16,"turns":7},{"damage":26,"enemies":"Spheric Guardian","floor":18,"turns":5},{"damage":24,"enemies":"Shell Parasite","floor":19,"turns":7},{"damage":25,"enemies":"Sentry and Sphere","floor":21,"turns":4},{"damage":41,"enemies":"Slaver and Parasite","floor":24,"turns":8},{"damage":14,"enemies":"Snecko","floor":27,"turns":5},{"damage":4,"enemies":"Centurion and Healer","floor":29,"turns":5},{"damage":0,"enemies":"3 Cultists","floor":30,"turns":3},{"damage":24,"enemies":"Snake Plant","floor":31,"turns":5},{"damage":62,"enemies":"Collector","floor":33,"turns":7}],"event_choices":[{"event_name":"Match and Keep!","player_choice":"2 cards matched","floor":3,"damage_taken":0},{"event_name":"World of Goop","player_choice":"Gather Gold","floor":5,"damage_taken":0},{"event_name":"Vampires","player_choice":"Became a vampire","floor":20,"damage_taken":0},{"event_name":"Back to Basics","player_choice":"Simplicity","floor":25,"damage_taken":0}],"boss_relics":[{"not_picked":["Question Card","Runic Cube"],"picked":"Astrolabe"}],"potions_floor_spawned":[4,7,11,13,16,19,24,30,31],"seed_played":"-2510104908363594112","killed_by":"Collector","ascension_level":0,"is_trial":false}