{"path_per_floor":["M","M","M","?","M","R","?","?","T","?","M","T","R","M","R"],"character_chosen":"DEFECT","items_purchased":[],"gold_per_floor":[18,32,43,8,18,18,18,118,118,193,210,261,261,271,271,271],"floor_reached":16,"campfire_rested":2,"playtime":336,"current_hp_per_floor":[75,75,75,75,49,71,71,71,71,60,47,47,69,63,63,0],"items_purged":[],"gold":271,"score":92,"play_id":"219feab7-894a-47ce-a9a4-291a0ab2cc54","local_time":"20180428232036","is_prod":false,"is_daily":false,"chose_seed":false,"is_ascension_mode":false,"campfire_upgraded":1,"timestamp":1524972036,"path_taken":["M","M","M","?","?","R","?","?","T","?","?","?","R","M","R","BOSS"],"build_version":"2018-04-27v3","seed_source_timestamp":1435668800470243,"purchased_purges":0,"victory":false,"master_deck":["Strike_B","Strike_B","Strike_B","Strike_B","Defend_B","Defend_B","Defend_B","Defend_B","Zap","Dualcast","Hyperbeam+1","Stack","Leap","Steam Power","Leap","Nova","Leap"],"max_hp_per_floor":[75,75,75,75,75,75,75,75,75,75,75,75,75,75,75,75],"relics":["Cracked Core","Bag of Preparation","Bag of Marbles"],"card_choices":[{"not_picked":["Thunder Strike","Nova"],"picked":"Hyperbeam","floor":0},{"not_picked":["Ball Lightning","Streamline"],"picked":"Stack","floor":1},{"not_picked":["Cold Snap","Hologram"],"picked":"Leap","floor":2},{"not_picked":["Capacitor","Darkness"],"picked":"Steam Power","floor":3},{"not_picked":["Barrage","Hologram"],"picked":"Leap","floor":5},{"not_picked":["Aggregate","Impulse"],"picked":"Nova","floor":11},{"not_picked":["Capacitor","Axe Kick"],"picked":"Leap","floor":14}],"player_experience":318810,"potions_floor_usage":[],"damage_taken":[{"damage":0,"enemies":"2 Louse","floor":1,"turns":1},{"damage":0,"enemies":"Small Slimes","floor":2,"turns":1},{"damage":0,"enemies":"Cultist","floor":3,"turns":4},{"damage":26,"enemies":"Gremlin Gang","floor":5,"turns":2},{"damage":13,"enemies":"Exordium Wildlife","floor":11,"turns":6},{"damage":6,"enemies":"Looter","floor":14,"turns":3},{"damage":65,"enemies":"Hexaghost","floor":16,"turns":10}],"event_choices":[{"event_name":"The Cleric","player_choice":"Healed","floor":4,"damage_taken":0},{"event_name":"Liars Game","player_choice":"disagreed","floor":7,"damage_taken":0},{"event_name":"Golden Shrine","player_choice":"Pray","floor":8,"damage_taken":0},{"event_name":"World of Goop","player_choice":"Gather Gold","floor":10,"damage_taken":0}],"boss_relics":[],"potions_floor_spawned":[5],"seed_played":"-4889035993044255077","killed_by":"Hexaghost","ascension_level":0,"is_trial":false}