{"path_per_floor":["M","M","M","?","?","R","?","?","T","M","R","?","R","M","R","B",null,"M","$","?","?","M","R","M","R","T","M","M","M","?"],"character_chosen":"IRONCLAD","items_purchased":["Feel No Pain","Anchor","Mind Blast"],"gold_per_floor":[112,126,138,138,213,213,213,213,258,278,278,305,305,323,323,427,427,440,88,88,13,26,26,46,46,46,63,80,95,95],"floor_reached":31,"campfire_rested":2,"playtime":1615,"current_hp_per_floor":[78,77,76,81,70,70,67,67,67,63,63,36,61,67,85,19,85,54,54,54,54,57,57,52,52,52,43,59,33,17],"items_purged":["Regret"],"gold":95,"score":276,"play_id":"6e20706e-bcec-41a5-9de9-6945b3ebbb7d","local_time":"20180302164307","is_prod":false,"is_daily":false,"is_ascension_mode":true,"campfire_upgraded":4,"timestamp":1520026987,"path_taken":["M","M","M","?","?","R","?","?","T","M","R","?","R","M","R","BOSS","M","$","?","?","M","R","M","R","T","?","M","M","?","M"],"build_version":"2018-03-01-PROD1","purchased_purges":1,"victory":false,"master_deck":["Defend_R","Defend_R","Defend_R","Bash","Reckless Charge","Wild Strike+1","Corruption+1","Impervious","Headbutt","Armaments+1","Perfected Strike","Exhume","Whirlwind","Feel No Pain","Mind Blast","Bite","Bite","Bite","Bite","Bite","Dual Wield","Power Through+1","Necronomicurse"],"max_hp_per_floor":[80,80,80,85,85,85,85,85,85,85,85,85,85,85,85,85,85,85,85,59,59,59,59,59,59,59,61,63,65,65],"relics":["Burning Blood","Torii","Happy Flower","Odd Mushroom","Runic Pyramid","Anchor","Singing Bowl","Necronomicon"],"card_choices":[{"not_picked":["Sword Boomerang","Clash"],"picked":"Wild Strike"},{"not_picked":["Anger","Body Slam"],"picked":"Corruption"},{"not_picked":["True Grit","Body Slam"],"picked":"Impervious"},{"not_picked":["Hemokinesis","Pommel Strike"],"picked":"Headbutt"},{"not_picked":["Cleave","Clothesline"],"picked":"Armaments"},{"not_picked":["Cleave","Flex"],"picked":"Perfected Strike"},{"not_picked":["Demon Form","Fiend Fire"],"picked":"Exhume"},{"not_picked":["Havoc","Hemokinesis"],"picked":"Whirlwind"},{"not_picked":["Sword Boomerang","Heavy Blade"],"picked":"Dual Wield"},{"not_picked":["Clash","Armaments"],"picked":"Power Through"}],"player_experience":331865,"potions_floor_usage":[10,12,18,29,29,31],"damage_taken":[{"damage":8,"enemies":"2 Louse","floor":1,"turns":3},{"damage":7,"enemies":"Small Slimes","floor":2,"turns":2},{"damage":7,"enemies":"Jaw Worm","floor":3,"turns":2},{"damage":10,"enemies":"Lots of Slimes","floor":10,"turns":4},{"damage":33,"enemies":"The Mushroom Lair","floor":12,"turns":4},{"damage":0,"enemies":"2 Fungi Beasts","floor":14,"turns":3},{"damage":72,"enemies":"Slime Boss","floor":16,"turns":13},{"damage":37,"enemies":"2 Thieves","floor":18,"turns":4},{"damage":10,"enemies":"Chosen","floor":22,"turns":6},{"damage":18,"enemies":"Centurion and Healer","floor":24,"turns":8},{"damage":33,"enemies":"Sentry and Sphere","floor":27,"turns":9},{"damage":0,"enemies":"3 Cultists","floor":28,"turns":5},{"damage":46,"enemies":"Slaver and Parasite","floor":29,"turns":9},{"damage":23,"enemies":"Centurion and Healer","floor":31,"turns":3}],"event_choices":[{"event_name":"Big Fish","player_choice":"Donut","floor":4,"damage_taken":0},{"event_name":"World of Goop","player_choice":"Gather Gold","floor":5,"damage_taken":0},{"event_name":"Scrap Ooze","player_choice":"success","floor":7,"damage_taken":3},{"event_name":"Liars Game","player_choice":"disagreed","floor":8,"damage_taken":0},{"event_name":"Mushrooms","player_choice":"Fought Mushrooms","floor":12,"damage_taken":0},{"event_name":"Vampires","player_choice":"Became a vampire","floor":20,"damage_taken":0},{"event_name":"Beggar","player_choice":"Gave Gold","floor":21,"damage_taken":0},{"event_name":"Cursed Tome","player_choice":"Obtained Book","floor":30,"damage_taken":0}],"boss_relics":[{"not_picked":["Astrolabe","Tiny House"],"picked":"Runic Pyramid"}],"potions_floor_spawned":[2,10,16,24,27,29],"seed_played":"-8553672074861034763","killed_by":"Centurion and Healer","ascension_level":2,"is_trial":false}