{"gold_per_floor":[13,32,32,45,7,40,40,40,85,96,96,96,111,139,139,235,235,255,271,196,207,207,207,233,247,271,271,14,14,31,64,64,163,163,175,175,193,193,208,208,233,233,284,296,6,32,60,70,70,70,70,70,2,32,32],"floor_reached":55,"playtime":2967,"items_purged":["Decay"],"score":922,"play_id":"a11fb04b-d06f-4c25-8683-f9ff5b74426b","local_time":"20181118134334","is_ascension_mode":true,"campfire_choices":[{"data":"Offering","floor":8,"key":"SMITH"},{"data":"Armaments","floor":11,"key":"SMITH"},{"data":"Uppercut","floor":15,"key":"SMITH"},{"floor":23,"key":"RECALL"},{"data":"Fiend Fire","floor":27,"key":"SMITH"},{"floor":32,"key":"REST"},{"data":"Apotheosis","floor":40,"key":"SMITH"},{"data":"Immolate","floor":42,"key":"SMITH"},{"data":"Feel No Pain","floor":49,"key":"SMITH"},{"data":"Rampage","floor":52,"key":"SMITH"}],"neow_cost":"NO_GOLD","seed_source_timestamp":236757253995133,"circlet_count":0,"master_deck":["Strike_R","Strike_R","Strike_R","Defend_R+1","Defend_R+1","Defend_R+1","Defend_R","Bash","Offering+1","Clash","Reckless Charge","Clothesline+1","Uppercut+1","Seeing Red","Armaments+1","Impervious","Headbutt","Fiend Fire+1","Dual Wield","Wild Strike","Sever Soul","Rampage+1","Flame Barrier","Decay","Spot Weakness","Immolate+1","True Grit","Reaper","Madness","Madness","Sword Boomerang","Apotheosis+1","Impatience","Shrug It Off","Armaments+1","Feel No Pain+1","Doubt","Sever Soul+1","True Grit+1","Feel No Pain","Power Through"],"relics":["Burning Blood","Bag of Preparation","Lantern","Dead Branch","Strawberry","Cursed Key","FaceOfCleric","Red Skull","Dream Catcher","Shuriken","MutagenicStrength","War Paint","Busted Crown","Molten Egg 2","Bronze Scales","Pen Nib","Blue Candle","Calipers"],"potions_floor_usage":[14,19,24,30,31,41,50,50,50],"damage_taken":[{"damage":6,"enemies":"2 Louse","floor":1,"turns":3},{"damage":1,"enemies":"Cultist","floor":2,"turns":3},{"damage":0,"enemies":"Small Slimes","floor":4,"turns":2},{"damage":20,"enemies":"Gremlin Nob","floor":6,"turns":4},{"damage":0,"enemies":"2 Fungi Beasts","floor":10,"turns":2},{"damage":0,"enemies":"3 Louse","floor":13,"turns":2},{"damage":19,"enemies":"Lagavulin","floor":14,"turns":4},{"damage":12,"enemies":"Slime Boss","floor":16,"turns":2},{"damage":15,"enemies":"3 Byrds","floor":18,"turns":5},{"damage":0,"enemies":"Spheric Guardian","floor":19,"turns":1},{"damage":12,"enemies":"Snecko","floor":21,"turns":3},{"damage":22,"enemies":"Slavers","floor":24,"turns":5},{"damage":10,"enemies":"Cultist and Chosen","floor":25,"turns":4},{"damage":14,"enemies":"3 Cultists","floor":30,"turns":4},{"damage":7,"enemies":"Book of Stabbing","floor":31,"turns":3},{"damage":67,"enemies":"Automaton","floor":33,"turns":10},{"damage":0,"enemies":"3 Shapes","floor":35,"turns":4},{"damage":14,"enemies":"3 Darklings","floor":37,"turns":2},{"damage":15,"enemies":"4 Shapes","floor":39,"turns":4},{"damage":31,"enemies":"Reptomancer","floor":41,"turns":4},{"damage":0,"enemies":"Jaw Worm Horde","floor":44,"turns":2},{"damage":33,"enemies":"Nemesis","floor":47,"turns":5},{"damage":17,"enemies":"Transient","floor":48,"turns":5},{"damage":89,"enemies":"Time Eater","floor":50,"turns":10},{"damage":29,"enemies":"Shield and Spear","floor":54,"turns":4},{"damage":81,"enemies":"The Heart","floor":55,"turns":8}],"seed_played":"-81177810138056601","potions_obtained":[{"floor":1,"key":"GamblersBrew"},{"floor":2,"key":"EssenceOfSteel"},{"floor":6,"key":"Dexterity Potion"},{"floor":14,"key":"Fire Potion"},{"floor":19,"key":"EssenceOfSteel"},{"floor":25,"key":"Poison Potion"},{"floor":30,"key":"Ancient Potion"},{"floor":37,"key":"SpeedPotion"},{"floor":47,"key":"BloodPotion"},{"floor":48,"key":"Fire Potion"}],"is_trial":false,"path_per_floor":["M","M","?","M","$","E","?","R","T","M","R","?","M","E","R","B",null,"M","M","?","M","?","R","E","M","T","R","$","?","M","E","R","B",null,"M","?","M","?","M","R","E","R","T","M","$","T","E","M","R","B",null,"R","$","E","B"],"character_chosen":"IRONCLAD","items_purchased":["Uppercut","Shuriken","Feel No Pain","Pen Nib","Feel No Pain"],"campfire_rested":1,"item_purchase_floors":[5,28,45,45,53],"current_hp_per_floor":[80,80,80,80,80,66,50,50,50,56,56,53,59,53,53,47,87,78,84,84,78,78,78,63,60,60,60,60,60,53,53,80,20,92,93,81,74,69,61,61,71,71,71,78,78,78,52,88,88,17,100,100,100,78,0],"gold":32,"neow_bonus":"THREE_RARE_CARDS","is_prod":false,"is_daily":false,"chose_seed":false,"campfire_upgraded":8,"win_rate":0,"timestamp":1542566614,"path_taken":["M","M","?","?","$","E","?","R","T","M","R","?","M","E","R","BOSS","M","M","?","M","?","R","E","?","T","R","$","?","M","E","R","BOSS","M","?","M","?","M","R","E","R","T","M","$","?","E","?","R","BOSS","R","$","E","BOSS"],"build_version":"2018-11-15","purchased_purges":1,"victory":false,"max_hp_per_floor":[80,80,80,80,80,80,80,80,80,80,80,80,80,87,87,87,87,87,87,87,87,87,87,88,89,89,89,89,89,90,91,91,92,92,93,93,94,94,95,95,96,96,96,97,97,97,98,99,99,100,100,100,100,101,101],"card_choices":[{"not_picked":["Immolate","Fiend Fire"],"picked":"Offering","floor":0},{"not_picked":["Rupture","Thunderclap"],"picked":"Clash","floor":1},{"not_picked":["Heavy Blade","Hemokinesis"],"picked":"Reckless Charge","floor":2},{"not_picked":["Havoc","Rampage"],"picked":"Clothesline","floor":4},{"not_picked":["Cleave","Clothesline"],"picked":"Seeing Red","floor":6},{"not_picked":["Cleave","Clothesline"],"picked":"Armaments","floor":10},{"not_picked":["Wild Strike","Pommel Strike"],"picked":"Impervious","floor":13},{"not_picked":["Hemokinesis","Flex"],"picked":"Headbutt","floor":14},{"not_picked":["Juggernaut","Brutality"],"picked":"Fiend Fire","floor":16},{"not_picked":["Thunderclap+1","Flex"],"picked":"Dual Wield","floor":18},{"not_picked":["Heavy Blade","Sword Boomerang"],"picked":"Wild Strike","floor":19},{"not_picked":["Clash","Warcry"],"picked":"Sever Soul","floor":21},{"not_picked":["Evolve","Seeing Red"],"picked":"Rampage","floor":24},{"not_picked":["Headbutt","Shrug It Off"],"picked":"Flame Barrier","floor":25},{"not_picked":["Havoc","Thunderclap"],"picked":"Spot Weakness","floor":30},{"not_picked":["Flex","Whirlwind"],"picked":"Immolate","floor":31},{"not_picked":["Heavy Blade","Shrug It Off"],"picked":"True Grit","floor":32},{"not_picked":["Double Tap","Bludgeon"],"picked":"Reaper","floor":33},{"not_picked":["Iron Wave"],"picked":"SKIP","floor":35},{"not_picked":[],"picked":"Sword Boomerang","floor":37},{"not_picked":[],"picked":"Apotheosis","floor":38},{"not_picked":[],"picked":"Impatience","floor":38},{"not_picked":["Thunderclap"],"picked":"SKIP","floor":39},{"not_picked":[],"picked":"Shrug It Off","floor":41},{"not_picked":[],"picked":"Armaments+1","floor":44},{"not_picked":[],"picked":"Sever Soul+1","floor":47},{"not_picked":[],"picked":"True Grit+1","floor":48},{"not_picked":[],"picked":"Power Through","floor":54}],"player_experience":922999,"relics_obtained":[{"floor":6,"key":"Bag of Preparation"},{"floor":9,"key":"Lantern"},{"floor":14,"key":"Strawberry"},{"floor":24,"key":"Red Skull"},{"floor":26,"key":"Dream Catcher"},{"floor":31,"key":"War Paint"},{"floor":41,"key":"Molten Egg 2"},{"floor":43,"key":"Bronze Scales"},{"floor":47,"key":"Blue Candle"},{"floor":54,"key":"Calipers"}],"event_choices":[{"cards_removed":["Strike_R"],"damage_healed":0,"gold_gain":0,"player_choice":"Purged","damage_taken":0,"max_hp_gain":0,"max_hp_loss":0,"event_name":"Purifier","floor":3,"gold_loss":0},{"damage_healed":0,"gold_gain":0,"player_choice":"Entered Light","damage_taken":16,"max_hp_gain":0,"max_hp_loss":0,"event_name":"Shining Light","floor":7,"gold_loss":0,"cards_upgraded":["Clothesline","Defend_R"]},{"damage_healed":0,"gold_gain":0,"player_choice":"Success","damage_taken":3,"relics_obtained":["Dead Branch"],"max_hp_gain":0,"max_hp_loss":0,"event_name":"Scrap Ooze","floor":12,"gold_loss":0},{"cards_removed":["Strike_R"],"damage_healed":0,"gold_gain":0,"player_choice":"Gave Gold","damage_taken":0,"max_hp_gain":0,"max_hp_loss":0,"event_name":"Beggar","floor":20,"gold_loss":75},{"damage_healed":0,"gold_gain":0,"player_choice":"Trade","damage_taken":0,"relics_obtained":["FaceOfCleric"],"max_hp_gain":0,"max_hp_loss":0,"event_name":"FaceTrader","floor":22,"gold_loss":0},{"damage_healed":0,"gold_gain":0,"player_choice":"Inject Mutagens","damage_taken":0,"relics_obtained":["MutagenicStrength"],"max_hp_gain":0,"max_hp_loss":0,"event_name":"Drug Dealer","floor":29,"gold_loss":0},{"damage_healed":0,"gold_gain":0,"player_choice":"Embrace Madness","damage_taken":12,"max_hp_gain":0,"max_hp_loss":0,"event_name":"Winding Halls","floor":36,"gold_loss":0,"cards_obtained":["Madness","Madness"]},{"damage_healed":0,"gold_gain":0,"player_choice":"Memory 2","damage_taken":5,"max_hp_gain":0,"max_hp_loss":0,"event_name":"SensoryStone","floor":38,"gold_loss":0}],"is_beta":true,"boss_relics":[{"not_picked":["Calling Bell","Pandora\u0027s Box"],"picked":"Cursed Key"},{"not_picked":["Eternal Feather","Velvet Choker"],"picked":"Busted Crown"}],"items_purged_floors":[45],"is_endless":false,"potions_floor_spawned":[1,2,6,14,19,25,30,37,47,48],"killed_by":"The Heart","ascension_level":1}