{"gold_per_floor":[117,137,137,67,67,93,103,103,103,103,28,57,71,106,106,106],"floor_reached":16,"playtime":857,"items_purged":["Defend_R"],"score":171,"play_id":"4a40edce-01a4-4efe-ab01-ad5691ee13ed","local_time":"20180722135905","is_ascension_mode":true,"campfire_choices":[{"data":"Armaments","floor":8,"key":"SMITH"},{"data":"Feel No Pain","floor":10,"key":"SMITH"},{"floor":15,"key":"REST"}],"neow_cost":"NONE","seed_source_timestamp":94837077919953,"circlet_count":0,"master_deck":["Strike_R","Strike_R","Strike_R","Strike_R","Defend_R","Defend_R","Defend_R","Bash","Clothesline","Armaments+1","Feel No Pain+1","Shrug It Off","Evolve","Armaments","Sentinel"],"relics":["Burning Blood","Vajra","Shuriken","Pen Nib","Orichalcum"],"potions_floor_usage":[3,6,6,6,6,12,14,14,16],"damage_taken":[{"damage":6,"enemies":"Cultist","floor":1,"turns":4},{"damage":5,"enemies":"Small Slimes","floor":2,"turns":4},{"damage":25,"enemies":"Lagavulin","floor":6,"turns":7},{"damage":4,"enemies":"2 Louse","floor":7,"turns":3},{"damage":32,"enemies":"Gremlin Nob","floor":12,"turns":5},{"damage":21,"enemies":"Exordium Thugs","floor":13,"turns":5},{"damage":38,"enemies":"Lagavulin","floor":14,"turns":9},{"damage":39,"enemies":"Hexaghost","floor":16,"turns":9}],"seed_played":"6772505940731177780","potions_obtained":[{"floor":3,"key":"Strength Potion"},{"floor":7,"key":"GamblersBrew"},{"floor":12,"key":"Dexterity Potion"},{"floor":14,"key":"PowerPotion"}],"is_trial":false,"path_per_floor":["M","M","?","$","?","E","M","R","T","R","$","E","M","E","R"],"character_chosen":"IRONCLAD","items_purchased":["Feel No Pain"],"campfire_rested":1,"item_purchase_floors":[4],"current_hp_per_floor":[72,73,78,78,78,59,61,61,61,61,61,49,34,14,39,0],"gold":106,"neow_bonus":"THREE_SMALL_POTIONS","is_prod":false,"is_daily":false,"chose_seed":false,"campfire_upgraded":2,"win_rate":0,"timestamp":1532282345,"path_taken":["M","M","?","$","?","E","M","R","T","R","?","E","M","E","R","BOSS"],"build_version":"2018-07-19","purchased_purges":1,"victory":false,"max_hp_per_floor":[80,80,85,85,85,85,85,85,85,85,85,85,85,85,85,85],"card_choices":[{"not_picked":["Body Slam","Headbutt"],"picked":"Clothesline","floor":1},{"not_picked":["Clash","Pommel Strike"],"picked":"Armaments","floor":2},{"not_picked":["Metallicize","Burning Pact"],"picked":"Shrug It Off","floor":6},{"not_picked":["Flex","Heavy Blade","Iron Wave"],"picked":"SKIP","floor":7},{"not_picked":["Corruption","Body Slam"],"picked":"Evolve","floor":12},{"not_picked":["Rupture","Evolve"],"picked":"Armaments","floor":13},{"not_picked":["Twin Strike","Hemokinesis"],"picked":"Sentinel","floor":14}],"player_experience":602857,"relics_obtained":[{"floor":6,"key":"Vajra"},{"floor":9,"key":"Shuriken"},{"floor":12,"key":"Pen Nib"},{"floor":14,"key":"Orichalcum"}],"event_choices":[{"event_name":"The Lab","player_choice":"Got Potions","floor":3,"damage_taken":0},{"event_name":"Bonfire Elementals","player_choice":"BASIC","floor":5,"damage_taken":0}],"is_beta":true,"boss_relics":[],"items_purged_floors":[11],"is_endless":false,"potions_floor_spawned":[7,12,14],"killed_by":"Hexaghost","ascension_level":9}