{"path_per_floor":["M","M","$","?","?","M","$","M","T","M","M","R","?","M","R","B",null,"M","?","T","?","?","R","M","M","T","$","M"],"character_chosen":"THE_SILENT","items_purchased":["Blur","Prepared","Infinite Blades"],"gold_per_floor":[117,135,14,14,14,29,29,39,86,97,108,108,108,124,124,221,221,239,239,239,164,164,164,174,188,188,34,50],"floor_reached":29,"campfire_rested":1,"playtime":5829,"current_hp_per_floor":[70,70,70,75,75,75,75,65,65,59,59,59,59,53,53,37,75,37,47,47,47,31,58,43,29,29,29,13],"items_purged":["Defend_G"],"gold":50,"score":242,"play_id":"9c545dae-6cf3-4cb5-8276-8f2c67769290","is_prod":false,"is_daily":false,"is_ascension_mode":false,"campfire_upgraded":2,"path_taken":["M","M","$","?","?","M","?","M","T","M","?","R","?","M","R","BOSS","M","?","?","?","?","R","?","M","T","$","M","M"],"build_version":"2018-02-15-PROD1","purchased_purges":1,"victory":false,"master_deck":["Defend_G","Defend_G","Defend_G","Defend_G","Strike_G","Strike_G","Strike_G","Survivor","Neutralize","Poisoned Stab","Die Die Die","Blur","Prepared+1","Quick Slash","Backflip","Poisoned Stab+1","Deadly Poison","Deadly Poison","Envenom","Escape Plan","Expertise+1","Outmaneuver","Infinite Blades","Bane"],"max_hp_per_floor":[70,70,70,75,75,75,75,75,75,75,75,75,75,75,75,75,75,75,85,85,85,90,90,90,90,90,90,90],"relics":["Ring of the Snake","NeowsBlessing","Vajra","Lizard Tail","Pear","Shovel","Tingsha"],"card_choices":[{"not_picked":["PiercingWail","Flying Knee"],"picked":"Poisoned Stab"},{"not_picked":["Calculated Gamble","Eviscerate"],"picked":"Die Die Die"},{"not_picked":["Deflect","Outmaneuver"],"picked":"Quick Slash"},{"not_picked":["Slice","Outmaneuver"],"picked":"Backflip"},{"not_picked":["Flying Knee","Caltrops"],"picked":"Poisoned Stab"},{"not_picked":["Predator","Distraction"],"picked":"Deadly Poison"},{"not_picked":["Outmaneuver","Dodge and Roll"],"picked":"Deadly Poison"},{"not_picked":["Tools of the Trade","Unload"],"picked":"Envenom"},{"not_picked":["Noxious Fumes","Acrobatics"],"picked":"Escape Plan"},{"not_picked":["Flying Knee","Poisoned Stab"],"picked":"Expertise"},{"not_picked":["Crippling Poison","Prepared"],"picked":"Outmaneuver"},{"not_picked":["Phantasmal Killer","Deadly Poison"],"picked":"Bane"}],"player_experience":96480,"potions_floor_usage":[14,14,16,28],"damage_taken":[{"damage":0,"enemies":"2 Louse","floor":1,"turns":1},{"damage":0,"enemies":"Jaw Worm","floor":2,"turns":1},{"damage":0,"enemies":"Small Slimes","floor":6,"turns":1},{"damage":10,"enemies":"Exordium Thugs","floor":8,"turns":5},{"damage":6,"enemies":"Exordium Wildlife","floor":10,"turns":4},{"damage":0,"enemies":"2 Fungi Beasts","floor":11,"turns":3},{"damage":6,"enemies":"Gremlin Gang","floor":14,"turns":5},{"damage":16,"enemies":"The Guardian","floor":16,"turns":12},{"damage":38,"enemies":"2 Thieves","floor":18,"turns":4},{"damage":15,"enemies":"Spheric Guardian","floor":24,"turns":5},{"damage":64,"enemies":"Centurion and Healer","floor":25,"turns":11},{"damage":16,"enemies":"Snecko","floor":28,"turns":5},{"damage":23,"enemies":"Cultist and Chosen","floor":29,"turns":3}],"event_choices":[{"event_name":"Big Fish","player_choice":"Donut","floor":4,"damage_taken":0},{"event_name":"The Cleric","player_choice":"Leave","floor":5,"damage_taken":0},{"event_name":"Purifier","player_choice":"One Purge","floor":13,"damage_taken":0},{"event_name":"The Mausoleum","player_choice":"Yes","floor":19,"damage_taken":0},{"event_name":"Beggar","player_choice":"Gave Gold","floor":21,"damage_taken":0},{"event_name":"Forgotten Altar","player_choice":"Shed Blood","floor":22,"damage_taken":0}],"boss_relics":[{"not_picked":["White Beast Statue","Question Card"],"picked":"Lizard Tail"}],"potions_floor_spawned":[2,6,10,25,28],"seed_played":"-5489898663910984370","killed_by":"Cultist and Chosen","ascension_level":0,"is_trial":false}