{"gold_per_floor":[115,115,134,134,146,176,176,202,229,248,263,263,283,295,295,396,396,414,414,62,62,62,62,9,9,80,80,90,120,120,135,135,230,230,241,241,241,254,254,254,254],"floor_reached":41,"playtime":1593,"items_purged":[],"score":825,"play_id":"cfdefc24-2199-4b5d-909b-798502695356","local_time":"20180717210526","is_ascension_mode":true,"campfire_choices":[{"floor":7,"key":"REST"},{"floor":15,"key":"REST"},{"floor":23,"key":"REST"},{"floor":30,"key":"REST"},{"floor":32,"key":"REST"},{"floor":40,"key":"REST"}],"neow_cost":"","seed_source_timestamp":2850915381119303,"circlet_count":0,"master_deck":["Strike_R+1","Strike_R+1","Strike_R","Defend_R+1","Defend_R","Defend_R","Defend_R","Bash","Pommel Strike","Iron Wave","Clothesline+1","Whirlwind","Demon Form","Metallicize","Anger","Hemokinesis","Evolve","Impervious","Feel No Pain","Ghostly Armor","Power Through","Shrug It Off","Twin Strike","Barricade","Corruption","Feed","Body Slam","Seeing Red"],"relics":["Burning Blood","Whetstone","Ancient Tea Set","Juzu Bracelet","Fusion Hammer","Ornamental Fan","Nloth\u0027s Gift","Pantograph","Champion Belt","White Beast Statue","Nunchaku"],"potions_floor_usage":[11,16,28,28,29,35,35,38,38,41],"damage_taken":[{"damage":14,"enemies":"Small Slimes","floor":1,"turns":5},{"damage":1,"enemies":"Cultist","floor":3,"turns":3},{"damage":0,"enemies":"2 Louse","floor":5,"turns":3},{"damage":40,"enemies":"3 Sentries","floor":6,"turns":9},{"damage":25,"enemies":"Lagavulin","floor":8,"turns":5},{"damage":5,"enemies":"Red Slaver","floor":10,"turns":3},{"damage":10,"enemies":"2 Fungi Beasts","floor":11,"turns":3},{"damage":3,"enemies":"Looter","floor":13,"turns":3},{"damage":10,"enemies":"Large Slime","floor":14,"turns":5},{"damage":22,"enemies":"Hexaghost","floor":16,"turns":8},{"damage":30,"enemies":"2 Thieves","floor":18,"turns":5},{"damage":11,"enemies":"Chosen","floor":28,"turns":6},{"damage":53,"enemies":"Book of Stabbing","floor":29,"turns":8},{"damage":37,"enemies":"Sentry and Sphere","floor":31,"turns":10},{"damage":34,"enemies":"Champ","floor":33,"turns":16},{"damage":39,"enemies":"Flame Bruiser 1 Orb","floor":35,"turns":8},{"damage":30,"floor":37,"turns":10},{"damage":37,"enemies":"Orb Walker","floor":38,"turns":5},{"damage":58,"enemies":"Transient","floor":41,"turns":5}],"seed_played":"-933008416917829838","potions_obtained":[{"floor":1,"key":"Weak Potion"},{"floor":6,"key":"Weak Potion"},{"floor":10,"key":"BloodPotion"},{"floor":13,"key":"EssenceOfSteel"},{"floor":27,"key":"Block Potion"},{"floor":29,"key":"SpeedPotion"},{"floor":33,"key":"Swift Potion"},{"floor":35,"key":"Fire Potion"},{"floor":37,"key":"BloodPotion"},{"floor":38,"key":"Energy Potion"}],"is_trial":false,"path_per_floor":["M","?","M","?","M","E","R","E","T","M","M","?","M","M","R","B",null,"M","?","$","?","?","R","$","?","T","?","M","E","R","M","R","B",null,"M","?","?","M","?","R"],"character_chosen":"IRONCLAD","items_purchased":["Ghostly Armor","Power Through","Ornamental Fan","Shrug It Off"],"campfire_rested":6,"item_purchase_floors":[20,20,20,24],"current_hp_per_floor":[64,64,69,53,59,25,49,30,30,31,35,35,38,34,58,42,71,47,73,73,73,58,83,83,83,83,83,78,31,56,25,50,47,76,43,43,44,21,21,46,0],"gold":254,"neow_bonus":"","is_prod":false,"is_daily":false,"chose_seed":true,"campfire_upgraded":0,"win_rate":0,"timestamp":1531875926,"path_taken":["M","?","?","?","M","E","R","E","T","M","M","?","M","M","R","BOSS","M","?","$","?","?","R","?","?","T","?","M","E","R","M","R","BOSS","M","?","?","M","?","R","M"],"build_version":"2018-07-16","purchased_purges":0,"victory":false,"max_hp_per_floor":[80,80,80,80,80,80,80,80,80,80,80,80,80,80,80,80,80,80,80,80,80,85,85,85,85,85,85,85,85,85,85,85,85,85,85,85,85,85,85,85,85],"card_choices":[{"not_picked":["Dual Wield","Havoc"],"picked":"Pommel Strike","floor":1},{"not_picked":["Ghostly Armor","Sword Boomerang"],"picked":"Clothesline","floor":3},{"not_picked":["Anger","Dual Wield"],"picked":"Whirlwind","floor":5},{"not_picked":["Perfected Strike","Wild Strike"],"picked":"Demon Form","floor":6},{"not_picked":["Warcry","Thunderclap","Wild Strike"],"picked":"SKIP","floor":8},{"not_picked":["Cleave","Flex"],"picked":"Metallicize","floor":10},{"not_picked":["Clash","Bloodletting"],"picked":"Anger","floor":11},{"not_picked":["Body Slam","Entrench"],"picked":"Hemokinesis","floor":13},{"not_picked":["Clash","Havoc"],"picked":"Evolve","floor":14},{"not_picked":["Demon Form","Brutality"],"picked":"Impervious","floor":16},{"not_picked":["Body Slam","Searing Blow+1"],"picked":"Feel No Pain","floor":18},{"not_picked":["Wild Strike","Searing Blow"],"picked":"Twin Strike","floor":28},{"not_picked":["Headbutt+1","Evolve"],"picked":"Barricade","floor":29},{"not_picked":["Sword Boomerang+1","Flex"],"picked":"Corruption","floor":31},{"not_picked":["Brutality","Reaper"],"picked":"Feed","floor":33},{"not_picked":["Iron Wave+1","Thunderclap+1"],"picked":"Body Slam","floor":35},{"not_picked":["Havoc+1","Clothesline+1"],"picked":"Seeing Red","floor":37},{"not_picked":["Iron Wave","Havoc+1","Wild Strike"],"picked":"SKIP","floor":38}],"player_experience":584985,"relics_obtained":[{"floor":6,"key":"Whetstone"},{"floor":8,"key":"Ancient Tea Set"},{"floor":9,"key":"Juzu Bracelet"},{"floor":26,"key":"Pantograph"},{"floor":29,"key":"Champion Belt"},{"floor":37,"key":"Nunchaku"}],"event_choices":[{"event_name":"Transmorgrifier","player_choice":"Transform","floor":2,"damage_taken":0},{"event_name":"Shining Light","player_choice":"Entered Light","floor":4,"damage_taken":0},{"event_name":"FaceTrader","player_choice":"Trade","floor":12,"damage_taken":0},{"event_name":"The Library","player_choice":"Heal","floor":19,"damage_taken":0},{"event_name":"N\u0027loth","player_choice":"Traded a CultistMask","floor":21,"damage_taken":0},{"event_name":"Forgotten Altar","player_choice":"Shed Blood","floor":22,"damage_taken":0},{"event_name":"Beggar","player_choice":"Ignored","floor":25,"damage_taken":0},{"event_name":"The Lab","player_choice":"Got Potions","floor":27,"damage_taken":0},{"event_name":"Mysterious Sphere","player_choice":"Ignore","floor":36,"damage_taken":0},{"event_name":"MindBloom","player_choice":"Fight","floor":37,"damage_taken":0},{"event_name":"Falling","player_choice":"Removed Attack","floor":39,"damage_taken":0}],"boss_relics":[{"not_picked":["Ectoplasm","Busted Crown"],"picked":"Fusion Hammer"},{"not_picked":["Runic Cube","Velvet Choker"],"picked":"White Beast Statue"}],"items_purged_floors":[],"is_endless":false,"potions_floor_spawned":[1,6,10,13,29,33,35,37,38],"killed_by":"Transient","ascension_level":9}