{"gold_per_floor":[110,129,143,93,93,93,109,109,109,121,121,156,156,0,0,125,125,143,143,69,69,94,94,119,119,170,295,314,327,327,350,350,350],"floor_reached":33,"playtime":1463,"items_purged":[],"score":435,"play_id":"4c23cd73-0dee-4271-96b2-36d89496cdf6","local_time":"20181230100428","is_ascension_mode":true,"campfire_choices":[{"data":"White Noise","floor":6,"key":"SMITH"},{"data":"Rip and Tear","floor":8,"key":"SMITH"},{"data":"Sweeping Beam","floor":11,"key":"SMITH"},{"floor":15,"key":"REST"},{"data":"Glacier","floor":23,"key":"SMITH"},{"data":"Sunder","floor":25,"key":"SMITH"},{"floor":30,"key":"REST"},{"floor":32,"key":"REST"}],"neow_cost":"NONE","seed_source_timestamp":131148461003504,"circlet_count":0,"master_deck":["AscendersBane","Strike_B","Strike_B","Strike_B","Defend_B","Defend_B","Defend_B","Defend_B","Zap","Dualcast","Steam Power","White Noise+1","Ball Lightning","Auto Shields","Go for the Eyes","Rip and Tear+1","Sweeping Beam+1","Core Surge","Sunder+1","Self Repair","Core Surge","BootSequence","Compile Driver","Glacier+1","Shame","Stack","Defragment","Undo","Creative AI","Static Discharge"],"relics":["Cracked Core","StoneCalendar","Ginger","Golden Idol","Sozu","Emotion Chip","Anchor","Du-Vu Doll","Cables"],"potions_floor_usage":[12,16,27],"damage_taken":[{"damage":3,"enemies":"2 Louse","floor":1,"turns":3},{"damage":4,"enemies":"Jaw Worm","floor":2,"turns":5},{"damage":12,"enemies":"Small Slimes","floor":3,"turns":3},{"damage":3,"enemies":"3 Louse","floor":7,"turns":4},{"damage":4,"enemies":"2 Fungi Beasts","floor":10,"turns":4},{"damage":0,"enemies":"Gremlin Nob","floor":12,"turns":4},{"damage":8,"enemies":"Slime Boss","floor":16,"turns":6},{"damage":3,"enemies":"Chosen","floor":18,"turns":3},{"damage":0,"enemies":"3 Byrds","floor":22,"turns":4},{"damage":18,"enemies":"Centurion and Healer","floor":24,"turns":7},{"damage":0,"enemies":"Colosseum Slavers","floor":27,"turns":3},{"damage":57,"enemies":"Colosseum Nobs","floor":27,"turns":6},{"damage":0,"enemies":"Snecko","floor":28,"turns":4},{"damage":9,"enemies":"Cultist and Chosen","floor":29,"turns":6},{"damage":23,"enemies":"Centurion and Healer","floor":31,"turns":4},{"damage":71,"enemies":"Collector","floor":33,"turns":6}],"seed_played":"-1463637461894309444","potions_obtained":[{"floor":1,"key":"Strength Potion"},{"floor":7,"key":"GamblersBrew"},{"floor":10,"key":"PowerPotion"},{"floor":12,"key":"Explosive Potion"}],"is_trial":false,"path_per_floor":["M","M","M","$","?","R","M","R","T","M","R","E","?","$","R","B",null,"M","?","$","?","M","R","M","R","T","?","M","M","R","M","R","B"],"character_chosen":"DEFECT","items_purchased":["Go for the Eyes","Sunder","Self Repair","Glacier"],"campfire_rested":3,"item_purchase_floors":[4,14,14,20],"current_hp_per_floor":[65,61,49,49,54,54,51,51,51,47,47,47,47,47,69,68,73,74,74,74,74,74,74,63,63,63,13,20,18,40,17,39,0],"gold":350,"neow_bonus":"TRANSFORM_CARD","is_prod":false,"is_daily":false,"chose_seed":false,"campfire_upgraded":5,"win_rate":0,"timestamp":1546182268,"path_taken":["M","M","M","$","?","R","M","R","T","M","R","E","?","$","R","BOSS","M","?","$","?","M","R","M","R","T","?","M","M","R","M","R","BOSS"],"build_version":"2018-12-25","purchased_purges":0,"victory":false,"max_hp_per_floor":[75,75,75,75,80,80,80,80,80,80,80,80,74,74,74,74,74,74,74,74,74,74,74,74,74,74,74,74,74,74,74,74,74],"card_choices":[{"not_picked":["Go for the Eyes","Stack"],"picked":"White Noise","floor":1},{"not_picked":["Sweeping Beam","Tempest"],"picked":"Ball Lightning","floor":2},{"not_picked":["Hologram","Leap"],"picked":"Auto Shields","floor":3},{"not_picked":["Leap","Cold Snap"],"picked":"Rip and Tear","floor":7},{"not_picked":["Lockon","Steam"],"picked":"Sweeping Beam","floor":10},{"not_picked":["Turbo","Coolheaded"],"picked":"Core Surge","floor":12},{"not_picked":["Reboot","Rainbow"],"picked":"Core Surge","floor":16},{"not_picked":["Barrage+1","Coolheaded"],"picked":"BootSequence","floor":18},{"not_picked":["Barrage","Cold Snap"],"picked":"Stack","floor":22},{"not_picked":["Melter","Hologram","Heatsinks"],"picked":"SKIP","floor":24},{"not_picked":["Chaos","Rip and Tear"],"picked":"Defragment","floor":27},{"not_picked":["Cold Snap","Stack"],"picked":"Undo","floor":28},{"not_picked":["Chill+1","Redo"],"picked":"Creative AI","floor":29},{"not_picked":["Compile Driver","Cold Snap"],"picked":"Static Discharge","floor":31}],"player_experience":1069409,"relics_obtained":[{"floor":9,"key":"StoneCalendar"},{"floor":12,"key":"Ginger"},{"floor":26,"key":"Anchor"},{"floor":27,"key":"Du-Vu Doll"},{"floor":27,"key":"Cables"}],"event_choices":[{"damage_healed":0,"gold_gain":0,"player_choice":"Donut","damage_taken":0,"max_hp_gain":5,"max_hp_loss":0,"event_name":"Big Fish","floor":5,"gold_loss":0},{"damage_healed":0,"gold_gain":0,"player_choice":"Lose Max HP","damage_taken":0,"relics_obtained":["Golden Idol"],"max_hp_gain":0,"max_hp_loss":6,"event_name":"Golden Idol","floor":13,"gold_loss":0},{"damage_healed":0,"gold_gain":0,"player_choice":"Read","damage_taken":0,"max_hp_gain":0,"max_hp_loss":0,"event_name":"The Library","floor":19,"gold_loss":0,"cards_obtained":["Compile Driver"]},{"damage_healed":0,"gold_gain":0,"player_choice":"Stole Relic","damage_taken":0,"relics_obtained":["Emotion Chip"],"max_hp_gain":0,"max_hp_loss":0,"event_name":"Addict","floor":21,"gold_loss":0,"cards_obtained":["Shame"]},{"damage_healed":0,"gold_gain":0,"player_choice":"Fight","damage_taken":0,"max_hp_gain":0,"max_hp_loss":0,"event_name":"Colosseum","floor":27,"gold_loss":0},{"damage_healed":0,"gold_gain":0,"player_choice":"Fought Nobs","damage_taken":0,"max_hp_gain":0,"max_hp_loss":0,"event_name":"Colosseum","floor":27,"gold_loss":0}],"is_beta":true,"boss_relics":[{"not_picked":["Philosopher\u0027s Stone","Calling Bell"],"picked":"Sozu"}],"items_purged_floors":[],"is_endless":false,"potions_floor_spawned":[1,7,10,12,27,28,29,31],"killed_by":"Collector","ascension_level":12}