{"gold_per_floor":[13,13,13,28,45,45,70,81,81,81,81,81,98,110,110,110],"floor_reached":16,"playtime":749,"items_purged":[],"score":158,"play_id":"3356883b-24af-498c-b20f-687163ea792d","local_time":"20181227185958","is_ascension_mode":true,"campfire_choices":[{"data":"Genetic Algorithm","floor":6,"key":"SMITH"},{"floor":10,"key":"REST"},{"floor":12,"key":"REST"},{"data":"Fission","floor":15,"key":"SMITH"}],"neow_cost":"NO_GOLD","seed_source_timestamp":1062264558185130,"circlet_count":0,"master_deck":["AscendersBane","Strike_B","Strike_B","Defend_B","Defend_B","Defend_B","Defend_B","Zap","Dualcast","Fission+1","Genetic Algorithm+1","Cold Snap","Conserve Battery","Hologram","Rebound","Beam Cell","Tempest","Meteor Strike"],"relics":["Cracked Core","Anchor","Pantograph","Torii"],"potions_floor_usage":[7,7],"damage_taken":[{"damage":8,"enemies":"Small Slimes","floor":1,"turns":3},{"damage":3,"enemies":"2 Louse","floor":4,"turns":3},{"damage":4,"enemies":"Jaw Worm","floor":5,"turns":4},{"damage":29,"enemies":"Gremlin Nob","floor":7,"turns":6},{"damage":5,"enemies":"Large Slime","floor":8,"turns":5},{"damage":0,"enemies":"Looter","floor":13,"turns":3},{"damage":7,"enemies":"2 Fungi Beasts","floor":14,"turns":4},{"damage":78,"enemies":"The Guardian","floor":16,"turns":14}],"seed_played":"6556589087981744697","potions_obtained":[{"floor":1,"key":"Fire Potion"},{"floor":4,"key":"SneckoOil"},{"floor":14,"key":"Dexterity Potion"}],"is_trial":false,"path_per_floor":["M","$","?","M","M","R","E","M","T","R","?","R","M","M","R","B"],"character_chosen":"DEFECT","items_purchased":[],"campfire_rested":2,"item_purchase_floors":[],"current_hp_per_floor":[60,60,60,57,53,53,24,19,19,41,29,51,51,44,44,0],"gold":110,"neow_bonus":"TRANSFORM_TWO_CARDS","is_prod":false,"is_daily":false,"chose_seed":false,"campfire_upgraded":2,"win_rate":0,"timestamp":1545955198,"path_taken":["M","$","?","M","M","R","E","M","T","R","?","R","M","M","R","BOSS"],"build_version":"2018-12-25","purchased_purges":0,"victory":false,"max_hp_per_floor":[75,75,75,75,75,75,75,75,75,75,75,75,75,75,75,75],"card_choices":[{"not_picked":["Blizzard","Leap"],"picked":"Cold Snap","floor":1},{"not_picked":["Hologram","Streamline"],"picked":"Conserve Battery","floor":4},{"not_picked":["Barrage","Streamline"],"picked":"Hologram","floor":5},{"not_picked":["Force Field","Turbo"],"picked":"Rebound","floor":7},{"not_picked":["Sweeping Beam","Recycle"],"picked":"Beam Cell","floor":8},{"not_picked":["Barrage","Streamline"],"picked":"Tempest","floor":13},{"not_picked":["Rebound","Beam Cell"],"picked":"Meteor Strike","floor":14}],"player_experience":1029819,"relics_obtained":[{"floor":7,"key":"Anchor"},{"floor":9,"key":"Pantograph"}],"event_choices":[{"damage_healed":0,"gold_gain":0,"player_choice":"Leave","damage_taken":0,"max_hp_gain":0,"max_hp_loss":0,"event_name":"The Cleric","floor":3,"gold_loss":0},{"damage_healed":0,"gold_gain":0,"player_choice":"Success","damage_taken":12,"relics_obtained":["Torii"],"max_hp_gain":0,"max_hp_loss":0,"event_name":"Scrap Ooze","floor":11,"gold_loss":0}],"is_beta":true,"boss_relics":[],"items_purged_floors":[],"is_endless":false,"potions_floor_spawned":[1,4,14],"killed_by":"The Guardian","ascension_level":11}