{"gold_per_floor":[116,136,59,59,69,69,101,120,120,132,167,167,167,12,12,90,90,106,122,122,135,50,50,84,1,1,1,1,20,34,49,49,123,123,135,135,55,71,86,114,114,37,37,37,56,85,85,100,100,100],"floor_reached":51,"playtime":2340,"items_purged":[],"score":1438,"play_id":"002cc138-a1eb-48c9-b60e-86d95f0d461f","local_time":"20190218020333","is_ascension_mode":true,"campfire_choices":[{"data":"Chaos","floor":6.0,"key":"SMITH"},{"floor":12.0,"key":"REST"},{"floor":15.0,"key":"REST"},{"floor":23.0,"key":"REST"},{"floor":28.0,"key":"REST"},{"floor":32.0,"key":"REST"},{"floor":41.0,"key":"REST"},{"data":"Meteor Strike","floor":44.0,"key":"SMITH"},{"floor":47,"key":"REST"},{"floor":49,"key":"REST"}],"neow_cost":"NONE","seed_source_timestamp":0,"circlet_count":0,"master_deck":["AscendersBane","Strike_B","Strike_B","Strike_B","Defend_B","Defend_B","Defend_B","Defend_B","Zap","Dualcast","Meteor Strike+1","Streamline","Chill","Sweeping Beam","Conserve Battery","Chaos+1","Hologram","FTL","Coolheaded","Sunder+1","Capacitor+1","Echo Form","Compile Driver+1","Necronomicurse","Reinforced Body","BootSequence","Multi-Cast","White Noise","Capacitor","Doom and Gloom+1","Self Repair","Ball Lightning+1","Defragment+1"],"special_seed":0,"relics":["Cracked Core","FossilizedHelix","Ice Cream","Matryoshka","Bag of Marbles","Molten Egg 2","Nuclear Battery","Necronomicon","Meat on the Bone","Omamori","Blood Vial","Lizard Tail","Darkstone Periapt","Anchor","Ginger"],"potions_floor_usage":[50],"damage_taken":[{"damage":5.0,"enemies":"2 Louse","floor":1.0,"turns":3.0},{"damage":6.0,"enemies":"Cultist","floor":2.0,"turns":4.0},{"damage":0.0,"enemies":"Jaw Worm","floor":5.0,"turns":3.0},{"damage":27.0,"enemies":"3 Sentries","floor":7.0,"turns":9.0},{"damage":0.0,"enemies":"3 Louse","floor":8.0,"turns":4.0},{"damage":4.0,"enemies":"2 Fungi Beasts","floor":10.0,"turns":3.0},{"damage":0.0,"enemies":"Lagavulin","floor":11.0,"turns":5.0},{"damage":6.0,"enemies":"Slime Boss","floor":16.0,"turns":8.0},{"damage":15.0,"enemies":"3 Byrds","floor":18.0,"turns":5.0},{"damage":7.0,"enemies":"Shell Parasite","floor":19.0,"turns":5.0},{"damage":0.0,"enemies":"Cultist and Chosen","floor":21.0,"turns":2.0},{"damage":24.0,"enemies":"Slavers","floor":24.0,"turns":5.0},{"damage":11.0,"enemies":"Centurion and Healer","floor":29.0,"turns":4.0},{"damage":12.0,"enemies":"Snake Plant","floor":30.0,"turns":3.0},{"damage":22.0,"enemies":"Sentry and Sphere","floor":31.0,"turns":8.0},{"damage":37.0,"enemies":"Collector","floor":33.0,"turns":9.0},{"damage":13.0,"enemies":"3 Darklings","floor":35.0,"turns":6.0},{"damage":0.0,"enemies":"Orb Walker","floor":38.0,"turns":3.0},{"damage":5.0,"enemies":"Jaw Worm Horde","floor":39.0,"turns":4.0},{"damage":16.0,"enemies":"Nemesis","floor":40.0,"turns":7.0},{"damage":28,"enemies":"Writhing Mass","floor":45,"turns":6},{"damage":38,"enemies":"Reptomancer","floor":46,"turns":10},{"damage":29,"enemies":"Maw","floor":48,"turns":7},{"damage":71,"enemies":"Donu and Deca","floor":50,"turns":7}],"seed_played":"7013654050306520018","potions_obtained":[{"floor":7.0,"key":"EssenceOfSteel"},{"floor":8.0,"key":"Swift Potion"},{"floor":10.0,"key":"PowerPotion"},{"floor":21.0,"key":"Fire Potion"},{"floor":24.0,"key":"Fire Potion"},{"floor":30.0,"key":"Regen Potion"},{"floor":35.0,"key":"PowerPotion"},{"floor":39.0,"key":"PowerPotion"},{"floor":48,"key":"Energy Potion"}],"is_trial":false,"path_per_floor":["M","M","$","?","M","R","E","M","T","M","E","R","T","$","R","B",null,"M","M","?","M","$","R","E","$","T","?","R","M","M","M","R","B",null,"M","?","$","M","M","E","R","$","T","R","M","E","R","M","R","B",null],"character_chosen":"DEFECT","items_purchased":["Sweeping Beam","Conserve Battery","Sunder+1","Capacitor","FocusPotion","Regen Potion","Capacitor","Self Repair"],"campfire_rested":8,"item_purchase_floors":[3,3,14,14,22,25,37,42],"current_hp_per_floor":[59,53,53,53,53,53,26,26,26,22,22,43,43,43,64,58,68,53,46,25,25,25,46,22,22,22,22,43,46,36,43,64,41,64,53,53,53,55,52,38,58,58,58,58,51,34,54,46,66,45],"gold":100,"neow_bonus":"ONE_RANDOM_RARE_CARD","is_prod":false,"is_daily":false,"chose_seed":false,"campfire_upgraded":2,"win_rate":0,"timestamp":1550473413,"path_taken":["M","M","$","?","?","R","E","M","T","M","E","R","?","?","R","BOSS","M","M","?","M","$","R","E","$","T","?","R","M","?","?","R","BOSS","M","?","?","M","M","E","R","$","T","R","?","E","R","M","R","BOSS"],"build_version":"2019-01-23","purchased_purges":0,"victory":true,"max_hp_per_floor":[71,71,71,71,71,71,71,71,71,71,71,71,71,71,71,71,71,71,71,71,71,71,71,71,71,71,71,71,71,71,71,71,71,71,71,67,67,67,67,67,67,67,67,67,67,67,67,67,67,67],"card_choices":[{"not_picked":["Go for the Eyes","Compile Driver"],"picked":"Streamline","floor":1.0},{"not_picked":["Redo","Tempest"],"picked":"Chill","floor":2.0},{"not_picked":["Heatsinks","Barrage"],"picked":"Chaos","floor":5.0},{"not_picked":["Stack","Rebound"],"picked":"Hologram","floor":7.0},{"not_picked":["Sweeping Beam","Streamline"],"picked":"FTL","floor":8.0},{"not_picked":["Heatsinks","Conserve Battery"],"picked":"Coolheaded","floor":10.0},{"not_picked":["Streamline","Reboot","Stack"],"picked":"SKIP","floor":11.0},{"not_picked":["Biased Cognition","Thunder Strike+1"],"picked":"Echo Form","floor":16.0},{"not_picked":["Rebound+1","Static Discharge","Sweeping Beam+1"],"picked":"SKIP","floor":18.0},{"not_picked":["Beam Cell+1","Static Discharge"],"picked":"Compile Driver+1","floor":19.0},{"not_picked":["Conserve Battery","Ball Lightning+1"],"picked":"Reinforced Body","floor":21.0},{"not_picked":["Hologram","Aggregate","Conserve Battery"],"picked":"SKIP","floor":24.0},{"not_picked":["Reinforced Body+1","Rip and Tear+1"],"picked":"BootSequence","floor":29.0},{"not_picked":["Fusion","Cold Snap+1"],"picked":"Multi-Cast","floor":30.0},{"not_picked":["Force Field","FTL+1","Skim"],"picked":"SKIP","floor":31.0},{"not_picked":["Recycle","Genetic Algorithm+1"],"picked":"White Noise","floor":35.0},{"not_picked":["Gash+1","Sweeping Beam+1","Redo"],"picked":"SKIP","floor":38.0},{"not_picked":["Hologram","Turbo+1","Streamline+1"],"picked":"SKIP","floor":39.0},{"not_picked":["Genetic Algorithm+1","Cold Snap+1"],"picked":"Doom and Gloom+1","floor":40.0},{"not_picked":["Coolheaded","Turbo","Ball Lightning+1"],"picked":"SKIP","floor":45},{"not_picked":["Sweeping Beam+1","Stack+1"],"picked":"Ball Lightning+1","floor":46},{"not_picked":["Stack","Rebound+1"],"picked":"Defragment+1","floor":48}],"player_experience":297865,"relics_obtained":[{"floor":7.0,"key":"FossilizedHelix"},{"floor":9.0,"key":"Ice Cream"},{"floor":11.0,"key":"Matryoshka"},{"floor":13.0,"key":"Bag of Marbles"},{"floor":13.0,"key":"Molten Egg 2"},{"floor":20.0,"key":"Necronomicon"},{"floor":24.0,"key":"Meat on the Bone"},{"floor":26.0,"key":"Omamori"},{"floor":26.0,"key":"Blood Vial"},{"floor":40.0,"key":"Darkstone Periapt"},{"floor":43.0,"key":"Anchor"},{"floor":46,"key":"Ginger"}],"event_choices":[{"cards_removed":["Strike_B"],"damage_healed":0.0,"max_hp_gain":0.0,"max_hp_loss":0.0,"gold_gain":0.0,"event_name":"Bonfire Elementals","player_choice":"Offered Basic","floor":4.0,"gold_loss":0.0,"damage_taken":0.0},{"damage_healed":0.0,"max_hp_gain":0.0,"max_hp_loss":0.0,"gold_gain":0.0,"event_name":"Cursed Tome","player_choice":"Obtained Book","floor":20.0,"gold_loss":0.0,"damage_taken":21.0},{"damage_healed":0.0,"max_hp_gain":0.0,"max_hp_loss":0.0,"gold_gain":0.0,"event_name":"Upgrade Shrine","player_choice":"Upgraded","floor":27.0,"gold_loss":0.0,"damage_taken":0.0,"cards_upgraded":["Capacitor"]},{"damage_healed":0.0,"max_hp_gain":0.0,"max_hp_loss":4.0,"gold_gain":0.0,"event_name":"Winding Halls","player_choice":"Max HP","floor":36.0,"gold_loss":0.0,"damage_taken":0.0}],"is_beta":false,"boss_relics":[{"not_picked":["Astrolabe","Philosopher\u0027s Stone"],"picked":"Nuclear Battery"},{"not_picked":["FrozenCore","Calling Bell"],"picked":"Lizard Tail"}],"items_purged_floors":[],"is_endless":false,"potions_floor_spawned":[7,8,10,11,21,24,30,35,39,48],"ascension_level":19}