{"path_per_floor":["M","M","?","?","?","E","R","M","T","M","M","M","M","M","R","B",null,"M","?","T","$","M"],"character_chosen":"IRONCLAD","items_purchased":["Armaments","Mind Blast","Secret Weapon"],"gold_per_floor":[116,132,82,82,82,112,112,124,424,441,451,469,486,506,506,606,606,622,622,701,290,303],"floor_reached":23,"campfire_rested":0,"playtime":1903,"current_hp_per_floor":[80,80,80,80,80,80,80,80,80,67,72,72,68,71,71,25,80,59,56,56,56,53],"items_purged":["Combust"],"gold":303,"score":246,"play_id":"63137848-423a-4496-a92a-1c898a1f25dd","is_prod":false,"is_daily":false,"is_ascension_mode":false,"campfire_upgraded":2,"path_taken":["M","M","?","?","?","E","R","M","T","M","?","M","M","M","R","BOSS","M","?","?","$","M","E"],"build_version":"2018-02-15-PROD1","purchased_purges":1,"victory":false,"master_deck":["Defend_R","Defend_R","Defend_R","Defend_R","Bash+1","Shrug It Off","Anger","Perfected Strike","Power Through","Iron Wave","Inflame","Dual Wield","Anger","Armaments+1","Barricade","Bite","Bite","Bite","Bite","Bite","Armaments","Mind Blast","Secret Weapon","Iron Wave"],"max_hp_per_floor":[80,80,80,80,80,80,80,80,80,80,80,80,80,80,80,80,80,80,56,56,56,56],"relics":["Burning Blood","NeowsBlessing","Dream Catcher","Old Coin","Sozu","Dodecahedron"],"card_choices":[{"not_picked":["Intimidate","Twin Strike"],"picked":"Shrug It Off"},{"not_picked":["Clash","Battle Trance"],"picked":"Perfected Strike"},{"not_picked":["Flex","Flame Barrier"],"picked":"Power Through"},{"not_picked":["Fire Breathing","Second Wind"],"picked":"Iron Wave"},{"not_picked":["Headbutt","Clothesline"],"picked":"Inflame"},{"not_picked":["Dropkick","Sword Boomerang"],"picked":"Dual Wield"},{"not_picked":["Thunderclap","Warcry"],"picked":"Anger"},{"not_picked":["Sword Boomerang","Pummel"],"picked":"Armaments"},{"not_picked":["Offering","Impervious"],"picked":"Barricade"},{"not_picked":["Perfected Strike","Flex"],"picked":"Combust"},{"not_picked":["Spot Weakness","Reckless Charge"],"picked":"Iron Wave"}],"player_experience":12240,"potions_floor_usage":[12,14,16,16],"damage_taken":[{"damage":0,"enemies":"Jaw Worm","floor":1,"turns":1},{"damage":0,"enemies":"Small Slimes","floor":2,"turns":1},{"damage":0,"enemies":"Gremlin Nob","floor":6,"turns":1},{"damage":2,"enemies":"2 Louse","floor":8,"turns":3},{"damage":19,"enemies":"Gremlin Gang","floor":10,"turns":5},{"damage":1,"enemies":"3 Louse","floor":11,"turns":4},{"damage":6,"enemies":"2 Fungi Beasts","floor":12,"turns":3},{"damage":10,"enemies":"Looter","floor":13,"turns":3},{"damage":3,"enemies":"Red Slaver","floor":14,"turns":3},{"damage":52,"enemies":"Slime Boss","floor":16,"turns":15},{"damage":27,"enemies":"3 Byrds","floor":18,"turns":10},{"damage":15,"enemies":"2 Thieves","floor":22,"turns":5},{"damage":60,"enemies":"Slavers","floor":23,"turns":3}],"event_choices":[{"event_name":"The Cleric","player_choice":"Card Removal","floor":3,"damage_taken":0},{"event_name":"Transmorgrifier","player_choice":"Transform","floor":4,"damage_taken":0},{"event_name":"Liars Game","player_choice":"disagreed","floor":5,"damage_taken":0},{"event_name":"Vampires","player_choice":"Became a vampire","floor":19,"damage_taken":0}],"boss_relics":[{"not_picked":["Ectoplasm","Runic Pyramid"],"picked":"Sozu"}],"potions_floor_spawned":[1,6,8,13,16],"seed_played":"521579386934245833","killed_by":"Slavers","ascension_level":0,"is_trial":false}