{"path_per_floor":["M","M","M","$","M","R","M","R","T","?","?","M","E","M","R","B",null,"M","$","?","?","M","E","R","T","T","M","R","E","R","M","R","B",null,"M","M","$","M","?","R"],"character_chosen":"THE_SILENT","items_purchased":["Anchor","Bandage Up","Blood Vial"],"gold_per_floor":[116,132,148,73,86,86,106,106,106,106,56,81,112,126,126,254,292,315,71,71,71,85,126,126,176,203,227,227,261,261,275,275,400,400,419,438,72,96,429,429],"floor_reached":41,"campfire_rested":2,"playtime":2393,"current_hp_per_floor":[84,82,79,79,77,77,75,75,75,75,75,75,65,54,54,46,89,80,80,80,72,67,54,54,54,54,53,79,54,54,54,80,19,89,83,83,83,63,63,63],"items_purged":["Doubt","Strike_G","Strike_G"],"gold":429,"score":483,"play_id":"5965cdc6-b4ea-4786-9323-f4fd09431b3d","local_time":"20180318160534","is_prod":false,"is_daily":false,"is_ascension_mode":false,"campfire_upgraded":3,"timestamp":1521403534,"path_taken":["M","M","M","$","?","R","M","R","T","?","?","M","E","M","R","BOSS","M","$","?","?","M","E","R","?","T","M","R","E","R","M","R","BOSS","M","?","$","M","?","R","E"],"build_version":"2018-03-15v3","purchased_purges":3,"victory":false,"master_deck":["Defend_G","Defend_G","Defend_G","Defend_G","Defend_G","Strike_G","Strike_G","Strike_G","Survivor","Neutralize+1","All Out Attack","Bouncing Flask+1","Dash","Predator+1","Dagger Spray","Acrobatics","Dash","PiercingWail+1","Tools of the Trade+1","Backflip","Backstab","Footwork+1","Die Die Die","Flying Knee","Flying Knee","Dodge and Roll","Dagger Throw+1","Calculated Gamble+1","Bandage Up","Distraction+1"],"max_hp_per_floor":[84,84,84,84,84,84,84,84,84,84,84,84,84,84,84,84,89,89,89,89,89,89,89,89,89,89,89,89,89,89,89,89,89,89,89,89,89,89,89,89],"relics":["Ring of the Snake","Mango","Girya","Lantern","Tiny House","Anchor","Ancient Tea Set","Happy Flower","Orichalcum","Snake Skull","The Specimen","Blood Vial"],"card_choices":[{"not_picked":["Dodge and Roll","Finisher"],"picked":"All Out Attack"},{"not_picked":["Heel Hook","Sucker Punch"],"picked":"Bouncing Flask"},{"not_picked":["Bouncing Flask","Underhanded Strike"],"picked":"Dash"},{"not_picked":["Poisoned Stab","Reflex"],"picked":"Predator"},{"not_picked":["Concentrate","Deflect"],"picked":"Dagger Spray"},{"not_picked":["Predator","Dagger Throw"],"picked":"Acrobatics"},{"not_picked":["Riddle With Holes","Glass Knife"],"picked":"Dash"},{"not_picked":["Eviscerate","Outmaneuver"],"picked":"PiercingWail"},{"not_picked":["Grand Finale","Night Terror"],"picked":"Tools of the Trade"},{"not_picked":["Skewer","Well Laid Plans"],"picked":"Backflip"},{"not_picked":["Underhanded Strike","Finisher"],"picked":"Backstab"},{"not_picked":["Dagger Throw","Outmaneuver"],"picked":"Footwork"},{"not_picked":["Dagger Spray","Eviscerate"],"picked":"Die Die Die"},{"not_picked":["Deadly Poison","Bane"],"picked":"Flying Knee"},{"not_picked":["Corpse Explosion","Blade Dance"],"picked":"Flying Knee"},{"not_picked":["Prepared","Dagger Spray"],"picked":"Dodge and Roll"},{"not_picked":["Accuracy","Bane"],"picked":"Dagger Throw"},{"not_picked":["Predator","Slice"],"picked":"Calculated Gamble"},{"not_picked":["Calculated Gamble","Malaise"],"picked":"Distraction"}],"player_experience":590903,"potions_floor_usage":[5,16,16,18,18,23,29,31,35,41],"damage_taken":[{"damage":0,"enemies":"Cultist","floor":1,"turns":6},{"damage":2,"enemies":"Small Slimes","floor":2,"turns":3},{"damage":3,"enemies":"Jaw Worm","floor":3,"turns":4},{"damage":2,"enemies":"Looter","floor":5,"turns":3},{"damage":2,"enemies":"Blue Slaver","floor":7,"turns":4},{"damage":0,"enemies":"2 Fungi Beasts","floor":12,"turns":2},{"damage":10,"enemies":"Gremlin Nob","floor":13,"turns":5},{"damage":11,"enemies":"Gremlin Gang","floor":14,"turns":3},{"damage":23,"enemies":"The Guardian","floor":16,"turns":8},{"damage":9,"enemies":"2 Thieves","floor":18,"turns":4},{"damage":5,"enemies":"Chosen","floor":22,"turns":6},{"damage":13,"enemies":"Slavers","floor":23,"turns":6},{"damage":1,"enemies":"Snecko","floor":27,"turns":3},{"damage":25,"enemies":"Gremlin Leader","floor":29,"turns":5},{"damage":0,"enemies":"Chosen and Byrds","floor":31,"turns":4},{"damage":61,"enemies":"Collector","floor":33,"turns":10},{"damage":6,"enemies":"3 Shapes","floor":35,"turns":3},{"damage":0,"enemies":"3 Darklings","floor":36,"turns":3},{"damage":26,"enemies":"Maw","floor":38,"turns":7},{"damage":105,"enemies":"Giant Head","floor":41,"turns":9}],"event_choices":[{"event_name":"Golden Idol","player_choice":"Take Wound","floor":10,"damage_taken":0},{"event_name":"The Cleric","player_choice":"Card Removal","floor":11,"damage_taken":0},{"event_name":"Accursed Blacksmith","player_choice":"Forge","floor":20,"damage_taken":0},{"event_name":"Wheel of Change","player_choice":"Damage","floor":21,"damage_taken":0},{"event_name":"The Moai Head","player_choice":"Gave Idol","floor":39,"damage_taken":0}],"boss_relics":[{"not_picked":["White Beast Statue","Black Star"],"picked":"Tiny House"},{"not_picked":["Question Card","Runic Pyramid"],"picked":"The Specimen"}],"potions_floor_spawned":[1,3,7,14,16,18,29,33,35],"seed_played":"-2717824172437282406","killed_by":"Giant Head","ascension_level":0,"is_trial":false}