{"path_per_floor":["M","?","M","M","M","R","?","R","T","M","E","$","M","$","R","B",null,"M","?","?","M","?","R","M","R","T","M","M","M","M","M","R"],"character_chosen":"THE_SILENT","items_purchased":["Leg Sweep","Noxious Fumes","War Paint"],"gold_per_floor":[117,117,130,150,161,161,236,236,310,328,360,16,31,31,31,127,127,146,146,236,256,256,256,268,268,268,280,298,318,335,350,350],"floor_reached":33,"campfire_rested":3,"playtime":3291,"current_hp_per_floor":[70,70,70,70,63,63,52,52,62,61,48,48,48,48,72,30,80,73,73,57,34,34,73,66,66,66,60,45,6,28,14,53],"items_purged":["Defend_G"],"gold":350,"score":253,"play_id":"64d3aaba-b992-4f39-ab15-3714eddf54f2","is_prod":false,"is_daily":false,"is_ascension_mode":false,"campfire_upgraded":3,"path_taken":["M","?","M","M","M","R","?","R","T","M","E","?","M","$","R","BOSS","M","?","?","M","?","R","M","R","T","M","M","M","?","?","R","BOSS"],"build_version":"2018-02-15-PROD1","purchased_purges":1,"victory":false,"master_deck":["Defend_G+1","Defend_G+1","Defend_G","Defend_G","Strike_G","Strike_G","Strike_G","Strike_G","Strike_G","Survivor","Neutralize+1","PiercingWail","Endless Agony+1","Deadly Poison","Poisoned Stab+1","Backflip","Endless Agony","Leg Sweep+1","Noxious Fumes","Prepared","Corpse Explosion","Backflip","Endless Agony","Quick Slash+1","Outmaneuver","Acrobatics+1","Leg Sweep","Bane"],"max_hp_per_floor":[70,70,70,70,70,70,70,70,80,80,80,80,80,80,80,80,80,80,80,80,80,80,80,80,80,80,80,80,80,80,80,80],"relics":["Ring of the Snake","NeowsBlessing","Pear","Lantern","War Paint","Lizard Tail","Regal Pillow","Snake Skull"],"card_choices":[{"not_picked":["Underhanded Strike","All Out Attack"],"picked":"PiercingWail"},{"not_picked":["Deflect","Backflip"],"picked":"Endless Agony"},{"not_picked":["Calculated Gamble","All Out Attack"],"picked":"Deadly Poison"},{"not_picked":["Dodge and Roll","Deflect"],"picked":"Poisoned Stab"},{"not_picked":["Reflex","Riddle With Holes"],"picked":"Backflip"},{"not_picked":["Poisoned Stab","Dagger Spray"],"picked":"Endless Agony"},{"not_picked":["Cloak And Dagger","Eviscerate"],"picked":"Prepared"},{"not_picked":["Tactician","Night Terror"],"picked":"Corpse Explosion"},{"not_picked":["Escape Plan","Deflect"],"picked":"Backflip"},{"not_picked":["Distraction","Prepared"],"picked":"Endless Agony"},{"not_picked":["Backflip","Prepared"],"picked":"Quick Slash"},{"not_picked":["Prepared","Acrobatics"],"picked":"Outmaneuver"},{"not_picked":["Poisoned Stab","Sucker Punch"],"picked":"Acrobatics"},{"not_picked":["Underhanded Strike","Predator"],"picked":"Leg Sweep"},{"not_picked":["Deflect","Heel Hook"],"picked":"Bane"}],"player_experience":127344,"potions_floor_usage":[16,16,21,24,28,33,33],"damage_taken":[{"damage":0,"enemies":"Small Slimes","floor":1,"turns":1},{"damage":0,"enemies":"Jaw Worm","floor":3,"turns":1},{"damage":0,"enemies":"Cultist","floor":4,"turns":1},{"damage":7,"enemies":"Large Slime","floor":5,"turns":8},{"damage":1,"enemies":"Exordium Thugs","floor":10,"turns":5},{"damage":13,"enemies":"3 Sentries","floor":11,"turns":9},{"damage":0,"enemies":"Blue Slaver","floor":13,"turns":3},{"damage":42,"enemies":"Slime Boss","floor":16,"turns":12},{"damage":7,"enemies":"Shell Parasite","floor":18,"turns":7},{"damage":23,"enemies":"Chosen","floor":21,"turns":6},{"damage":7,"enemies":"Slaver and Parasite","floor":24,"turns":8},{"damage":6,"enemies":"Chosen and Byrds","floor":27,"turns":6},{"damage":15,"enemies":"Snake Plant","floor":28,"turns":5},{"damage":39,"enemies":"Snecko","floor":29,"turns":7},{"damage":22,"enemies":"Slaver and Parasite","floor":30,"turns":9},{"damage":14,"enemies":"Centurion and Healer","floor":31,"turns":12},{"damage":60,"enemies":"Champ","floor":33,"turns":10}],"event_choices":[{"event_name":"Living Wall","player_choice":"Grow","floor":2,"damage_taken":0},{"event_name":"World of Goop","player_choice":"Gather Gold","floor":7,"damage_taken":0},{"event_name":"The Lab","player_choice":"Got Potions","floor":19,"damage_taken":0},{"event_name":"Knowing Skull","player_choice":"GOLD ","floor":20,"damage_taken":0},{"event_name":"The Mausoleum","player_choice":"Yes","floor":22,"damage_taken":0}],"boss_relics":[{"not_picked":["Orrery","Velvet Choker"],"picked":"Lizard Tail"}],"potions_floor_spawned":[3,10,16,18,24,31],"seed_played":"5792464091218864152","killed_by":"Champ","ascension_level":0,"is_trial":false}