{"path_per_floor":["M","M","$","M","M","R","E","R","T","R","E","M","M","?","R","B",null,"M","?","M","$","M","R","M","?","T","M","R","?","?","M","R","B",null,"M","?","?","$","M","R","M","M","T","M","M","M","R","M","R","B"],"character_chosen":"IRONCLAD","items_purchased":["Armaments","Anger","Bag of Marbles","Oddly Smooth Stone","Corruption","Bloodletting","Whetstone"],"gold_per_floor":[217,227,201,213,225,225,257,257,257,257,286,300,318,318,318,415,415,426,426,444,110,125,125,138,138,138,154,154,204,204,222,222,317,317,333,333,333,71,83,83,98,109,109,129,147,167,167,187,187,187],"floor_reached":51,"campfire_rested":7,"playtime":2685,"current_hp_per_floor":[67,61,61,66,67,67,38,62,62,62,55,42,44,44,68,24,66,59,59,49,49,50,50,33,17,17,16,41,41,41,37,63,41,77,71,71,61,61,45,73,65,97,107,121,95,75,112,79,116,65],"items_purged":[],"gold":187,"score":955,"play_id":"f2ab69af-eb1a-4001-a371-5dd0a116f2c7","local_time":"20180416190100","is_prod":false,"is_daily":false,"chose_seed":false,"is_ascension_mode":true,"campfire_upgraded":3,"timestamp":1523919660,"path_taken":["M","M","$","M","M","R","E","R","T","R","E","?","M","?","R","BOSS","M","?","M","$","M","R","M","?","T","?","R","?","?","?","R","BOSS","M","?","?","$","M","R","M","M","T","M","M","M","R","?","R","BOSS"],"build_version":"2018-04-13","seed_source_timestamp":380809229683814,"purchased_purges":0,"victory":true,"master_deck":["Strike_R+1","Strike_R+1","Strike_R+1","Defend_R+1","Defend_R+1","Defend_R+1","Spot Weakness","Body Slam+1","Armaments+1","Wild Strike+1","Offering","Shockwave","Shrug It Off+1","Wild Strike","Feed","Disarm+1","Body Slam","Anger","Headbutt","Infernal Blade","Clumsy","Feel No Pain","Feed+1","Demon Form","Burning Pact+1","Demon Form+1","Thunderclap+1","Sentinel+1","Dark Shackles","Secret Technique","Sadistic Nature","Corruption","Bloodletting","Body Slam","Parasite","Battle Trance+1","Shrug It Off","Rage+1"],"max_hp_per_floor":[80,80,80,80,80,80,80,80,80,80,80,80,80,80,80,80,80,80,80,80,80,80,80,83,83,83,86,86,86,86,89,89,89,89,93,93,93,93,96,96,103,107,117,121,124,124,124,124,124,124],"relics":["Burning Blood","Torii","Kunai","Mummified Hand","Cursed Key","Oddly Smooth Stone","Nilry\u0027s Codex","Toolbox","Nloth\u0027s Gift","Astrolabe","Whetstone","Pear"],"card_choices":[{"not_picked":["Fire Breathing","Bloodletting"],"picked":"Spot Weakness","floor":1},{"not_picked":["True Grit","Burning Pact"],"picked":"Body Slam","floor":2},{"not_picked":["Armaments","Iron Wave"],"picked":"Wild Strike","floor":4},{"not_picked":["Thunderclap","Headbutt"],"picked":"Offering","floor":7},{"not_picked":["Metallicize","Sword Boomerang"],"picked":"Shockwave","floor":11},{"not_picked":["True Grit","Clothesline"],"picked":"Shrug It Off","floor":12},{"not_picked":["Hemokinesis","Bloodletting"],"picked":"Wild Strike","floor":13},{"not_picked":["Immolate","Berserk"],"picked":"Feed","floor":16},{"not_picked":["Hemokinesis","Pommel Strike"],"picked":"Disarm","floor":18},{"not_picked":["Disarm","Armaments"],"picked":"Body Slam","floor":20},{"not_picked":["Armaments","Clash"],"picked":"Headbutt","floor":22},{"not_picked":["Combust","Rupture"],"picked":"Infernal Blade","floor":24},{"not_picked":["Shockwave","Seeing Red"],"picked":"Feel No Pain","floor":27},{"not_picked":["Battle Trance","Corruption"],"picked":"Feed","floor":31},{"not_picked":["Offering","Dark Embrace"],"picked":"Demon Form","floor":33},{"not_picked":["Second Wind","Shrug It Off"],"picked":"Sentinel","floor":35},{"not_picked":["Jack Of All Trades","Deep Breath"],"picked":"Dark Shackles","floor":37},{"not_picked":["Madness","Purity"],"picked":"Secret Technique","floor":37},{"not_picked":["Deep Breath","Panacea"],"picked":"Sadistic Nature","floor":37},{"not_picked":["Reckless Charge","Cleave"],"picked":"Body Slam","floor":42},{"not_picked":["True Grit","Reckless Charge"],"picked":"Battle Trance","floor":44},{"not_picked":["Clash","Heavy Blade"],"picked":"Shrug It Off","floor":46},{"not_picked":["Dropkick","Infernal Blade"],"picked":"Rage","floor":48}],"player_experience":230243,"potions_floor_usage":[11,11,18,22,33,33,33,39,42,45,45],"damage_taken":[{"damage":11,"enemies":"Cultist","floor":1,"turns":4},{"damage":12,"enemies":"Jaw Worm","floor":2,"turns":2},{"damage":1,"enemies":"Small Slimes","floor":4,"turns":4},{"damage":5,"enemies":"3 Louse","floor":5,"turns":3},{"damage":35,"enemies":"Lagavulin","floor":7,"turns":7},{"damage":13,"enemies":"3 Sentries","floor":11,"turns":5},{"damage":19,"enemies":"Exordium Thugs","floor":12,"turns":4},{"damage":4,"enemies":"Blue Slaver","floor":13,"turns":2},{"damage":50,"enemies":"Hexaghost","floor":16,"turns":10},{"damage":13,"enemies":"Chosen","floor":18,"turns":2},{"damage":16,"enemies":"Spheric Guardian","floor":20,"turns":5},{"damage":5,"enemies":"Cultist and Chosen","floor":22,"turns":6},{"damage":26,"enemies":"Chosen and Byrds","floor":24,"turns":4},{"damage":10,"enemies":"Centurion and Healer","floor":27,"turns":6},{"damage":13,"enemies":"Snake Plant","floor":31,"turns":4},{"damage":43,"enemies":"Automaton","floor":33,"turns":10},{"damage":16,"enemies":"3 Shapes","floor":35,"turns":2},{"damage":29,"enemies":"3 Darklings","floor":39,"turns":5},{"damage":31,"enemies":"4 Shapes","floor":41,"turns":7},{"damage":11,"enemies":"Flame Bruiser 2 Orb","floor":42,"turns":4},{"damage":19,"enemies":"3 Darklings","floor":44,"turns":7},{"damage":35,"enemies":"Sphere and 2 Shapes","floor":45,"turns":5},{"damage":30,"enemies":"Spire Growth","floor":46,"turns":6},{"damage":39,"enemies":"Maw","floor":48,"turns":7},{"damage":57,"enemies":"Time Eater","floor":50,"turns":12}],"event_choices":[{"event_name":"Liars Game","player_choice":"disagreed","floor":14,"damage_taken":0},{"event_name":"Back to Basics","player_choice":"Simplicity","floor":19,"damage_taken":0},{"event_name":"Cursed Tome","player_choice":"Obtained Book","floor":25,"damage_taken":0},{"event_name":"The Joust","player_choice":"Bet on Murderer","floor":29,"damage_taken":0},{"event_name":"N\u0027loth","player_choice":"Traded a Bag of Marbles","floor":30,"damage_taken":0},{"event_name":"SensoryStone","player_choice":"Memory 3","floor":37,"damage_taken":0}],"boss_relics":[{"not_picked":["Eternal Feather","Pandora\u0027s Box"],"picked":"Cursed Key"},{"not_picked":["Orrery","Philosopher\u0027s Stone"],"picked":"Astrolabe"}],"potions_floor_spawned":[1,2,4,13,16,20,31,33,39,41,44],"seed_played":"5048595015284840883","ascension_level":7,"is_trial":false}