{"path_per_floor":["M","M","?","M","M","E","R","$","T","M","E","?","$","M","R","B",null,"M","?","$","?","T","R","?","M","T","R","M","R","M","M","R","B",null,"M","$","M","M","M","R","E","M","T","?","E","?","R","M","R","B"],"character_chosen":"THE_SILENT","items_purchased":["Footwork","Happy Flower","Backflip","Paper Crane","All Out Attack"],"gold_per_floor":[110,126,126,143,153,183,183,183,209,222,251,251,169,184,184,280,280,295,295,96,96,122,122,122,135,161,161,181,181,193,210,210,306,306,323,26,36,56,71,71,98,115,115,160,189,189,189,199,199,199],"floor_reached":51,"campfire_rested":4,"playtime":6756,"current_hp_per_floor":[70,70,70,70,70,47,68,68,68,70,48,23,23,17,39,1,74,68,68,68,68,68,68,68,61,61,61,53,53,53,42,64,40,76,76,76,73,75,75,75,81,80,80,80,82,82,82,82,90,62],"items_purged":[],"gold":199,"score":744,"play_id":"1d4cbe7a-0c3b-41e1-9c05-6eef43602cc0","local_time":"20180421164529","is_prod":false,"is_daily":false,"chose_seed":false,"is_ascension_mode":false,"campfire_upgraded":5,"timestamp":1524343529,"path_taken":["M","M","?","?","M","E","R","$","T","?","E","?","$","M","R","BOSS","M","?","$","?","?","R","?","M","T","R","M","R","?","M","R","BOSS","M","$","M","M","M","R","E","M","T","?","E","?","R","?","R","BOSS"],"build_version":"2018-04-19","seed_source_timestamp":800539310308815,"purchased_purges":0,"victory":true,"master_deck":["Defend_G+1","Defend_G","Defend_G","Defend_G","Defend_G","Strike_G","Strike_G","Strike_G","Strike_G","Strike_G","Survivor+1","Neutralize","Skewer","Flying Knee","Sucker Punch","Quick Slash","Dagger Throw","Footwork+1","Predator+1","Phantasmal Killer+1","Backflip","Choke+1","Footwork+1","Leg Sweep+1","Footwork+1","Well Laid Plans+1","Prepared+1","Adrenaline+1","Acrobatics+1","Prepared+1","Blade Dance","Backflip","Endless Agony+1","Dodge and Roll+1","Acrobatics+1"],"max_hp_per_floor":[70,70,70,70,70,70,70,70,70,72,74,74,74,74,74,74,74,76,76,76,76,76,76,76,76,76,76,76,76,76,76,76,76,76,76,76,76,78,78,78,88,88,88,88,90,90,90,90,90,90],"relics":["Ring of the Snake","Omamori","Singing Bowl","Pen Nib","Molten Egg 2","Sozu","Thread and Needle","Happy Flower","Lantern","Orichalcum","Cursed Key","Paper Crane","Pear","Toolbox","Tingsha","War Paint"],"card_choices":[{"not_picked":["PiercingWail","Caltrops"],"picked":"Skewer","floor":1},{"not_picked":["Slice","Bane"],"picked":"Flying Knee","floor":2},{"not_picked":["Dodge and Roll","Underhanded Strike"],"picked":"Sucker Punch","floor":4},{"not_picked":["Flying Knee","Acrobatics"],"picked":"Quick Slash","floor":5},{"not_picked":["Envenom","Dodge and Roll"],"picked":"Dagger Throw","floor":6},{"not_picked":["Sucker Punch","Unload"],"picked":"Predator","floor":14},{"not_picked":["Corpse Explosion","Envenom"],"picked":"Phantasmal Killer","floor":16},{"not_picked":["Eviscerate","Footwork"],"picked":"Leg Sweep","floor":25},{"not_picked":["Acrobatics","Choke"],"picked":"Footwork","floor":28},{"not_picked":["Underhanded Strike","Unload"],"picked":"Well Laid Plans","floor":30},{"not_picked":["Caltrops","Concentrate"],"picked":"Prepared","floor":31},{"not_picked":["A Thousand Cuts","Bullet Time"],"picked":"Adrenaline","floor":33},{"not_picked":["Quick Slash","Blur"],"picked":"Acrobatics","floor":35},{"not_picked":["Crippling Poison","Bane"],"picked":"Prepared","floor":37},{"not_picked":["Flying Knee","Heel Hook"],"picked":"Blade Dance","floor":39},{"not_picked":["PiercingWail","Deadly Poison"],"picked":"Backflip","floor":41},{"not_picked":["Unload","Dodge and Roll"],"picked":"Endless Agony","floor":42},{"not_picked":["Masterful Stab","Poisoned Stab"],"picked":"Dodge and Roll","floor":44},{"not_picked":["Prepared","Backflip"],"picked":"Acrobatics","floor":48}],"player_experience":270149,"potions_floor_usage":[6,16,33,33,50],"damage_taken":[{"damage":0,"enemies":"Jaw Worm","floor":1,"turns":6},{"damage":0,"enemies":"Small Slimes","floor":2,"turns":4},{"damage":0,"enemies":"Cultist","floor":4,"turns":4},{"damage":0,"enemies":"Red Slaver","floor":5,"turns":5},{"damage":23,"enemies":"Lagavulin","floor":6,"turns":5},{"damage":0,"enemies":"3 Louse","floor":10,"turns":3},{"damage":24,"enemies":"Gremlin Nob","floor":11,"turns":5},{"damage":6,"enemies":"Exordium Wildlife","floor":14,"turns":3},{"damage":53,"enemies":"Hexaghost","floor":16,"turns":15},{"damage":8,"enemies":"Chosen","floor":18,"turns":4},{"damage":7,"enemies":"Shell Parasite","floor":25,"turns":4},{"damage":8,"enemies":"Snake Plant","floor":28,"turns":3},{"damage":0,"enemies":"Cultist and Chosen","floor":30,"turns":6},{"damage":11,"enemies":"Sentry and Sphere","floor":31,"turns":5},{"damage":24,"enemies":"Champ","floor":33,"turns":13},{"damage":0,"enemies":"Orb Walker","floor":35,"turns":2},{"damage":3,"enemies":"3 Darklings","floor":37,"turns":5},{"damage":0,"enemies":"Sphere and 2 Shapes","floor":38,"turns":3},{"damage":0,"enemies":"Maw","floor":39,"turns":7},{"damage":4,"enemies":"Nemesis","floor":41,"turns":9},{"damage":1,"enemies":"Flame Bruiser 2 Orb","floor":42,"turns":5},{"damage":0,"enemies":"Mysterious Sphere","floor":44,"turns":5},{"damage":0,"enemies":"Giant Head","floor":45,"turns":7},{"damage":0,"enemies":"4 Shapes","floor":48,"turns":5},{"damage":28,"enemies":"Time Eater","floor":50,"turns":15}],"event_choices":[{"event_name":"The Cleric","player_choice":"Leave","floor":3,"damage_taken":0},{"event_name":"Scrap Ooze","player_choice":"success","floor":12,"damage_taken":25},{"event_name":"The Mausoleum","player_choice":"Yes","floor":19,"damage_taken":0},{"event_name":"The Library","player_choice":"Read","floor":21,"damage_taken":0},{"event_name":"Duplicator","player_choice":"One dupe","floor":24,"damage_taken":0},{"event_name":"Mysterious Sphere","player_choice":"Fight","floor":44,"damage_taken":0}],"boss_relics":[{"not_picked":["Lizard Tail","Snecko Eye"],"picked":"Sozu"},{"not_picked":["Philosopher\u0027s Stone","Eternal Feather"],"picked":"Cursed Key"}],"potions_floor_spawned":[2,4,10,11,14,16,18,25,28,38,41,45,48],"seed_played":"-7896503062719249456","ascension_level":0,"is_trial":false}