{"path_per_floor":["M","M","M","$","M","R","M","?","T","$","M","M","M","E","R"],"character_chosen":"IRONCLAD","items_purchased":["Feel No Pain","Shrug It Off"],"gold_per_floor":[111,122,133,58,76,76,92,145,170,40,57,73,88,122,122,122],"floor_reached":16,"campfire_rested":1,"playtime":598,"current_hp_per_floor":[80,80,78,78,77,77,66,66,66,66,65,66,63,33,57,0],"items_purged":["Defend_R"],"gold":122,"score":133,"play_id":"14566955-1f18-4f9b-a209-bc8c98ce51ca","local_time":"20180323224016","is_prod":false,"is_daily":false,"is_ascension_mode":true,"campfire_upgraded":1,"timestamp":1521859216,"path_taken":["M","M","M","?","?","R","M","?","T","?","M","M","M","E","R","BOSS"],"build_version":"2018-03-22v2","purchased_purges":1,"victory":false,"master_deck":["Strike_R","Strike_R","Strike_R","Strike_R","Strike_R","Defend_R","Defend_R","Defend_R","Bash","Headbutt","Flex","Wild Strike","Evolve+1","Sever Soul","Feel No Pain","Shrug It Off","Wild Strike","Feed","Shrug It Off","Pommel Strike"],"max_hp_per_floor":[80,80,80,80,80,80,80,80,80,80,80,80,80,80,80,80],"relics":["Burning Blood","Pen Nib","Lantern","Bag of Preparation"],"card_choices":[{"not_picked":["Clothesline","Pommel Strike"],"picked":"Headbutt","floor":1},{"not_picked":["Berserk","True Grit"],"picked":"Flex","floor":2},{"not_picked":["Corruption","Perfected Strike"],"picked":"Wild Strike","floor":3},{"not_picked":["Sever Soul","Rage"],"picked":"Evolve","floor":5},{"not_picked":["Clothesline","Perfected Strike"],"picked":"Sever Soul","floor":7},{"not_picked":["Perfected Strike","Clash"],"picked":"Wild Strike","floor":11},{"not_picked":["Cleave","Twin Strike"],"picked":"Feed","floor":12},{"not_picked":["Wild Strike","Metallicize"],"picked":"Shrug It Off","floor":13},{"not_picked":["Dropkick","Perfected Strike"],"picked":"Pommel Strike","floor":14}],"player_experience":658405,"potions_floor_usage":[7,11,16],"damage_taken":[{"damage":1,"enemies":"Cultist","floor":1,"turns":4},{"damage":4,"enemies":"Jaw Worm","floor":2,"turns":3},{"damage":8,"enemies":"Small Slimes","floor":3,"turns":4},{"damage":7,"enemies":"3 Louse","floor":5,"turns":5},{"damage":17,"enemies":"Exordium Thugs","floor":7,"turns":4},{"damage":7,"enemies":"Lots of Slimes","floor":11,"turns":5},{"damage":5,"enemies":"Blue Slaver","floor":12,"turns":3},{"damage":9,"enemies":"Red Slaver","floor":13,"turns":2},{"damage":36,"enemies":"Gremlin Nob","floor":14,"turns":4},{"damage":61,"enemies":"Hexaghost","floor":16,"turns":9}],"event_choices":[{"event_name":"Golden Wing","player_choice":"Gained Gold","floor":8,"damage_taken":0}],"boss_relics":[],"potions_floor_spawned":[2,3,14],"seed_played":"-7700130339453127274","killed_by":"Hexaghost","ascension_level":5,"is_trial":false}