{"gold_per_floor":[116,132,132,132,144,176,176,176,176,208,208,221,221,9,9,88,88,104,124,105,105,155,155,172,172,172,199,199],"floor_reached":28,"playtime":1695,"items_purged":[],"score":513,"play_id":"41c53ba1-539d-4555-92e9-63c3e1fac137","local_time":"20190202101945","is_ascension_mode":true,"campfire_choices":[{"floor":8.0,"key":"REST"},{"floor":11.0,"key":"REST"},{"data":"Bash","floor":15.0,"key":"SMITH"},{"data":"Clothesline","floor":23.0,"key":"SMITH"},{"floor":25.0,"key":"REST"}],"neow_cost":"NONE","seed_source_timestamp":224150575486,"circlet_count":0,"master_deck":["AscendersBane","Defend_R","Defend_R","Defend_R","Defend_R","Bash+1","Ghostly Armor","Clothesline+1","Iron Wave","Reaper","Inflame","Inflame","Impervious","Sword Boomerang+1","Reckless Charge","Bite","Bite","Bite","Bite","Bite","Iron Wave"],"special_seed":0,"relics":["Burning Blood","Kunai","Anchor","Lantern","Shuriken","Dodecahedron","Pantograph","Membership Card","Runic Dome","Toxic Egg 2","Omamori"],"potions_floor_usage":[27],"damage_taken":[{"damage":0.0,"enemies":"2 Louse","floor":1.0,"turns":3.0},{"damage":8.0,"enemies":"Jaw Worm","floor":2.0,"turns":6.0},{"damage":2.0,"enemies":"Small Slimes","floor":5.0,"turns":5.0},{"damage":38.0,"enemies":"Lagavulin","floor":6.0,"turns":12.0},{"damage":19.0,"enemies":"Gremlin Nob","floor":10.0,"turns":4.0},{"damage":2.0,"enemies":"Looter","floor":12.0,"turns":3.0},{"damage":54.0,"enemies":"The Guardian","floor":16.0,"turns":17.0},{"damage":8.0,"enemies":"Chosen","floor":18.0,"turns":7.0},{"damage":16.0,"enemies":"2 Thieves","floor":19.0,"turns":5.0},{"damage":36.0,"enemies":"Chosen and Byrds","floor":24.0,"turns":6.0},{"damage":43,"enemies":"Book of Stabbing","floor":27,"turns":6},{"damage":33,"enemies":"Cultist and Chosen","floor":28,"turns":4}],"seed_played":"-7653355187532472228","potions_obtained":[{"floor":2.0,"key":"Ancient Potion"},{"floor":6.0,"key":"Fire Potion"},{"floor":12.0,"key":"Poison Potion"},{"floor":16.0,"key":"Energy Potion"},{"floor":19.0,"key":"BloodPotion"}],"is_trial":false,"path_per_floor":["M","M","?","T","M","E","?","R","T","E","R","M","?","$","R","B",null,"M","M","$","?","?","R","M","R","T","E","M"],"character_chosen":"IRONCLAD","items_purchased":["Membership Card","Reckless Charge"],"campfire_rested":3,"item_purchase_floors":[14,20],"current_hp_per_floor":[74,72,65,65,69,37,11,33,33,20,42,51,51,51,51,37,66,70,63,63,52,52,52,31,46,46,21,0],"gold":199,"neow_bonus":"TRANSFORM_CARD","is_prod":false,"is_daily":false,"chose_seed":false,"campfire_upgraded":2,"win_rate":0,"timestamp":1549131585,"path_taken":["M","M","?","?","M","E","?","R","T","E","R","M","?","$","R","BOSS","M","M","$","?","?","R","M","R","T","E","?"],"build_version":"2019-01-23","purchased_purges":0,"victory":false,"max_hp_per_floor":[75,75,75,75,75,75,75,75,75,75,75,75,75,75,75,75,75,75,75,75,52,52,52,52,52,52,52,52],"card_choices":[{"not_picked":["Warcry","Pommel Strike"],"picked":"Clothesline","floor":1.0},{"not_picked":["Sword Boomerang","Clash"],"picked":"Iron Wave","floor":2.0},{"not_picked":["Flex","Searing Blow","Warcry"],"picked":"SKIP","floor":5.0},{"not_picked":["Anger","Fire Breathing"],"picked":"Reaper","floor":6.0},{"not_picked":["Perfected Strike","Metallicize"],"picked":"Inflame","floor":10.0},{"not_picked":["Thunderclap","Second Wind"],"picked":"Inflame","floor":12.0},{"not_picked":["Fiend Fire","Bludgeon"],"picked":"Impervious","floor":16.0},{"not_picked":["Burning Pact","Rupture","Second Wind"],"picked":"SKIP","floor":18.0},{"not_picked":["Warcry","Uppercut"],"picked":"Sword Boomerang+1","floor":19.0},{"not_picked":["Warcry","Ghostly Armor","Entrench"],"picked":"SKIP","floor":24.0},{"not_picked":["Warcry","Ghostly Armor","Entrench"],"picked":"SKIP","floor":24.0},{"not_picked":["Body Slam","Thunderclap"],"picked":"Iron Wave","floor":27}],"player_experience":1318228,"relics_obtained":[{"floor":4.0,"key":"Kunai"},{"floor":6.0,"key":"Anchor"},{"floor":9.0,"key":"Shuriken"},{"floor":10.0,"key":"Dodecahedron"},{"floor":26.0,"key":"Toxic Egg 2"},{"floor":27,"key":"Omamori"}],"event_choices":[{"cards_removed":["Strike_R"],"damage_healed":0.0,"max_hp_gain":0.0,"max_hp_loss":0.0,"gold_gain":0.0,"event_name":"Golden Wing","player_choice":"Card Removal","floor":3.0,"gold_loss":0.0,"damage_taken":7.0},{"damage_healed":0.0,"max_hp_gain":0.0,"max_hp_loss":0.0,"gold_gain":0.0,"event_name":"Scrap Ooze","player_choice":"Success","floor":7.0,"gold_loss":0.0,"damage_taken":26.0,"relics_obtained":["Lantern"]},{"damage_healed":0.0,"max_hp_gain":0.0,"max_hp_loss":0.0,"gold_gain":0.0,"event_name":"WeMeetAgain","player_choice":"Gave Potion","floor":13.0,"gold_loss":0.0,"damage_taken":0.0,"relics_obtained":["Pantograph"]},{"damage_healed":0.0,"max_hp_gain":0.0,"max_hp_loss":23.0,"gold_gain":0.0,"event_name":"Vampires","player_choice":"Became a vampire","floor":21.0,"gold_loss":0.0,"damage_taken":0.0,"cards_obtained":["Bite","Bite","Bite","Bite","Bite"]},{"damage_healed":0.0,"max_hp_gain":0.0,"max_hp_loss":0.0,"gold_gain":50.0,"event_name":"Nest","player_choice":"Stole From Cult","floor":22.0,"gold_loss":0.0,"damage_taken":0.0}],"is_beta":true,"boss_relics":[{"not_picked":["Fusion Hammer","Runic Pyramid"],"picked":"Runic Dome"}],"items_purged_floors":[],"is_endless":false,"potions_floor_spawned":[2,6,12,16,19],"killed_by":"Cultist and Chosen","ascension_level":20}