{"gold_per_floor":[368,387,0,11,61,61,90,108,108,108,140,220,220,251,251,325,325,345,363,308,320,46,78,97,97,97,97,113,113,145,159,159,231,231,247,184,201,201,51,86,101,101,128,128,0,0,30,30,30,30,30,30,30,2,28,28],"floor_reached":56,"playtime":4184,"items_purged":["Strike_R","Strike_R","Strike_R"],"score":2257,"play_id":"de92f9a5-ac2f-41c5-a736-896e5b4afd50","local_time":"20181215164750","is_ascension_mode":true,"campfire_choices":[{"data":"Bash","floor":6.0,"key":"SMITH"},{"data":"Flame Barrier","floor":10.0,"key":"SMITH"},{"data":"Disarm","floor":15.0,"key":"SMITH"},{"data":"True Grit","floor":25.0,"key":"SMITH"},{"data":"Inflame","floor":27.0,"key":"SMITH"},{"data":"Inflame","floor":29.0,"key":"SMITH"},{"floor":32.0,"key":"RECALL"},{"data":"Limit Break","floor":42.0,"key":"SMITH"},{"data":"Flame Barrier","floor":44.0,"key":"SMITH"},{"data":"Shrug It Off","floor":46.0,"key":"SMITH"},{"data":"Clothesline","floor":49.0,"key":"SMITH"},{"data":"Battle Trance","floor":53.0,"key":"SMITH"}],"neow_cost":"PERCENT_DAMAGE","seed_source_timestamp":0,"circlet_count":0,"master_deck":["AscendersBane","Defend_R","Defend_R+1","Defend_R+1","Defend_R","Bash+1","Pommel Strike","Inflame+1","Clothesline+1","Inflame+1","Battle Trance+1","Flame Barrier+1","Disarm+1","Immolate+1","Flame Barrier+1","Shrug It Off+1","True Grit+1","Corruption","Pummel","True Grit+1","Limit Break+1","Armaments+1","Entrench","Body Slam","Decay","True Grit+1","Impervious"],"special_seed":0,"relics":["Burning Blood","Membership Card","Juzu Bracelet","Incense Burner","Matryoshka","Singing Bowl","Thread and Needle","Snecko Eye","Tiny Chest","Ancient Tea Set","TheAbacus","Art of War","Dream Catcher","War Paint","Cursed Key","OrangePellets","Self Forming Clay","Whetstone","Lantern","Red Mask","Pen Nib","Dodecahedron"],"potions_floor_usage":[56,56],"damage_taken":[{"damage":7.0,"enemies":"2 Louse","floor":1.0,"turns":3.0},{"damage":2.0,"enemies":"Cultist","floor":2.0,"turns":4.0},{"damage":9.0,"enemies":"Small Slimes","floor":4.0,"turns":4.0},{"damage":8.0,"enemies":"Gremlin Nob","floor":7.0,"turns":3.0},{"damage":13.0,"enemies":"Blue Slaver","floor":8.0,"turns":4.0},{"damage":25.0,"enemies":"3 Sentries","floor":11.0,"turns":11.0},{"damage":5.0,"enemies":"Lagavulin","floor":14.0,"turns":6.0},{"damage":29.0,"enemies":"The Guardian","floor":16.0,"turns":15.0},{"damage":2.0,"enemies":"Chosen","floor":18.0,"turns":4.0},{"damage":3.0,"enemies":"Spheric Guardian","floor":19.0,"turns":4.0},{"damage":4.0,"enemies":"Snecko","floor":21.0,"turns":3.0},{"damage":0.0,"enemies":"Slavers","floor":23.0,"turns":2.0},{"damage":1.0,"enemies":"Cultist and Chosen","floor":24.0,"turns":7.0},{"damage":0.0,"enemies":"Snake Plant","floor":28.0,"turns":2.0},{"damage":0.0,"enemies":"Gremlin Leader","floor":30.0,"turns":4.0},{"damage":0.0,"enemies":"Centurion and Healer","floor":31.0,"turns":5.0},{"damage":14.0,"enemies":"Champ","floor":33.0,"turns":12.0},{"damage":0.0,"enemies":"3 Darklings","floor":35.0,"turns":3.0},{"damage":0.0,"enemies":"Orb Walker","floor":37.0,"turns":3.0},{"damage":0.0,"enemies":"Giant Head","floor":40.0,"turns":8.0},{"damage":0.0,"enemies":"Spire Growth","floor":41.0,"turns":5.0},{"damage":2.0,"enemies":"Reptomancer","floor":47.0,"turns":5.0},{"damage":0.0,"enemies":"Time Eater","floor":50.0,"turns":14.0},{"damage":4.0,"enemies":"Awakened One","floor":51.0,"turns":13.0},{"damage":19.0,"enemies":"Shield and Spear","floor":55.0,"turns":7.0},{"damage":76,"enemies":"The Heart","floor":56,"turns":6}],"seed_played":"2589447564587397306","potions_obtained":[{"floor":7.0,"key":"Strength Potion"},{"floor":8.0,"key":"SpeedPotion"},{"floor":11.0,"key":"Poison Potion"},{"floor":16.0,"key":"FearPotion"},{"floor":19.0,"key":"Explosive Potion"},{"floor":21.0,"key":"Strength Potion"},{"floor":23.0,"key":"Explosive Potion"},{"floor":33.0,"key":"BloodPotion"},{"floor":40.0,"key":"SpeedPotion"},{"floor":55.0,"key":"Dexterity Potion"}],"is_trial":false,"path_per_floor":["M","M","$","M","?","R","E","M","T","R","E","?","?","E","R","B",null,"M","M","?","M","$","E","M","R","T","R","M","R","E","E","M","R","B",null,"M","$","M","?","$","E","M","R","T","R","?","R","E","?","R","B","B",null,"R","$","E","B"],"character_chosen":"IRONCLAD","items_purchased":["Membership Card","Juzu Bracelet","FearPotion","Clothesline","Ancient Tea Set","TheAbacus","Shrug It Off","OrangePellets","Entrench","Dexterity Potion"],"campfire_rested":0,"item_purchase_floors":[3,3,3,3,22,22,22,39,39,54],"current_hp_per_floor":[49,53,53,50,50,50,48,41,41,41,22,22,47,50,50,27,65,71,76,76,78,78,81,81,81,81,81,81,81,83,83,83,75,81,83,83,85,85,85,85,87,87,87,87,87,87,87,87,87,87,87,87,87,87,74,0],"gold":28,"neow_bonus":"TWO_FIFTY_GOLD","is_prod":false,"is_daily":false,"chose_seed":false,"campfire_upgraded":11,"win_rate":0,"timestamp":1544921270,"path_taken":["M","M","$","M","?","R","E","M","T","R","E","?","?","E","R","BOSS","M","M","?","M","$","E","M","R","T","R","M","R","E","M","R","BOSS","M","$","M","?","$","E","M","R","T","R","?","R","E","?","R","BOSS","BOSS","R","$","E","BOSS"],"build_version":"2018-12-13","purchased_purges":3,"victory":false,"max_hp_per_floor":[75,75,75,75,75,75,75,75,75,75,75,75,75,77,77,77,77,79,81,81,81,81,81,81,81,81,81,81,81,83,83,83,83,83,83,83,85,85,85,85,87,87,87,87,87,87,87,87,87,87,87,87,87,87,87,87],"card_choices":[{"not_picked":["Flex","Wild Strike"],"picked":"Pommel Strike","floor":1.0},{"not_picked":["Spot Weakness","Body Slam"],"picked":"Inflame","floor":2.0},{"not_picked":["Dual Wield","Clash"],"picked":"Inflame","floor":4.0},{"not_picked":["Cleave","Exhume"],"picked":"Battle Trance","floor":7.0},{"not_picked":["Body Slam","Warcry"],"picked":"Flame Barrier","floor":8.0},{"not_picked":["Searing Blow","Power Through"],"picked":"Disarm","floor":11.0},{"not_picked":["Reckless Charge","Twin Strike","Second Wind"],"picked":"Singing Bowl","floor":14.0},{"not_picked":["Bludgeon","Juggernaut"],"picked":"Immolate","floor":16.0},{"not_picked":["Wild Strike","Armaments","Inflame"],"picked":"Singing Bowl","floor":18.0},{"not_picked":["Sword Boomerang","Flex","Clothesline"],"picked":"Singing Bowl","floor":19.0},{"not_picked":["Clothesline","Disarm"],"picked":"Flame Barrier","floor":21.0},{"not_picked":["Sword Boomerang","Battle Trance"],"picked":"True Grit","floor":23.0},{"not_picked":["Perfected Strike","Berserk"],"picked":"Corruption","floor":24.0},{"not_picked":["Perfected Strike","Anger"],"picked":"Pummel","floor":28.0},{"not_picked":["Sword Boomerang","Anger","Havoc"],"picked":"Singing Bowl","floor":30.0},{"not_picked":["Seeing Red","Clash+1"],"picked":"True Grit+1","floor":31.0},{"not_picked":["Feed","Dark Embrace"],"picked":"Limit Break","floor":33.0},{"not_picked":["Thunderclap","Clash"],"picked":"Armaments+1","floor":35.0},{"not_picked":["Armaments+1","Flex+1","Rampage"],"picked":"Singing Bowl","floor":37.0},{"not_picked":["Second Wind+1","Dual Wield+1"],"picked":"Body Slam","floor":40.0},{"not_picked":["Heavy Blade","Body Slam","Searing Blow"],"picked":"Singing Bowl","floor":41.0},{"not_picked":["Dropkick+1","Armaments+1"],"picked":"True Grit+1","floor":47.0},{"not_picked":["Headbutt","True Grit+1"],"picked":"Impervious","floor":55.0}],"player_experience":1148850,"relics_obtained":[{"floor":7.0,"key":"Incense Burner"},{"floor":9.0,"key":"Matryoshka"},{"floor":11.0,"key":"Singing Bowl"},{"floor":14.0,"key":"Thread and Needle"},{"floor":23.0,"key":"Art of War"},{"floor":26.0,"key":"Dream Catcher"},{"floor":30.0,"key":"War Paint"},{"floor":40.0,"key":"Self Forming Clay"},{"floor":43.0,"key":"Whetstone"},{"floor":43.0,"key":"Lantern"},{"floor":47.0,"key":"Pen Nib"},{"floor":55.0,"key":"Dodecahedron"}],"event_choices":[{"damage_healed":0.0,"max_hp_gain":0.0,"max_hp_loss":0.0,"gold_gain":50.0,"event_name":"Golden Shrine","player_choice":"Pray","floor":5.0,"gold_loss":0.0,"damage_taken":0.0},{"damage_healed":0.0,"max_hp_gain":0.0,"max_hp_loss":0.0,"gold_gain":80.0,"event_name":"Golden Wing","player_choice":"Gained Gold","floor":12.0,"gold_loss":0.0,"damage_taken":0.0},{"damage_healed":25.0,"max_hp_gain":0.0,"max_hp_loss":0.0,"gold_gain":0.0,"event_name":"Big Fish","player_choice":"Banana","floor":13.0,"gold_loss":0.0,"damage_taken":0.0},{"damage_healed":0.0,"max_hp_gain":0.0,"max_hp_loss":0.0,"gold_gain":0.0,"event_name":"Addict","player_choice":"Obtained Relic","floor":20.0,"gold_loss":85.0,"damage_taken":0.0,"relics_obtained":["Tiny Chest"]},{"cards_removed":["Strike_R"],"damage_healed":0.0,"max_hp_gain":0.0,"max_hp_loss":0.0,"gold_gain":0.0,"event_name":"Purifier","player_choice":"Purged","floor":38.0,"gold_loss":0.0,"damage_taken":0.0},{"damage_healed":0.0,"max_hp_gain":0.0,"max_hp_loss":0.0,"gold_gain":0.0,"event_name":"Tomb of Lord Red Mask","player_choice":"Paid","floor":45.0,"gold_loss":128.0,"damage_taken":0.0,"relics_obtained":["Red Mask"]},{"cards_removed":["Strike_R"],"damage_healed":0.0,"max_hp_gain":0.0,"max_hp_loss":0.0,"gold_gain":0.0,"event_name":"Falling","player_choice":"Removed Attack","floor":48.0,"gold_loss":0.0,"damage_taken":0.0}],"is_beta":true,"boss_relics":[{"not_picked":["White Beast Statue","Runic Dome"],"picked":"Snecko Eye"},{"not_picked":["Tiny House","Sozu"],"picked":"Cursed Key"}],"items_purged_floors":[3,22,36],"is_endless":false,"potions_floor_spawned":[7,8,11,16,19,21,23,24,33,40,41,55],"killed_by":"The Heart","ascension_level":20}