{"path_per_floor":["M","M","M","?","M","R","M","?","T","$","E","M","E","M","R","B",null,"M","M","M","?","$","R","?","R","T","M","E","$","E","M","R","B",null,"M","T","M","?","M","R","E","?","T","M","$","R","?","M","R"],"character_chosen":"IRONCLAD","items_purchased":["Orichalcum","Bag of Marbles","Flame Barrier","Matryoshka"],"gold_per_floor":[117,130,144,144,159,159,174,174,174,18,43,63,91,102,102,197,197,217,228,242,242,19,19,19,19,101,115,144,75,105,124,124,221,221,238,313,328,328,341,341,375,375,375,393,54,54,54,64,64],"floor_reached":50,"campfire_rested":3,"playtime":3185,"current_hp_per_floor":[80,80,80,80,80,80,71,64,64,64,60,66,64,53,80,27,80,78,80,80,80,80,80,64,64,74,80,74,74,60,65,90,77,90,66,66,54,54,49,91,87,87,89,81,81,81,81,89,89],"items_purged":["Defend_R","Defend_R"],"gold":64,"score":474,"play_id":"92822396-93ab-49a7-8f53-c727914d9b1f","is_prod":false,"is_daily":false,"is_ascension_mode":false,"campfire_upgraded":5,"path_taken":["M","?","M","?","M","R","M","?","T","$","E","M","E","M","R","BOSS","M","?","M","?","$","R","?","R","T","M","E","?","E","M","R","BOSS","M","?","M","?","M","R","E","?","T","M","$","R","?","M","R","BOSS"],"build_version":"2018-02-22-PROD2","purchased_purges":2,"victory":false,"master_deck":["Strike_R","Strike_R","Strike_R","Strike_R","Strike_R","Bash+1","Perfected Strike+1","Perfected Strike+1","Cleave","Clash","Flame Barrier+1","Armaments","Offering+1","Headbutt","Twin Strike+1","Necronomicurse","Flex","Flame Barrier+1","Sever Soul+1","Flex+1","Limit Break+1","Power Through","Evolve","Heavy Blade+1","Ghostly Armor","Perfected Strike"],"max_hp_per_floor":[80,80,80,80,80,80,80,80,80,80,80,80,80,80,80,80,80,80,80,80,80,80,80,80,80,90,90,90,90,90,90,90,90,90,90,90,90,90,92,92,92,92,94,94,94,94,94,94,94],"relics":["Burning Blood","Regal Pillow","Dodecahedron","Orichalcum","Bag of Preparation","Kunai","Bag of Marbles","Necronomicon","Pear","Torii","Singing Bowl","Black Star","Gremlin Horn","Blood Vial","Prayer Wheel","Peace Pipe","Matryoshka"],"card_choices":[{"not_picked":["Pommel Strike","Havoc"],"picked":"Perfected Strike"},{"not_picked":["Power Through","Reckless Charge"],"picked":"Perfected Strike"},{"not_picked":["Uppercut","Barricade"],"picked":"Cleave"},{"not_picked":["True Grit","Pommel Strike"],"picked":"Clash"},{"not_picked":["Infernal Blade","Havoc"],"picked":"Flame Barrier"},{"not_picked":["Entrench","Second Wind"],"picked":"Armaments"},{"not_picked":["Immolate","Limit Break"],"picked":"Offering"},{"not_picked":["Reckless Charge","Body Slam"],"picked":"Headbutt"},{"not_picked":["Rampage","Burning Pact"],"picked":"Twin Strike"},{"not_picked":["Pummel","Bloodletting"],"picked":"Flex"},{"not_picked":["Bloodletting","True Grit"],"picked":"Sever Soul"},{"not_picked":["Clash","True Grit"],"picked":"Flex"},{"not_picked":["Barricade","Berserk"],"picked":"Limit Break"},{"not_picked":["Body Slam","Headbutt"],"picked":"Power Through"},{"not_picked":["Warcry","Spot Weakness"],"picked":"Evolve"},{"not_picked":["Corruption","Exhume"],"picked":"Heavy Blade"},{"not_picked":["Twin Strike","Thunderclap"],"picked":"Ghostly Armor"},{"not_picked":["Wild Strike","Inflame"],"picked":"Perfected Strike"}],"player_experience":309080,"potions_floor_usage":[11,28,28,31,35,44,48,50,50],"damage_taken":[{"damage":5,"enemies":"Cultist","floor":1,"turns":4},{"damage":0,"enemies":"2 Louse","floor":2,"turns":2},{"damage":5,"enemies":"Small Slimes","floor":3,"turns":3},{"damage":5,"enemies":"Exordium Thugs","floor":5,"turns":4},{"damage":15,"enemies":"Looter","floor":7,"turns":3},{"damage":10,"enemies":"3 Sentries","floor":11,"turns":4},{"damage":0,"enemies":"Large Slime","floor":12,"turns":3},{"damage":8,"enemies":"Gremlin Nob","floor":13,"turns":3},{"damage":17,"enemies":"Gremlin Gang","floor":14,"turns":4},{"damage":59,"enemies":"Hexaghost","floor":16,"turns":10},{"damage":8,"enemies":"2 Thieves","floor":18,"turns":3},{"damage":4,"enemies":"Spheric Guardian","floor":19,"turns":3},{"damage":4,"enemies":"3 Cultists","floor":20,"turns":5},{"damage":0,"enemies":"Snecko","floor":27,"turns":2},{"damage":12,"enemies":"Gremlin Leader","floor":28,"turns":2},{"damage":20,"enemies":"Slavers","floor":30,"turns":5},{"damage":1,"enemies":"Snake Plant","floor":31,"turns":3},{"damage":19,"enemies":"Champ","floor":33,"turns":10},{"damage":30,"enemies":"3 Darklings","floor":35,"turns":5},{"damage":18,"enemies":"3 Shapes","floor":37,"turns":4},{"damage":13,"enemies":"Maw","floor":39,"turns":6},{"damage":10,"enemies":"Giant Head","floor":41,"turns":5},{"damage":16,"enemies":"Sphere and 2 Shapes","floor":44,"turns":4},{"damage":9,"enemies":"4 Shapes","floor":48,"turns":4},{"damage":100,"enemies":"Time Eater","floor":50,"turns":10}],"event_choices":[{"event_name":"Living Wall","player_choice":"Grow","floor":4,"damage_taken":0},{"event_name":"Golden Wing","player_choice":"Card Removal","floor":8,"damage_taken":0},{"event_name":"Upgrade Shrine","player_choice":"Upgraded","floor":21,"damage_taken":0},{"event_name":"Cursed Tome","player_choice":"Obtained Book","floor":24,"damage_taken":0},{"event_name":"Transmorgrifier","player_choice":"Transform","floor":38,"damage_taken":0},{"event_name":"Upgrade Shrine","player_choice":"Upgraded","floor":42,"damage_taken":0}],"boss_relics":[{"not_picked":["Pandora\u0027s Box","Philosopher\u0027s Stone","Runic Dome"]},{"not_picked":["Question Card","Snecko Eye"],"picked":"Black Star"}],"potions_floor_spawned":[5,7,12,16,19,20,28,30,31,39,41,44,48],"seed_played":"-379555278262023970","killed_by":"Time Eater","ascension_level":0,"is_trial":false}