{"gold_per_floor":[111,111,111,126,126,126,169,169,469,469,485,520,533,553,553,648,648,663,663,663,334,358,391,411,411,436,472,387,420,420,162,162,253,253,271,271,291,7,31,66,66,66,66,89,89,89,89,89],"floor_reached":48,"playtime":3836,"items_purged":["Strike_R","Strike_R"],"score":1073,"play_id":"8d8c78ce-78a2-4582-9606-ede3ebce72b3","local_time":"20190115211305","is_ascension_mode":true,"campfire_choices":[{"data":"Clothesline","floor":6.0,"key":"SMITH"},{"data":"Wild Strike","floor":8.0,"key":"SMITH"},{"data":"Battle Trance","floor":10.0,"key":"SMITH"},{"data":"Flame Barrier","floor":15.0,"key":"SMITH"},{"floor":25.0,"key":"REST"},{"floor":30.0,"key":"RECALL"},{"floor":32.0,"key":"REST"},{"floor":41.0,"key":"REST"},{"floor":45.0,"key":"REST"},{"floor":47.0,"key":"REST"}],"neow_cost":"NONE","seed_source_timestamp":11112564138908,"circlet_count":0,"master_deck":["AscendersBane","Strike_R","Strike_R","Strike_R","Defend_R+1","Defend_R","Defend_R+1","Defend_R","Bash+1","Wild Strike+1","Clothesline+1","Battle Trance+1","Spot Weakness","Flame Barrier+1","Reaper","Combust","Battle Trance+1","Shrug It Off","Rupture","Armaments","Rage","Fiend Fire","Entrench+1","Limit Break","Rage","Shrug It Off","Demon Form","True Grit"],"special_seed":0,"relics":["Burning Blood","Regal Pillow","Golden Idol","War Paint","Old Coin","Sundial","Fusion Hammer","ClockworkSouvenir","Bottled Tornado","Potion Belt","Oddly Smooth Stone","Letter Opener","Pen Nib","Lantern","Runic Dome","OrangePellets","Prayer Wheel"],"potions_floor_usage":[48],"damage_taken":[{"damage":8.0,"enemies":"Small Slimes","floor":1.0,"turns":5.0},{"damage":1.0,"enemies":"2 Louse","floor":4.0,"turns":3.0},{"damage":24.0,"enemies":"Gremlin Nob","floor":7.0,"turns":4.0},{"damage":0.0,"enemies":"Cultist","floor":11.0,"turns":2.0},{"damage":13.0,"enemies":"3 Sentries","floor":12.0,"turns":6.0},{"damage":3.0,"enemies":"Looter","floor":13.0,"turns":4.0},{"damage":4.0,"enemies":"2 Fungi Beasts","floor":14.0,"turns":3.0},{"damage":14.0,"enemies":"The Guardian","floor":16.0,"turns":10.0},{"damage":16.0,"enemies":"Spheric Guardian","floor":18.0,"turns":5.0},{"damage":17.0,"enemies":"2 Thieves","floor":22.0,"turns":4.0},{"damage":22.0,"enemies":"Book of Stabbing","floor":23.0,"turns":5.0},{"damage":21.0,"enemies":"Snake Plant","floor":24.0,"turns":5.0},{"damage":31.0,"enemies":"Gremlin Leader","floor":27.0,"turns":8.0},{"damage":29.0,"enemies":"Slavers","floor":29.0,"turns":5.0},{"damage":23.0,"enemies":"Champ","floor":33.0,"turns":22.0},{"damage":27.0,"enemies":"3 Darklings","floor":35.0,"turns":9.0},{"damage":1.0,"enemies":"3 Shapes","floor":37.0,"turns":5.0},{"damage":43.0,"enemies":"3 Darklings","floor":39.0,"turns":6.0},{"damage":39.0,"enemies":"Reptomancer","floor":40.0,"turns":6.0},{"damage":71.0,"enemies":"Jaw Worm Horde","floor":44.0,"turns":5.0},{"damage":70,"enemies":"Giant Head","floor":48,"turns":7}],"seed_played":"-215299527071826438","potions_obtained":[{"floor":7.0,"key":"Dexterity Potion"},{"floor":11.0,"key":"AttackPotion"},{"floor":13.0,"key":"Regen Potion"},{"floor":16.0,"key":"Regen Potion"},{"floor":22.0,"key":"AttackPotion"},{"floor":24.0,"key":"SpeedPotion"},{"floor":27.0,"key":"Energy Potion"},{"floor":39.0,"key":"EssenceOfSteel"},{"floor":40.0,"key":"LiquidBronze"},{"floor":44.0,"key":"Block Potion"}],"is_trial":false,"path_per_floor":["M","?","?","M","?","R","E","R","T","R","M","E","M","M","R","B",null,"M","?","?","$","M","E","M","R","T","E","?","E","R","$","R","B",null,"M","?","M","$","M","E","R","$","T","M","R","?","R","E"],"character_chosen":"IRONCLAD","items_purchased":["Shrug It Off","ClockworkSouvenir","Lantern","OrangePellets","Shrug It Off"],"campfire_rested":5,"item_purchase_floors":[21,21,31,38,38],"current_hp_per_floor":[66,71,71,72,72,72,54,54,54,54,60,53,56,58,58,64,70,64,64,64,64,70,54,43,72,72,57,57,54,54,54,72,59,69,72,72,72,72,65,67,72,72,72,14,50,50,68,0],"gold":89,"neow_bonus":"RANDOM_COMMON_RELIC","is_prod":false,"is_daily":false,"chose_seed":false,"campfire_upgraded":4,"win_rate":0,"timestamp":1547615585,"path_taken":["M","?","?","M","?","R","E","R","T","R","M","E","?","M","R","BOSS","M","?","?","$","?","E","M","R","T","E","?","E","R","$","R","BOSS","M","?","M","$","?","E","R","$","T","?","R","?","R","E"],"build_version":"2019-01-14v2","purchased_purges":2,"victory":false,"max_hp_per_floor":[75,80,72,72,72,72,72,72,72,72,72,72,72,72,72,72,72,72,72,72,72,72,72,72,72,72,72,72,72,72,72,72,72,72,72,72,72,72,72,72,72,72,72,72,72,68,68,68],"card_choices":[{"not_picked":["Heavy Blade","Body Slam"],"picked":"Wild Strike","floor":1.0},{"not_picked":["Body Slam","Bloodletting"],"picked":"Clothesline","floor":4.0},{"not_picked":["Searing Blow","Reaper"],"picked":"Battle Trance","floor":7.0},{"not_picked":["Sentinel","Thunderclap"],"picked":"Spot Weakness","floor":11.0},{"not_picked":["Dark Embrace","Perfected Strike"],"picked":"Flame Barrier","floor":12.0},{"not_picked":["Clothesline","Bloodletting","Perfected Strike"],"picked":"SKIP","floor":13.0},{"not_picked":["Twin Strike","Havoc","Heavy Blade"],"picked":"SKIP","floor":14.0},{"not_picked":["Impervious","Berserk"],"picked":"Reaper","floor":16.0},{"not_picked":["Anger+1","Cleave"],"picked":"Combust","floor":18.0},{"not_picked":["Clothesline","Wild Strike"],"picked":"Rupture","floor":22.0},{"not_picked":["Dark Embrace","Headbutt"],"picked":"Armaments","floor":23.0},{"not_picked":["Thunderclap","Power Through"],"picked":"Rage","floor":24.0},{"not_picked":["Clash","Flex"],"picked":"Fiend Fire","floor":27.0},{"not_picked":["Whirlwind","Twin Strike"],"picked":"Entrench+1","floor":29.0},{"not_picked":["Barricade","Brutality"],"picked":"Limit Break","floor":33.0},{"not_picked":["Havoc","Flex","Dual Wield+1"],"picked":"SKIP","floor":35.0},{"not_picked":["Iron Wave","Rupture"],"picked":"Rage","floor":37.0},{"not_picked":["Cleave+1","Wild Strike","Fire Breathing+1"],"picked":"SKIP","floor":39.0},{"not_picked":["Feel No Pain+1","Dual Wield"],"picked":"Demon Form","floor":40.0},{"not_picked":["Warcry","Sever Soul"],"picked":"True Grit","floor":44.0},{"not_picked":["Fire Breathing","Havoc","Cleave"],"picked":"SKIP","floor":44.0}],"player_experience":1212776,"relics_obtained":[{"floor":7.0,"key":"War Paint"},{"floor":9.0,"key":"Old Coin"},{"floor":12.0,"key":"Sundial"},{"floor":23.0,"key":"Bottled Tornado"},{"floor":26.0,"key":"Potion Belt"},{"floor":27.0,"key":"Oddly Smooth Stone"},{"floor":29.0,"key":"Pen Nib"},{"floor":40.0,"key":"Prayer Wheel"}],"event_choices":[{"damage_healed":0.0,"max_hp_gain":5.0,"max_hp_loss":0.0,"gold_gain":0.0,"event_name":"Big Fish","player_choice":"Donut","floor":2.0,"gold_loss":0.0,"damage_taken":0.0},{"damage_healed":0.0,"max_hp_gain":0.0,"max_hp_loss":8.0,"gold_gain":0.0,"event_name":"Golden Idol","player_choice":"Lose Max HP","floor":3.0,"gold_loss":0.0,"damage_taken":0.0,"relics_obtained":["Golden Idol"]},{"damage_healed":0.0,"max_hp_gain":0.0,"max_hp_loss":0.0,"gold_gain":0.0,"event_name":"Upgrade Shrine","player_choice":"Upgraded","floor":5.0,"gold_loss":0.0,"damage_taken":0.0,"cards_upgraded":["Bash"]},{"damage_healed":0.0,"max_hp_gain":0.0,"max_hp_loss":0.0,"gold_gain":0.0,"event_name":"The Mausoleum","player_choice":"Ignored","floor":19.0,"gold_loss":0.0,"damage_taken":0.0},{"damage_healed":0.0,"max_hp_gain":0.0,"max_hp_loss":0.0,"gold_gain":0.0,"event_name":"Duplicator","player_choice":"Copied","floor":20.0,"gold_loss":0.0,"damage_taken":0.0,"cards_obtained":["Battle Trance"]},{"damage_healed":0.0,"max_hp_gain":0.0,"max_hp_loss":0.0,"gold_gain":0.0,"event_name":"Addict","player_choice":"Obtained Relic","floor":28.0,"gold_loss":85.0,"damage_taken":0.0,"relics_obtained":["Letter Opener"]},{"damage_healed":0.0,"max_hp_gain":0.0,"max_hp_loss":0.0,"gold_gain":0.0,"event_name":"SecretPortal","player_choice":"Ignored","floor":36.0,"gold_loss":0.0,"damage_taken":0.0},{"damage_healed":0.0,"max_hp_gain":0.0,"max_hp_loss":4.0,"gold_gain":0.0,"event_name":"Winding Halls","player_choice":"Max HP","floor":46.0,"gold_loss":0.0,"damage_taken":0.0}],"is_beta":true,"boss_relics":[{"not_picked":["Black Blood","Astrolabe"],"picked":"Fusion Hammer"},{"not_picked":["Runic Cube","Orrery"],"picked":"Runic Dome"}],"items_purged_floors":[21,31],"is_endless":false,"potions_floor_spawned":[7,11,13,16,22,24,27,39,40,44],"killed_by":"Giant Head","ascension_level":20}