{"gold_per_floor":[110,162,175,54,66,94,106,106,182,182,195,270,284,315,315,410,410,421,452,472,472,326,326,326],"floor_reached":24,"playtime":905,"items_purged":["Strike_R+1"],"score":278,"play_id":"1b5fa7c6-8eb7-4f03-93d5-8391c80424cf","local_time":"20190209125712","is_ascension_mode":true,"campfire_choices":[{"floor":8,"key":"REST"},{"data":"Armaments","floor":10,"key":"SMITH"},{"data":"Rampage","floor":15,"key":"SMITH"},{"floor":23,"key":"REST"}],"neow_cost":"NONE","seed_source_timestamp":1095467477572135,"circlet_count":0,"master_deck":["Strike_R+1","Strike_R+1","Strike_R+1","Strike_R+1","Defend_R+1","Defend_R+1","Defend_R+1","Defend_R+1","Bash+1","Infernal Blade","Rampage+1","Spot Weakness","Pommel Strike","Disarm","Armaments+1","True Grit","Shrug It Off","Corruption","Limit Break","Headbutt","Disarm","Intimidate"],"relics":["Burning Blood","Incense Burner","Sundial","Happy Flower","Sozu","Red Mask"],"potions_floor_usage":[14,18,19],"damage_taken":[{"damage":5,"enemies":"Cultist","floor":1,"turns":5},{"damage":9,"enemies":"Jaw Worm","floor":3,"turns":3},{"damage":7,"enemies":"Small Slimes","floor":5,"turns":3},{"damage":35,"enemies":"3 Sentries","floor":6,"turns":7},{"damage":12,"enemies":"Blue Slaver","floor":7,"turns":4},{"damage":20,"enemies":"Exordium Wildlife","floor":11,"turns":6},{"damage":0,"enemies":"Large Slime","floor":13,"turns":5},{"damage":21,"enemies":"Lagavulin","floor":14,"turns":7},{"damage":25,"enemies":"The Guardian","floor":16,"turns":11},{"damage":13,"enemies":"2 Thieves","floor":18,"turns":4},{"damage":57,"enemies":"Masked Bandits","floor":19,"turns":5},{"damage":1,"enemies":"Chosen","floor":20,"turns":5},{"damage":42,"enemies":"Sentry and Sphere","floor":24,"turns":5}],"seed_played":"-4607014155894024899","potions_obtained":[{"floor":1,"key":"Regen Potion"},{"floor":11,"key":"AttackPotion"},{"floor":13,"key":"Fire Potion"}],"is_trial":false,"path_per_floor":["M","?","M","$","M","E","M","R","T","R","M","?","M","E","R","B",null,"M","?","M","?","$","R","M"],"character_chosen":"IRONCLAD","items_purchased":["Spot Weakness","Pommel Strike","Intimidate"],"campfire_rested":2,"item_purchase_floors":[4,4,22],"current_hp_per_floor":[73,73,70,70,69,40,34,58,58,58,44,33,39,39,39,20,65,58,7,12,12,12,36,0],"gold":326,"neow_bonus":"UPGRADE_CARD","is_prod":false,"is_daily":false,"chose_seed":false,"campfire_upgraded":2,"win_rate":0,"timestamp":1549735032,"path_taken":["M","?","M","$","M","E","M","R","T","R","M","?","M","E","R","BOSS","M","?","M","?","?","R","M"],"build_version":"2019-02-06","purchased_purges":1,"victory":false,"max_hp_per_floor":[80,80,80,80,80,80,80,80,80,80,80,80,80,80,80,80,80,80,80,80,80,80,80,80],"card_choices":[{"not_picked":["Fire Breathing","Heavy Blade"],"picked":"Infernal Blade","floor":1},{"not_picked":["True Grit","Rage"],"picked":"Rampage","floor":3},{"not_picked":["Headbutt","Sword Boomerang"],"picked":"Disarm","floor":5},{"not_picked":["Evolve","Inflame"],"picked":"Armaments","floor":6},{"not_picked":["Dropkick","Clash"],"picked":"True Grit","floor":7},{"not_picked":["Pommel Strike","Wild Strike"],"picked":"Shrug It Off","floor":11},{"not_picked":["Wild Strike","Entrench","Rampage"],"picked":"SKIP","floor":13},{"not_picked":["Warcry","Rampage"],"picked":"Corruption","floor":14},{"not_picked":["Juggernaut","Double Tap"],"picked":"Limit Break","floor":16},{"not_picked":["Flex","Entrench"],"picked":"Headbutt","floor":18},{"not_picked":["Rampage","Shrug It Off"],"picked":"Disarm","floor":20}],"player_experience":1381681,"relics_obtained":[{"floor":6,"key":"Incense Burner"},{"floor":9,"key":"Sundial"},{"floor":14,"key":"Happy Flower"},{"floor":19,"key":"Red Mask"}],"event_choices":[{"damage_healed":0,"gold_gain":52,"player_choice":"Gained Gold","damage_taken":0,"max_hp_gain":0,"max_hp_loss":0,"event_name":"Golden Wing","floor":2,"gold_loss":0},{"damage_healed":0,"gold_gain":75,"player_choice":"Gather Gold","damage_taken":11,"max_hp_gain":0,"max_hp_loss":0,"event_name":"World of Goop","floor":12,"gold_loss":0},{"damage_healed":0,"gold_gain":0,"player_choice":"Fought Bandits","damage_taken":0,"max_hp_gain":0,"max_hp_loss":0,"event_name":"Masked Bandits","floor":19,"gold_loss":0},{"damage_healed":0,"gold_gain":0,"player_choice":"Simplicity","damage_taken":0,"max_hp_gain":0,"max_hp_loss":0,"event_name":"Back to Basics","floor":21,"gold_loss":0,"cards_upgraded":["Strike_R","Strike_R","Strike_R","Strike_R","Strike_R","Defend_R","Defend_R","Defend_R","Defend_R"]}],"is_beta":true,"boss_relics":[{"not_picked":["Velvet Choker","Cursed Key"],"picked":"Sozu"}],"items_purged_floors":[22],"is_endless":false,"potions_floor_spawned":[1,11,13,19],"killed_by":"Sentry and Sphere","ascension_level":7}