{"gold_per_floor":[109,109,129,152,10,10,41,54,136,150,174,174],"floor_reached":12,"playtime":470,"items_purged":[],"score":123,"play_id":"2141ed4f-fd15-489a-a977-5df4a04a215c","local_time":"20180630165615","is_ascension_mode":true,"campfire_choices":[{"data":"Noxious Fumes","floor":6,"key":"SMITH"}],"neow_cost":"NONE","seed_source_timestamp":0,"circlet_count":0,"master_deck":["Defend_G","Defend_G","Defend_G","Defend_G","Defend_G","Strike_G","Strike_G","Strike_G","Strike_G","Strike_G","Survivor","Neutralize","AscendersBane","Blur","Cloak And Dagger","Night Terror","Noxious Fumes+1","Leg Sweep","Cloak And Dagger","Malaise","Dash","Dagger Spray"],"special_seed":17712,"relics":["Ring of the Snake","NeowsBlessing","Golden Idol","Calipers","Toxic Egg 2"],"potions_floor_usage":[12,12],"damage_taken":[{"damage":0,"enemies":"Cultist","floor":1,"turns":1},{"damage":0,"enemies":"2 Louse","floor":3,"turns":1},{"damage":0,"enemies":"Jaw Worm","floor":4,"turns":1},{"damage":13,"enemies":"3 Sentries","floor":7,"turns":8},{"damage":13,"enemies":"Lots of Slimes","floor":8,"turns":4},{"damage":0,"enemies":"Red Slaver","floor":10,"turns":5},{"damage":1,"enemies":"Gremlin Gang","floor":11,"turns":5},{"damage":37,"enemies":"Gremlin Nob","floor":12,"turns":5}],"seed_played":"-1755974802296634168","potions_obtained":[{"floor":3,"key":"GamblersBrew"},{"floor":4,"key":"Weak Potion"},{"floor":8,"key":"GhostInAJar"},{"floor":10,"key":"SkillPotion"}],"is_trial":false,"path_per_floor":["M","?","M","M","$","R","E","M","T","M","M"],"character_chosen":"THE_SILENT","items_purchased":["Noxious Fumes","Leg Sweep"],"campfire_rested":0,"item_purchase_floors":[5,5],"current_hp_per_floor":[63,63,63,63,63,63,50,37,37,37,36,0],"gold":174,"neow_bonus":"THREE_ENEMY_KILL","is_prod":false,"is_daily":false,"chose_seed":false,"campfire_upgraded":1,"win_rate":0,"timestamp":1530392175,"path_taken":["M","?","M","?","?","R","E","?","T","M","M","E"],"build_version":"2018-06-29","purchased_purges":0,"victory":false,"max_hp_per_floor":[70,65,65,65,65,65,65,65,65,65,65,65],"card_choices":[{"not_picked":["Slice","Quick Slash"],"picked":"Blur","floor":1},{"not_picked":["Deadly Poison","Outmaneuver"],"picked":"Cloak And Dagger","floor":3},{"not_picked":["Cloak And Dagger","PiercingWail"],"picked":"Night Terror","floor":4},{"not_picked":["Choke","Underhanded Strike"],"picked":"Cloak And Dagger","floor":7},{"not_picked":["Poisoned Stab","Acrobatics"],"picked":"Malaise","floor":8},{"not_picked":["Malaise+1","Infinite Blades"],"picked":"Dash","floor":10},{"not_picked":["Slice","Malaise+1"],"picked":"Dagger Spray","floor":11}],"player_experience":486192,"relics_obtained":[{"floor":7,"key":"Calipers"},{"floor":9,"key":"Toxic Egg 2"}],"event_choices":[{"event_name":"Golden Idol","player_choice":"Lose Max HP","floor":2,"damage_taken":0}],"boss_relics":[],"items_purged_floors":[],"is_endless":false,"potions_floor_spawned":[3,4,8,10],"killed_by":"Gremlin Nob","ascension_level":10}