{"path_per_floor":["M","M","?","M","?","R","E","R","T","R","$","R","M","M","R","B",null,"M","?","M","?","?","R","M","R","T","R","E","M","M","$","R","B",null,"M","$","?","M","$","R","M","R","T","M","M","R","?","$","R","B"],"character_chosen":"IRONCLAD","items_purchased":["Omamori","Apotheosis","Pommel Strike","Weak Potion","Weak Potion"],"gold_per_floor":[112,125,125,140,140,140,166,166,238,238,62,62,80,91,91,193,193,213,213,225,125,125,125,138,138,215,215,247,259,269,39,39,139,139,149,9,54,64,25,25,35,35,35,53,69,69,69,29,29,29],"floor_reached":51,"campfire_rested":6,"playtime":2000,"current_hp_per_floor":[80,80,80,80,85,85,64,64,64,64,64,85,85,85,85,65,85,83,83,85,85,85,85,78,78,78,78,73,68,62,62,85,67,85,84,84,61,62,62,85,69,85,85,66,51,76,76,76,85,48],"items_purged":["Defend_R","Defend_R","Strike_R"],"gold":29,"score":562,"play_id":"ea85131c-1ac7-4a3d-8fc4-7d00399760ef","local_time":"20180303042318","is_prod":false,"is_daily":false,"is_ascension_mode":true,"campfire_upgraded":7,"timestamp":1520068998,"path_taken":["M","?","?","?","?","R","E","R","T","R","?","R","?","M","R","BOSS","M","?","M","?","?","R","M","R","T","R","E","M","M","?","R","BOSS","M","$","?","M","$","R","M","R","T","M","M","R","?","?","R","BOSS"],"build_version":"2018-03-01-PROD1","purchased_purges":3,"victory":true,"master_deck":["Strike_R","Strike_R","Strike_R","Defend_R","Defend_R","Bash","Thunderclap+1","Shrug It Off+1","Pommel Strike+1","Flex+1","Metallicize+1","Armaments+1","Offering+1","Shrug It Off+1","J.A.X.","Offering+1","Demon Form+1","Flex+1","Iron Wave","Shrug It Off+1","Apotheosis","Double Tap","Pommel Strike","Iron Wave","Ghostly Armor","Cleave+1","Thunderclap+1","Ghostly Armor"],"max_hp_per_floor":[80,80,80,80,85,85,85,85,85,85,85,85,85,85,85,85,85,85,85,85,85,85,85,85,85,85,85,85,85,85,85,85,85,85,85,85,85,85,85,85,85,85,85,85,85,85,85,85,85,85],"relics":["Burning Blood","NeowsBlessing","The Courier","Ornamental Fan","Omamori","Cursed Key","Tiny Chest","Bag of Marbles","Mark of Pain","Ginger","Juzu Bracelet"],"card_choices":[{"not_picked":["Armaments","Pummel"],"picked":"Thunderclap"},{"not_picked":["Feel No Pain","Sword Boomerang"],"picked":"Shrug It Off"},{"not_picked":["Twin Strike","Thunderclap"],"picked":"Pommel Strike"},{"not_picked":["Exhume","Pummel"],"picked":"Flex"},{"not_picked":["Anger","Twin Strike"],"picked":"Metallicize"},{"not_picked":["Pummel","Blood for Blood"],"picked":"Armaments"},{"not_picked":["Exhume","Dark Embrace"],"picked":"Offering"},{"not_picked":["Pommel Strike","Searing Blow"],"picked":"Shrug It Off"},{"not_picked":["True Grit","Searing Blow"],"picked":"Demon Form"},{"not_picked":["Thunderclap","Warcry"],"picked":"Flex"},{"not_picked":["Armaments","Clash"],"picked":"Iron Wave"},{"not_picked":["Havoc","Clothesline"],"picked":"Shrug It Off"},{"not_picked":["Immolate","Juggernaut"],"picked":"Double Tap"},{"not_picked":["Metallicize","Burning Pact"],"picked":"Iron Wave"},{"not_picked":["Searing Blow","Twin Strike"],"picked":"Ghostly Armor"},{"not_picked":["Twin Strike","Combust"],"picked":"Cleave"},{"not_picked":["Uppercut","Twin Strike"],"picked":"Thunderclap"},{"not_picked":["Cleave","Twin Strike"],"picked":"Ghostly Armor"}],"player_experience":353112,"potions_floor_usage":[7,16,20,24,28,35,37,38,41,50,50],"damage_taken":[{"damage":0,"enemies":"Cultist","floor":1,"turns":1},{"damage":0,"enemies":"Small Slimes","floor":2,"turns":1},{"damage":0,"enemies":"Jaw Worm","floor":4,"turns":1},{"damage":27,"enemies":"Lagavulin","floor":7,"turns":10},{"damage":1,"enemies":"Looter","floor":13,"turns":3},{"damage":5,"enemies":"Exordium Wildlife","floor":14,"turns":3},{"damage":26,"enemies":"The Guardian","floor":16,"turns":12},{"damage":8,"enemies":"2 Thieves","floor":18,"turns":3},{"damage":4,"enemies":"Spheric Guardian","floor":20,"turns":3},{"damage":13,"enemies":"Snecko","floor":24,"turns":3},{"damage":11,"enemies":"Book of Stabbing","floor":28,"turns":5},{"damage":11,"enemies":"Sentry and Sphere","floor":29,"turns":5},{"damage":12,"enemies":"Snake Plant","floor":30,"turns":3},{"damage":24,"enemies":"Champ","floor":33,"turns":7},{"damage":7,"enemies":"Orb Walker","floor":35,"turns":4},{"damage":29,"enemies":"Mysterious Sphere","floor":37,"turns":4},{"damage":5,"enemies":"3 Shapes","floor":38,"turns":3},{"damage":22,"enemies":"3 Darklings","floor":41,"turns":4},{"damage":25,"enemies":"Maw","floor":44,"turns":6},{"damage":21,"enemies":"Sphere and 2 Shapes","floor":45,"turns":4},{"damage":43,"enemies":"Donu and Deca","floor":50,"turns":8}],"event_choices":[{"event_name":"Upgrade Shrine","player_choice":"Upgraded","floor":3,"damage_taken":0},{"event_name":"Big Fish","player_choice":"Donut","floor":5,"damage_taken":0},{"event_name":"Upgrade Shrine","player_choice":"Upgraded","floor":19,"damage_taken":0},{"event_name":"Drug Dealer","player_choice":"Got JAXXED","floor":21,"damage_taken":0},{"event_name":"Duplicator","player_choice":"One dupe","floor":22,"damage_taken":0},{"event_name":"Mysterious Sphere","player_choice":"Fight","floor":37,"damage_taken":0},{"event_name":"Bonfire Elementals","player_choice":"BASIC","floor":47,"damage_taken":0}],"boss_relics":[{"not_picked":["Velvet Choker","Black Blood"],"picked":"Cursed Key"},{"not_picked":["Runic Cube","Snecko Eye"],"picked":"Mark of Pain"}],"potions_floor_spawned":[2,4,13,16,20,33,35,37,44],"seed_played":"-3073810067717978921","ascension_level":2,"is_trial":false}