{"path_per_floor":["M","$","?","M","M","R","$","M","T","M","?","E","M","M","R"],"character_chosen":"THE_SILENT","items_purchased":["Backflip"],"gold_per_floor":[112,90,90,101,114,114,39,54,54,67,67,94,104,118,118],"floor_reached":16,"campfire_rested":1,"playtime":1910,"current_hp_per_floor":[63,63,63,60,60,60,60,58,58,49,36,32,12,12,45],"items_purged":["Strike_G"],"gold":118,"score":104,"play_id":"ab3aae74-52cb-446c-95ed-d568111f44c3","is_prod":false,"is_daily":false,"is_ascension_mode":false,"campfire_upgraded":1,"path_taken":["M","$","?","M","M","R","$","?","T","?","?","E","?","M","R","BOSS"],"build_version":"2018-02-15-PROD1","purchased_purges":1,"victory":false,"master_deck":["Defend_G","Defend_G","Defend_G","Defend_G","Defend_G+1","Strike_G","Strike_G+1","Strike_G","Strike_G","Survivor","Neutralize","Burst+1","Backflip+1","Backflip","Dagger Spray","Quick Slash","Bane","Dagger Throw","Poisoned Stab","PiercingWail","Outmaneuver"],"max_hp_per_floor":[63,63,63,63,63,63,63,63,63,63,63,63,63,63,63],"relics":["Ring of the Snake","Gambling Chip","Regal Pillow"],"card_choices":[{"not_picked":["Tools of the Trade","A Thousand Cuts"],"picked":"Burst"},{"not_picked":["Outmaneuver","Crippling Poison"],"picked":"Backflip"},{"not_picked":["Deadly Poison","Backstab"],"picked":"Dagger Spray"},{"not_picked":["Finisher","Backflip"],"picked":"Quick Slash"},{"not_picked":["Masterful Stab","PiercingWail"],"picked":"Bane"},{"not_picked":["Glass Knife","Bane"],"picked":"Dagger Throw"},{"not_picked":["Dodge and Roll","Footwork"],"picked":"Poisoned Stab"},{"not_picked":["Deflect","Terror"],"picked":"PiercingWail"},{"not_picked":["Deflect","Bane"],"picked":"Outmaneuver"}],"player_experience":82897,"potions_floor_usage":[10,12,16,16],"damage_taken":[{"damage":0,"enemies":"2 Louse","floor":1,"turns":4},{"damage":3,"enemies":"Cultist","floor":4,"turns":6},{"damage":0,"enemies":"Small Slimes","floor":5,"turns":5},{"damage":2,"enemies":"Blue Slaver","floor":8,"turns":6},{"damage":9,"enemies":"Large Slime","floor":10,"turns":7},{"damage":4,"enemies":"Gremlin Nob","floor":12,"turns":3},{"damage":20,"enemies":"Gremlin Gang","floor":13,"turns":7},{"damage":0,"enemies":"Lots of Slimes","floor":14,"turns":3},{"damage":45,"enemies":"The Guardian","floor":16,"turns":8}],"event_choices":[{"event_name":"Accursed Blacksmith","player_choice":"Forge","floor":3,"damage_taken":0},{"event_name":"Shining Light","player_choice":"Entered Light","floor":11,"damage_taken":0}],"boss_relics":[],"potions_floor_spawned":[5,10,12,14],"seed_played":"6406891684915656498","killed_by":"The Guardian","ascension_level":0,"is_trial":false}