{"path_per_floor":["M","?","?","M","$","R","M","M","T","R","?","M","M","?","R","B",null,"M","M","?","$","M"],"character_chosen":"THE_SILENT","items_purchased":["Choke","Outmaneuver","Mummified Hand"],"gold_per_floor":[111,186,186,202,167,167,178,196,223,223,245,257,269,269,269,367,367,382,398,398,116,135],"floor_reached":23,"campfire_rested":2,"playtime":1885,"current_hp_per_floor":[70,59,52,52,52,52,52,45,45,66,54,50,48,48,69,53,70,46,38,38,38,9],"items_purged":[],"gold":135,"score":183,"play_id":"c0f794bd-467d-437d-a6f9-0beffe4dc754","is_prod":false,"is_daily":false,"is_ascension_mode":false,"campfire_upgraded":1,"path_taken":["M","?","?","?","$","R","M","M","T","R","?","M","M","?","R","BOSS","M","?","?","$","M","M"],"build_version":"2018-02-15-PROD1","purchased_purges":0,"victory":false,"master_deck":["Defend_G","Defend_G","Defend_G","Defend_G","Defend_G","Strike_G","Strike_G","Strike_G","Strike_G","Strike_G","Survivor","Neutralize","Dodge and Roll","Crippling Poison","Choke+1","All Out Attack","Backflip","Sucker Punch","Bane","Deadly Poison","Corpse Explosion","Dash","All Out Attack","Writhe","Outmaneuver"],"max_hp_per_floor":[70,70,70,70,70,70,70,70,70,70,70,70,70,70,70,70,70,70,70,70,70,70],"relics":["Sozu","Snake Skull","Lantern","Odd Mushroom","Eternal Feather","Orichalcum","Mummified Hand"],"card_choices":[{"not_picked":["Outmaneuver","Catalyst"],"picked":"Dodge and Roll"},{"not_picked":["Backflip","Sucker Punch"],"picked":"Crippling Poison"},{"not_picked":["Bane","Blade Dance"],"picked":"All Out Attack"},{"not_picked":["Flying Knee","Blur"],"picked":"Backflip"},{"not_picked":["Caltrops","Acrobatics"],"picked":"Sucker Punch"},{"not_picked":["Distraction","Acrobatics"],"picked":"Bane"},{"not_picked":["Deflect","PiercingWail"],"picked":"Deadly Poison"},{"not_picked":["Night Terror","Envenom"],"picked":"Corpse Explosion"},{"not_picked":["Eviscerate","All Out Attack"],"picked":"Dash"},{"not_picked":["Leg Sweep","Backflip"],"picked":"All Out Attack"}],"player_experience":14143,"potions_floor_usage":[],"damage_taken":[{"damage":0,"enemies":"Jaw Worm","floor":1,"turns":6},{"damage":0,"enemies":"Small Slimes","floor":4,"turns":5},{"damage":0,"enemies":"2 Louse","floor":7,"turns":3},{"damage":7,"enemies":"Exordium Wildlife","floor":8,"turns":5},{"damage":12,"enemies":"The Mushroom Lair","floor":11,"turns":5},{"damage":4,"enemies":"3 Louse","floor":12,"turns":2},{"damage":2,"enemies":"Looter","floor":13,"turns":2},{"damage":16,"enemies":"The Guardian","floor":16,"turns":13},{"damage":24,"enemies":"Spheric Guardian","floor":18,"turns":7},{"damage":8,"enemies":"Shell Parasite","floor":19,"turns":7},{"damage":29,"enemies":"Centurion and Healer","floor":22,"turns":11},{"damage":14,"enemies":"Snake Plant","floor":23,"turns":2}],"event_choices":[{"event_name":"World of Goop","player_choice":"Gather Gold","floor":2,"damage_taken":0},{"event_name":"Scrap Ooze","player_choice":"success","floor":3,"damage_taken":7},{"event_name":"Mushrooms","player_choice":"Fought Mushrooms","floor":11,"damage_taken":0},{"event_name":"Liars Game","player_choice":"disagreed","floor":14,"damage_taken":0},{"event_name":"The Mausoleum","player_choice":"Yes","floor":20,"damage_taken":0}],"boss_relics":[{"not_picked":["Black Star","Question Card"],"picked":"Eternal Feather"}],"potions_floor_spawned":[4,7,12,16,18],"seed_played":"537201484406201607","killed_by":"Snake Plant","ascension_level":0,"is_trial":false}