{"path_per_floor":["M","M","M","M","?","R","E","R","T","?","E","M","M","$","R","B",null,"M","M","M","$"],"character_chosen":"THE_SILENT","items_purchased":["Footwork","Skewer","Swift Strike","Cloak And Dagger","Slice"],"gold_per_floor":[115,127,143,160,160,160,194,194,194,294,326,336,352,145,145,247,247,247,202,202,109,109],"floor_reached":22,"campfire_rested":3,"playtime":1101,"current_hp_per_floor":[65,60,58,55,55,70,38,59,59,59,29,23,20,20,41,10,55,46,24,2,2,0],"items_purged":[],"gold":109,"score":248,"play_id":"1eff1fb9-a9ac-4694-bf34-f1cff50ca821","local_time":"20180324023742","is_prod":false,"is_daily":false,"is_ascension_mode":true,"campfire_upgraded":0,"timestamp":1521873462,"path_taken":["M","M","M","M","?","R","E","R","T","?","E","M","M","$","R","BOSS","M","M","M","$","M"],"build_version":"2018-03-22v2","purchased_purges":1,"victory":false,"master_deck":["Defend_G","Defend_G","Defend_G","Defend_G","Defend_G","Strike_G","Strike_G","Strike_G","Strike_G","Survivor","Neutralize","Flying Knee","Escape Plan","All Out Attack","Dagger Throw","Dash","Dagger Spray","Concentrate","Footwork","Skewer","Swift Strike","Storm of Steel","Flying Knee","Cloak And Dagger","Calculated Gamble+1","Cloak And Dagger","Slice"],"max_hp_per_floor":[70,70,70,70,70,70,70,70,70,70,70,70,70,70,70,70,70,70,70,70,70,70],"relics":["Ring of the Snake","Vajra","Bottled Lightning","Unceasing Top","Ectoplasm"],"card_choices":[{"not_picked":["Deflect","PiercingWail"],"picked":"Flying Knee","floor":1},{"not_picked":["Deadly Poison","Poisoned Stab"],"picked":"Escape Plan","floor":2},{"not_picked":["Phantasmal Killer","Reflex"],"picked":"All Out Attack","floor":3},{"not_picked":["Choke","Heel Hook"],"picked":"Dagger Throw","floor":4},{"not_picked":["Bane","Flying Knee"],"picked":"Dash","floor":7},{"not_picked":["Deadly Poison","Sucker Punch"],"picked":"Dagger Spray","floor":12},{"not_picked":["Distraction","Dash"],"picked":"Concentrate","floor":13},{"not_picked":["Grand Finale","Night Terror"],"picked":"Storm of Steel","floor":16},{"not_picked":["Flechettes","Deadly Poison"],"picked":"Flying Knee","floor":18},{"not_picked":["Accuracy","Deflect"],"picked":"Cloak And Dagger","floor":19},{"not_picked":["Dagger Throw","Prepared"],"picked":"Calculated Gamble","floor":20}],"player_experience":669421,"potions_floor_usage":[12,16,16,16,20,22],"damage_taken":[{"damage":5,"enemies":"Small Slimes","floor":1,"turns":7},{"damage":5,"enemies":"Jaw Worm","floor":2,"turns":6},{"damage":2,"enemies":"2 Louse","floor":3,"turns":3},{"damage":3,"enemies":"Blue Slaver","floor":4,"turns":5},{"damage":32,"enemies":"Gremlin Nob","floor":7,"turns":4},{"damage":30,"enemies":"Lagavulin","floor":11,"turns":5},{"damage":6,"enemies":"Gremlin Gang","floor":12,"turns":2},{"damage":3,"enemies":"Looter","floor":13,"turns":3},{"damage":31,"enemies":"Hexaghost","floor":16,"turns":8},{"damage":9,"enemies":"Shell Parasite","floor":18,"turns":5},{"damage":22,"enemies":"2 Thieves","floor":19,"turns":3},{"damage":22,"enemies":"Cultist and Chosen","floor":20,"turns":7},{"damage":11,"enemies":"Sentry and Sphere","floor":22,"turns":3}],"event_choices":[{"event_name":"Living Wall","player_choice":"Forget","floor":5,"damage_taken":0},{"event_name":"Golden Shrine","player_choice":"Pray","floor":10,"damage_taken":0}],"boss_relics":[{"not_picked":["Philosopher\u0027s Stone","Eternal Feather"],"picked":"Ectoplasm"}],"potions_floor_spawned":[4,7,11,12,16,20],"seed_played":"-7640340871595518000","killed_by":"Sentry and Sphere","ascension_level":5,"is_trial":false}