{"gold_per_floor":[11,23,23,0,16,16,16,45,45,45,60,37,67,17,17,113,113,131,142,142,153,163,192,192,218,218,218,236,236,259,1,1,103,103,117,46,63,63,77,102,102,102,127,144,144,48,68,95,95,95],"floor_reached":50,"playtime":2422,"items_purged":[],"score":675,"play_id":"7b5014d6-227c-449e-9f5a-a51bb17bbcd0","local_time":"20190121221619","is_ascension_mode":true,"campfire_choices":[{"data":"Rip and Tear","floor":7,"key":"SMITH"},{"data":"Ball Lightning","floor":10,"key":"SMITH"},{"data":"Undo","floor":15,"key":"SMITH"},{"data":"Ghostly","floor":32,"key":"SMITH"},{"data":"Ghostly","floor":42,"key":"SMITH"},{"data":"Echo Form","floor":45,"key":"SMITH"},{"floor":49,"key":"RECALL"}],"neow_cost":"NO_GOLD","seed_source_timestamp":110194857938014,"circlet_count":0,"master_deck":["Strike_B","Defend_B","Defend_B","Defend_B","Defend_B","Zap+1","Dualcast","Rip and Tear+1","Undo+1","Cold Snap+1","Ball Lightning+1","Conserve Battery","Compile Driver","Leap+1","Chill","Ball Lightning+1","Electrodynamics","Self Repair+1","Redo","Ghostly+1","Ghostly+1","Ghostly","Ghostly","Ghostly","White Noise+1","Fission","Aggregate","Defragment","Turbo+1","Skim","Machine Learning","Echo Form+1","Chill","Capacitor","Dark Shackles","Cold Snap+1","Capacitor+1","Parasite","Coolheaded","Defragment","Aggregate+1"],"relics":["FrozenCore","StoneCalendar","Dodecahedron","War Paint","Boot","Smiling Mask","Cables","Whetstone","Gremlin Horn","Inserter","Bronze Scales","Anchor","Ancient Tea Set"],"potions_floor_usage":[16,19,23,25,27,39,40,47,47],"damage_taken":[{"damage":7,"enemies":"Jaw Worm","floor":1,"turns":3},{"damage":1,"enemies":"Cultist","floor":2,"turns":3},{"damage":3,"enemies":"2 Louse","floor":5,"turns":2},{"damage":7,"enemies":"3 Sentries","floor":8,"turns":7},{"damage":3,"enemies":"Blue Slaver","floor":11,"turns":3},{"damage":15,"enemies":"Gremlin Nob","floor":13,"turns":4},{"damage":4,"enemies":"The Guardian","floor":16,"turns":8},{"damage":0,"enemies":"Spheric Guardian","floor":18,"turns":3},{"damage":2,"enemies":"Shell Parasite","floor":19,"turns":5},{"damage":0,"enemies":"Snake Plant","floor":21,"turns":5},{"damage":0,"enemies":"Centurion and Healer","floor":22,"turns":7},{"damage":4,"enemies":"Slavers","floor":23,"turns":7},{"damage":10,"enemies":"Book of Stabbing","floor":25,"turns":6},{"damage":0,"enemies":"Gremlin Leader","floor":27,"turns":2},{"damage":0,"enemies":"Sentry and Sphere","floor":28,"turns":7},{"damage":29,"enemies":"Automaton","floor":33,"turns":14},{"damage":2,"enemies":"3 Darklings","floor":35,"turns":7},{"damage":0,"enemies":"Orb Walker","floor":37,"turns":6},{"damage":6,"enemies":"Spire Growth","floor":39,"turns":6},{"damage":33,"enemies":"Giant Head","floor":40,"turns":11},{"damage":7,"enemies":"Writhing Mass","floor":44,"turns":8},{"damage":10,"enemies":"Transient","floor":47,"turns":5},{"damage":22,"enemies":"Nemesis","floor":48,"turns":9},{"damage":20,"enemies":"Donu and Deca","floor":50,"turns":2}],"seed_played":"692080694589746744","potions_obtained":[{"floor":1,"key":"EssenceOfSteel"},{"floor":2,"key":"Weak Potion"},{"floor":13,"key":"SkillPotion"},{"floor":16,"key":"LiquidBronze"},{"floor":18,"key":"Block Potion"},{"floor":21,"key":"SmokeBomb"},{"floor":25,"key":"SteroidPotion"},{"floor":33,"key":"GamblersBrew"},{"floor":35,"key":"Swift Potion"},{"floor":40,"key":"SteroidPotion"},{"floor":44,"key":"FearPotion"}],"is_trial":false,"path_per_floor":["?","M","?","?","?","?","T","$","?","?","?"],"character_chosen":"DEFECT","items_purchased":["Cold Snap","Leap","Ball Lightning","Gremlin Horn","Capacitor"],"campfire_rested":0,"item_purchase_floors":[4,12,14,31,36],"current_hp_per_floor":[82,81,89,89,86,86,86,79,79,79,76,76,61,61,61,57,89,89,87,44,44,44,44,44,44,44,44,44,44,44,44,44,25,44,42,42,44,44,44,21,38,38,38,38,38,38,28,16,16,0],"gold":95,"neow_bonus":"TWENTY_PERCENT_HP_BONUS","is_prod":false,"is_daily":false,"chose_seed":false,"campfire_upgraded":6,"win_rate":0,"timestamp":1548126979,"path_taken":["M","M","?","$","?","?","R","E","T","R","M","$","E","$","R","BOSS","M","M","?","M","M","E","?","E","T","E","M","?","?","$","R","BOSS","M","?","M","?","M","E","?","R","T","M","R","?","M","E","R","BOSS"],"build_version":"2019-01-20","purchased_purges":0,"victory":false,"max_hp_per_floor":[89,89,89,89,89,89,89,89,89,89,89,89,89,89,89,89,89,89,89,44,44,44,44,44,44,44,44,44,44,44,44,44,44,44,44,44,44,44,44,44,38,38,38,38,38,38,38,38,38,38],"card_choices":[{"not_picked":["Reinforced Body","Scrape"],"picked":"Rip and Tear","floor":1},{"not_picked":["Leap","Beam Cell"],"picked":"Undo","floor":2},{"not_picked":["Hello World","Rebound"],"picked":"Ball Lightning","floor":5},{"not_picked":["Blizzard","Storm"],"picked":"Conserve Battery","floor":8},{"not_picked":["Force Field","Beam Cell"],"picked":"Compile Driver","floor":11},{"not_picked":["Steam","Scrape"],"picked":"Chill","floor":13},{"not_picked":["Meteor Strike","Reboot"],"picked":"Electrodynamics","floor":16},{"not_picked":["Compile Driver","Go for the Eyes"],"picked":"Self Repair+1","floor":18},{"not_picked":["Force Field","Scrape"],"picked":"Redo","floor":19},{"not_picked":["Scrape","Aggregate"],"picked":"White Noise+1","floor":21},{"not_picked":["Stack","Conserve Battery"],"picked":"Fission","floor":22},{"not_picked":["Cold Snap","Gash"],"picked":"Aggregate","floor":23},{"not_picked":["Steam Power","FTL"],"picked":"Turbo+1","floor":25},{"not_picked":["Reprogram","Skim","Hello World"],"picked":"SKIP","floor":28},{"not_picked":["Amplify","Seek"],"picked":"Echo Form","floor":33},{"not_picked":["Leap+1","Lockon+1"],"picked":"Chill","floor":35},{"not_picked":["Fusion","Melter","Turbo+1"],"picked":"SKIP","floor":37},{"not_picked":["Swift Strike","Dramatic Entrance"],"picked":"Dark Shackles","floor":38},{"not_picked":["Hello World","Turbo"],"picked":"Cold Snap+1","floor":39},{"not_picked":["Steam+1","Fission"],"picked":"Capacitor+1","floor":40},{"not_picked":["Force Field","Darkness"],"picked":"Coolheaded","floor":44},{"not_picked":["Barrage+1","Tempest"],"picked":"Defragment","floor":47},{"not_picked":["Steam+1","Amplify"],"picked":"Aggregate+1","floor":48}],"player_experience":1298325,"relics_obtained":[{"floor":8,"key":"StoneCalendar"},{"floor":9,"key":"Dodecahedron"},{"floor":13,"key":"War Paint"},{"floor":23,"key":"Boot"},{"floor":25,"key":"Smiling Mask"},{"floor":26,"key":"Cables"},{"floor":30,"key":"Whetstone"},{"floor":40,"key":"Bronze Scales"},{"floor":48,"key":"Ancient Tea Set"}],"event_choices":[{"damage_healed":8,"gold_gain":0,"player_choice":"Full Heal","damage_taken":0,"max_hp_gain":0,"max_hp_loss":0,"event_name":"Wheel of Change","floor":3,"gold_loss":0},{"cards_removed":["Strike_B"],"damage_healed":0,"gold_gain":0,"player_choice":"Forget","damage_taken":0,"max_hp_gain":0,"max_hp_loss":0,"event_name":"Living Wall","floor":6,"gold_loss":0},{"damage_healed":0,"gold_gain":0,"player_choice":"Became a Ghost","damage_taken":0,"max_hp_gain":0,"max_hp_loss":45,"event_name":"Ghosts","floor":20,"gold_loss":0,"cards_obtained":["Ghostly","Ghostly","Ghostly","Ghostly","Ghostly"]},{"damage_healed":0,"gold_gain":0,"player_choice":"Read","damage_taken":0,"max_hp_gain":0,"max_hp_loss":0,"event_name":"The Library","floor":24,"gold_loss":0,"cards_obtained":["Defragment"]},{"damage_healed":0,"gold_gain":0,"cards_transformed":["Strike_B","Strike_B"],"player_choice":"Became Test Subject","damage_taken":0,"max_hp_gain":0,"max_hp_loss":0,"event_name":"Drug Dealer","floor":29,"gold_loss":0,"cards_obtained":["Skim","Machine Learning"]},{"damage_healed":0,"gold_gain":0,"player_choice":"Memory 1","damage_taken":0,"max_hp_gain":0,"max_hp_loss":0,"event_name":"SensoryStone","floor":38,"gold_loss":0},{"damage_healed":38,"gold_gain":0,"player_choice":"Heal","damage_taken":0,"max_hp_gain":0,"max_hp_loss":6,"event_name":"The Moai Head","floor":41,"gold_loss":0},{"damage_healed":0,"gold_gain":0,"player_choice":"Paid Gold","damage_taken":0,"relics_obtained":["Anchor"],"max_hp_gain":0,"max_hp_loss":0,"event_name":"WeMeetAgain","floor":46,"gold_loss":96}],"is_beta":true,"boss_relics":[{"not_picked":["Lizard Tail","Philosopher\u0027s Stone"],"picked":"FrozenCore"},{"not_picked":["Pandora\u0027s Box","Empty Cage"],"picked":"Inserter"}],"items_purged_floors":[],"is_endless":false,"potions_floor_spawned":[1,2,13,16,18,21,25,33,35,40,44],"killed_by":"Donu and Deca","ascension_level":2}