{"gold_per_floor":[113,63,75,95,105,105,125,125,125,52,52,62,62,73,73,177,177,189,189,108,108,127,127,146,158,158,6,23,36,36,1,1,1],"floor_reached":33,"playtime":1303,"items_purged":[],"score":429,"play_id":"01adc4f3-95e3-4525-a782-2c6a01f8e85a","local_time":"20180630153953","is_ascension_mode":true,"campfire_choices":[{"floor":6,"key":"REST"},{"floor":8,"key":"REST"},{"floor":11,"key":"REST"},{"data":"Dagger Spray","floor":15,"key":"SMITH"},{"floor":23,"key":"REST"},{"floor":32,"key":"REST"}],"neow_cost":"","seed_source_timestamp":1362718300245571,"circlet_count":0,"master_deck":["Defend_G+1","Defend_G+1","Defend_G+1","Defend_G+1","Defend_G+1","Strike_G+1","Strike_G+1","Strike_G+1","Strike_G+1","Survivor","Neutralize","AscendersBane","Dagger Spray+1","Blur","Quick Slash","Quick Slash","Underhanded Strike","Cloak And Dagger","Flying Knee","Backflip","Caltrops","Adrenaline","Finisher","Malaise","RitualDagger","Bouncing Flask","PiercingWail","Leg Sweep+1","Escape Plan","Choke"],"relics":["Ring of the Snake","Question Card","Fusion Hammer","Mercury Hourglass","Bronze Scales"],"potions_floor_usage":[16,18,24,25,30,33,33],"damage_taken":[{"damage":13,"enemies":"Jaw Worm","floor":1,"turns":10},{"damage":6,"enemies":"Cultist","floor":3,"turns":5},{"damage":3,"enemies":"2 Louse","floor":4,"turns":3},{"damage":28,"enemies":"Exordium Wildlife","floor":5,"turns":6},{"damage":1,"enemies":"Looter","floor":7,"turns":4},{"damage":1,"enemies":"Large Slime","floor":12,"turns":5},{"damage":0,"enemies":"3 Louse","floor":14,"turns":3},{"damage":64,"enemies":"The Guardian","floor":16,"turns":17},{"damage":0,"enemies":"3 Byrds","floor":18,"turns":5},{"damage":10,"enemies":"2 Thieves","floor":22,"turns":4},{"damage":13,"enemies":"Snake Plant","floor":24,"turns":3},{"damage":28,"enemies":"Sentry and Sphere","floor":25,"turns":5},{"damage":18,"enemies":"Cultist and Chosen","floor":28,"turns":5},{"damage":6,"enemies":"Snake Plant","floor":29,"turns":4},{"damage":0,"enemies":"Gremlin Leader","floor":30,"turns":1},{"damage":45,"enemies":"Automaton","floor":33,"turns":12}],"seed_played":"-7551339162423499560","potions_obtained":[{"floor":3,"key":"LiquidBronze"},{"floor":7,"key":"GhostInAJar"},{"floor":14,"key":"SmokeBomb"},{"floor":16,"key":"Regen Potion"},{"floor":18,"key":"LiquidBronze"},{"floor":24,"key":"Dexterity Potion"},{"floor":25,"key":"FearPotion"}],"is_trial":false,"path_per_floor":["M","?","M","M","M","R","M","R","T","$","R","M","?","M","R","B",null,"M","?","$","?","M","R","M","M","T","$","M","M","E","$","R"],"character_chosen":"THE_SILENT","items_purchased":["Cloak And Dagger","Flying Knee","Malaise","Bronze Scales","Choke"],"campfire_rested":5,"item_purchase_floors":[10,10,20,27,31],"current_hp_per_floor":[50,50,44,41,13,34,33,54,54,54,70,69,74,74,74,10,59,73,73,73,67,57,75,62,34,34,34,16,10,10,10,32,0],"gold":1,"neow_bonus":"","is_prod":false,"is_daily":false,"chose_seed":false,"campfire_upgraded":1,"win_rate":0,"timestamp":1530387593,"path_taken":["M","?","?","?","M","R","M","R","T","?","R","?","?","M","R","BOSS","M","?","$","?","M","R","M","M","T","$","?","?","E","$","R","BOSS"],"build_version":"2018-06-29","purchased_purges":0,"victory":false,"max_hp_per_floor":[70,70,70,70,70,70,70,70,70,70,70,70,75,75,75,75,75,75,75,75,75,75,75,75,75,75,75,75,75,75,75,75,75],"card_choices":[{"not_picked":["Dodge and Roll","Concentrate"],"picked":"Dagger Spray","floor":1},{"not_picked":["Prepared","Dagger Spray"],"picked":"Blur","floor":3},{"not_picked":["Setup","Dodge and Roll"],"picked":"Quick Slash","floor":4},{"not_picked":["Outmaneuver","Grand Finale"],"picked":"Quick Slash","floor":5},{"not_picked":["Bane","Reflex"],"picked":"Underhanded Strike","floor":7},{"not_picked":["Cloak And Dagger","Deadly Poison","Prepared"],"picked":"Backflip","floor":12},{"not_picked":["Eviscerate","Calculated Gamble","Dagger Spray"],"picked":"Caltrops","floor":14},{"not_picked":["Tools of the Trade","Unload","Envenom"],"picked":"Adrenaline","floor":16},{"not_picked":["Bane+1","All Out Attack","Acrobatics"],"picked":"Finisher","floor":18},{"not_picked":["Bane+1","Poisoned Stab+1","Quick Slash+1"],"picked":"Bouncing Flask","floor":22},{"not_picked":["Unload","Poisoned Stab","Outmaneuver","Concentrate+1"],"picked":"SKIP","floor":24},{"not_picked":["Outmaneuver","Quick Slash","Bane"],"picked":"PiercingWail","floor":25},{"not_picked":["Deadly Poison","Accuracy","Well Laid Plans"],"picked":"Leg Sweep+1","floor":28},{"not_picked":["Riddle With Holes","Acrobatics+1","Slice+1"],"picked":"Escape Plan","floor":29}],"player_experience":484889,"relics_obtained":[{"floor":9,"key":"Question Card"},{"floor":26,"key":"Mercury Hourglass"}],"event_choices":[{"event_name":"The Cleric","player_choice":"Card Removal","floor":2,"damage_taken":0},{"event_name":"Big Fish","player_choice":"Donut","floor":13,"damage_taken":0},{"event_name":"Back to Basics","player_choice":"Simplicity","floor":19,"damage_taken":0},{"event_name":"Nest","player_choice":"Joined the Cult","floor":21,"damage_taken":0}],"boss_relics":[{"not_picked":["Runic Dome","Busted Crown"],"picked":"Fusion Hammer"}],"items_purged_floors":[],"is_endless":false,"potions_floor_spawned":[3,7,14,16,18,24,25,30],"killed_by":"Automaton","ascension_level":10}