{"path_per_floor":["M","M","M","?","?","R","?","M","T","R","E","M","R","M","R","B",null,"M","M","$","?","?","?","M","R","T","R","M","R","$","M","R","B",null,"M","$","?","?","$","R","M","R","T","R","$","?","M","M","R"],"character_chosen":"IRONCLAD","items_purchased":["Power Through","Wild Strike","Regen Potion","Whirlwind","Havoc"],"gold_per_floor":[19,37,54,54,54,54,54,69,69,69,100,113,113,126,126,230,230,249,263,107,107,107,107,123,123,123,123,138,138,2,12,12,107,107,124,74,74,74,26,26,37,37,37,37,37,0,18,34,34],"floor_reached":50,"campfire_rested":7,"playtime":9849,"current_hp_per_floor":[80,74,72,72,47,71,71,66,66,66,42,44,68,70,70,63,80,56,41,41,41,41,41,37,61,61,80,80,80,80,63,80,35,80,59,59,59,49,49,73,69,69,69,69,69,69,43,28,52],"items_purged":["Pain","Decay","Injury"],"gold":34,"score":390,"play_id":"2d9e2991-c098-45cc-a061-1091591b1cc7","local_time":"20180303190003","is_prod":false,"is_daily":false,"is_ascension_mode":false,"campfire_upgraded":5,"timestamp":1520121603,"path_taken":["M","?","M","?","?","R","?","M","T","R","E","?","R","M","R","BOSS","M","?","$","?","?","?","M","R","T","R","M","R","$","M","R","BOSS","M","$","?","?","$","R","M","R","T","R","?","?","M","M","R","BOSS"],"build_version":"2018-03-01-PROD1","purchased_purges":4,"victory":false,"master_deck":["Strike_R+1","Strike_R+1","Defend_R+1","Defend_R+1","Defend_R+1","Bash","Wild Strike+1","Thunderclap+1","Offering+1","Pommel Strike","Power Through","Demon Form+1","Iron Wave","Exhume","Headbutt+1","Flex","Power Through","Wild Strike+1","Iron Wave","Feel No Pain","Whirlwind","Fiend Fire","Flame Barrier","Madness","Madness","Havoc","Flame Barrier+1","Flex+1"],"max_hp_per_floor":[80,80,80,80,80,80,80,80,80,80,80,80,80,80,80,80,80,80,80,80,80,80,80,80,80,80,80,80,80,80,80,80,80,80,80,80,80,80,80,80,80,80,80,80,80,80,80,80,80],"relics":["Burning Blood","Shuriken","Bird Faced Urn","Matryoshka","Calling Bell","Toolbox","Art of War","Meat on the Bone","Smiling Mask","Ice Cream","Lizard Tail","Happy Flower","Molten Egg 2","Red Mask"],"card_choices":[{"not_picked":["Twin Strike","Perfected Strike"],"picked":"Wild Strike"},{"not_picked":["Heavy Blade","Cleave"],"picked":"Thunderclap"},{"not_picked":["Headbutt","Body Slam"],"picked":"Offering"},{"not_picked":["Perfected Strike","Sword Boomerang"],"picked":"Pommel Strike"},{"not_picked":["Clothesline","Body Slam"],"picked":"Power Through"},{"not_picked":["Shrug It Off","Whirlwind"],"picked":"Demon Form"},{"not_picked":["Thunderclap","Dual Wield"],"picked":"Iron Wave"},{"not_picked":["Immolate","Double Tap"],"picked":"Exhume"},{"not_picked":["Shrug It Off","Inflame"],"picked":"Headbutt"},{"not_picked":["Second Wind","Shrug It Off"],"picked":"Flex"},{"not_picked":["Searing Blow","Perfected Strike"],"picked":"Iron Wave"},{"not_picked":["Havoc","Flex"],"picked":"Feel No Pain"},{"not_picked":["Bludgeon","Dark Embrace"],"picked":"Fiend Fire"},{"not_picked":["Uppercut","Clothesline"],"picked":"Flame Barrier"},{"not_picked":["Blood for Blood","True Grit"],"picked":"Flame Barrier"},{"not_picked":["Warcry","Havoc"],"picked":"Flex"}],"player_experience":365962,"potions_floor_usage":[16,18,28,33,33,41,50],"damage_taken":[{"damage":1,"enemies":"Cultist","floor":1,"turns":4},{"damage":12,"enemies":"Small Slimes","floor":2,"turns":4},{"damage":8,"enemies":"Jaw Worm","floor":3,"turns":3},{"damage":11,"enemies":"3 Louse","floor":8,"turns":3},{"damage":30,"enemies":"Lagavulin","floor":11,"turns":4},{"damage":4,"enemies":"Looter","floor":12,"turns":3},{"damage":4,"enemies":"Red Slaver","floor":14,"turns":1},{"damage":15,"enemies":"Slime Boss","floor":16,"turns":10},{"damage":42,"enemies":"2 Thieves","floor":18,"turns":4},{"damage":35,"enemies":"Shell Parasite","floor":19,"turns":6},{"damage":24,"enemies":"Centurion and Healer","floor":24,"turns":5},{"damage":4,"enemies":"3 Cultists","floor":28,"turns":4},{"damage":27,"enemies":"Slaver and Parasite","floor":31,"turns":6},{"damage":73,"enemies":"Automaton","floor":33,"turns":8},{"damage":29,"enemies":"3 Darklings","floor":35,"turns":6},{"damage":14,"enemies":"Orb Walker","floor":41,"turns":4},{"damage":48,"enemies":"4 Shapes","floor":47,"turns":7},{"damage":37,"enemies":"Maw","floor":48,"turns":11},{"damage":95,"enemies":"Time Eater","floor":50,"turns":8}],"event_choices":[{"event_name":"Liars Game","player_choice":"disagreed","floor":4,"damage_taken":0},{"event_name":"Scrap Ooze","player_choice":"success","floor":5,"damage_taken":25},{"event_name":"Purifier","player_choice":"One Purge","floor":7,"damage_taken":0},{"event_name":"Accursed Blacksmith","player_choice":"Ignore","floor":21,"damage_taken":0},{"event_name":"Back to Basics","player_choice":"Simplicity","floor":22,"damage_taken":0},{"event_name":"The Mausoleum","player_choice":"No","floor":23,"damage_taken":0},{"event_name":"Winding Halls","player_choice":"Embrace Madness","floor":38,"damage_taken":0},{"event_name":"Tomb of Lord Red Mask","player_choice":"Paid","floor":46,"damage_taken":0}],"boss_relics":[{"not_picked":["Velvet Choker","Eternal Feather"],"picked":"Calling Bell"},{"not_picked":["Runic Cube","Runic Pyramid"],"picked":"Lizard Tail"}],"potions_floor_spawned":[12,14,24,28,33,35],"seed_played":"3818385680919587514","killed_by":"Time Eater","ascension_level":0,"is_trial":false}