{"gold_per_floor":[109,129,129,141,155,181,181,197,223,223,223,259,259],"floor_reached":13,"playtime":320,"items_purged":[],"score":119,"play_id":"26137179-2989-4a72-a4c1-db6acffd341d","local_time":"20190109235724","is_ascension_mode":true,"campfire_choices":[{"floor":10,"key":"REST"}],"neow_cost":"NONE","seed_source_timestamp":18943227629750,"circlet_count":0,"master_deck":["Defend_G","Defend_G","Defend_G","Defend_G","Defend_G","Strike_G","Strike_G","Strike_G","Strike_G","Strike_G","Survivor","Neutralize","Dagger Spray","Predator","Dagger Spray","Deadly Poison","Footwork","Malaise"],"relics":["Ring of the Snake","NeowsBlessing","Calipers","Pen Nib","Anchor","Golden Idol","Boot"],"potions_floor_usage":[12,13,13],"damage_taken":[{"damage":0,"enemies":"Small Slimes","floor":1,"turns":1},{"damage":0,"enemies":"Jaw Worm","floor":2,"turns":1},{"damage":0,"enemies":"Cultist","floor":4,"turns":1},{"damage":2,"enemies":"2 Fungi Beasts","floor":5,"turns":3},{"damage":42,"enemies":"Gremlin Nob","floor":6,"turns":4},{"damage":6,"enemies":"3 Louse","floor":8,"turns":3},{"damage":28,"enemies":"3 Sentries","floor":12,"turns":6},{"damage":9,"enemies":"Large Slime","floor":13,"turns":3}],"seed_played":"-816917852221848113","potions_obtained":[{"floor":6,"key":"EssenceOfSteel"},{"floor":8,"key":"SteroidPotion"},{"floor":12,"key":"SpeedPotion"}],"is_trial":false,"path_per_floor":["M","M","?","M","M","E","?","M","T","R","?","E","M"],"character_chosen":"THE_SILENT","items_purchased":[],"campfire_rested":1,"item_purchase_floors":[],"current_hp_per_floor":[70,70,75,75,73,31,13,7,7,29,29,1,0],"gold":259,"neow_bonus":"THREE_ENEMY_KILL","is_prod":false,"is_daily":false,"chose_seed":false,"campfire_upgraded":0,"win_rate":0,"timestamp":1547096244,"path_taken":["M","M","?","M","M","E","?","M","T","R","?","E","M"],"build_version":"2019-01-08","purchased_purges":0,"victory":false,"max_hp_per_floor":[70,70,75,75,75,75,75,75,75,75,69,69,69],"card_choices":[{"not_picked":["Underhanded Strike","Accuracy"],"picked":"Dagger Spray","floor":1},{"not_picked":["Bane","Underhanded Strike"],"picked":"Predator","floor":2},{"not_picked":["Flechettes","Slice"],"picked":"Dagger Spray","floor":4},{"not_picked":["Setup","Quick Slash"],"picked":"Deadly Poison","floor":5},{"not_picked":["Bouncing Flask","Bane","Endless Agony"],"picked":"SKIP","floor":6},{"not_picked":["Sucker Punch","Calculated Gamble"],"picked":"Footwork","floor":8},{"not_picked":["Prepared","Acrobatics"],"picked":"Malaise","floor":12}],"player_experience":1226515,"relics_obtained":[{"floor":6,"key":"Calipers"},{"floor":9,"key":"Anchor"},{"floor":12,"key":"Boot"}],"event_choices":[{"damage_healed":0,"gold_gain":0,"player_choice":"Donut","damage_taken":0,"max_hp_gain":5,"max_hp_loss":0,"event_name":"Big Fish","floor":3,"gold_loss":0},{"damage_healed":0,"gold_gain":0,"player_choice":"Success","damage_taken":18,"relics_obtained":["Pen Nib"],"max_hp_gain":0,"max_hp_loss":0,"event_name":"Scrap Ooze","floor":7,"gold_loss":0},{"damage_healed":0,"gold_gain":0,"player_choice":"Lose Max HP","damage_taken":0,"relics_obtained":["Golden Idol"],"max_hp_gain":0,"max_hp_loss":6,"event_name":"Golden Idol","floor":11,"gold_loss":0}],"is_beta":true,"boss_relics":[],"items_purged_floors":[],"is_endless":false,"potions_floor_spawned":[6,8,12],"killed_by":"Large Slime","ascension_level":5}