{"path_per_floor":["M","?","M","$","?","E","R","M","T","$","E","M","$","?","R","B",null,"M","M","?","$","T","R","E","R","T","?","M","M","R","T","R","B",null,"M","M","$","?","?","R","E","M","T","R","M","E"],"character_chosen":"THE_SILENT","items_purchased":["Infinite Blades","Footwork","Dodge and Roll","Bandage Up","Accuracy"],"gold_per_floor":[110,110,126,51,126,161,161,173,173,123,155,136,47,47,47,151,151,167,180,180,36,108,108,135,135,184,109,119,131,131,131,131,228,228,241,259,30,82,0,0,31,49,49,49,69,97],"floor_reached":47,"campfire_rested":5,"playtime":3326,"current_hp_per_floor":[76,76,76,76,65,23,46,46,46,46,24,38,38,38,61,25,77,69,69,69,69,69,69,31,54,54,54,48,43,43,43,66,41,77,76,77,77,66,66,66,31,17,31,58,47,8],"items_purged":["Strike_G","Strike_G","Defend_G","Defend_G","Strike_G"],"gold":97,"score":553,"play_id":"deb53f80-af3f-44e5-9027-511476933624","local_time":"20180307220419","is_prod":false,"is_daily":false,"is_ascension_mode":true,"campfire_upgraded":3,"timestamp":1520478259,"path_taken":["M","?","M","?","?","E","R","M","T","$","E","M","?","?","R","BOSS","M","M","?","$","?","R","E","R","T","?","M","?","R","?","R","BOSS","M","M","$","?","?","R","E","M","T","R","M","E","?"],"build_version":"2018-03-01-PROD1","purchased_purges":5,"victory":false,"master_deck":["Defend_G","Defend_G","Defend_G","Strike_G","Survivor","Neutralize","PiercingWail","Cloak And Dagger+1","After Image+1","Malaise","Cloak And Dagger","Accuracy+1","Infinite Blades","Neutralize","Outmaneuver","Tools of the Trade","Backflip","Heel Hook","Footwork","Dodge and Roll","Caltrops","Finisher","Die Die Die","All Out Attack+1","Bandage Up","Accuracy","Backflip+1","Clumsy"],"max_hp_per_floor":[77,77,77,77,77,77,77,77,77,77,77,77,77,77,77,77,77,77,77,77,77,77,77,77,77,77,77,77,77,77,77,77,77,77,77,77,77,77,77,77,77,77,91,91,91,91],"relics":["Ring of the Snake","Vajra","Smiling Mask","Dodecahedron","Runic Pyramid","Ninja Scroll","Blood Vial","Oddly Smooth Stone","Letter Opener","Cursed Key","Girya","Red Mask","Frozen Egg 2","Mango","Shovel"],"card_choices":[{"not_picked":["Poisoned Stab","Bane"],"picked":"PiercingWail"},{"not_picked":["Slice","Dagger Throw"],"picked":"Cloak And Dagger"},{"not_picked":["Deadly Poison","Expertise"],"picked":"After Image"},{"not_picked":["Choke","Quick Slash"],"picked":"Malaise"},{"not_picked":["Poisoned Stab","Unload"],"picked":"Cloak And Dagger"},{"not_picked":["Underhanded Strike","Riddle With Holes"],"picked":"Accuracy"},{"not_picked":["Venomology","Tactician"],"picked":"Tools of the Trade"},{"not_picked":["Bouncing Flask","Quick Slash"],"picked":"Backflip"},{"not_picked":["Prepared","Bane"],"picked":"Heel Hook"},{"not_picked":["Expertise","Dagger Spray"],"picked":"Caltrops"},{"not_picked":["Slice","Cloak And Dagger"],"picked":"Finisher"},{"not_picked":["Grand Finale","Adrenaline"],"picked":"Die Die Die"},{"not_picked":["Deadly Poison","Backflip"],"picked":"All Out Attack"},{"not_picked":["Deflect","Slice"],"picked":"Backflip"}],"player_experience":433953,"potions_floor_usage":[6,6,11,11,12,16,28,29,35,38,41,41,46],"damage_taken":[{"damage":1,"enemies":"2 Louse","floor":1,"turns":4},{"damage":0,"enemies":"Cultist","floor":3,"turns":4},{"damage":42,"enemies":"Lagavulin","floor":6,"turns":10},{"damage":0,"enemies":"Jaw Worm","floor":8,"turns":5},{"damage":22,"enemies":"3 Sentries","floor":11,"turns":11},{"damage":1,"enemies":"Exordium Thugs","floor":12,"turns":7},{"damage":36,"enemies":"Slime Boss","floor":16,"turns":15},{"damage":8,"enemies":"Shell Parasite","floor":18,"turns":8},{"damage":0,"enemies":"3 Byrds","floor":19,"turns":7},{"damage":38,"enemies":"Book of Stabbing","floor":24,"turns":10},{"damage":8,"enemies":"Slaver and Parasite","floor":28,"turns":8},{"damage":7,"enemies":"Centurion and Healer","floor":29,"turns":11},{"damage":27,"enemies":"Collector","floor":33,"turns":13},{"damage":1,"enemies":"3 Darklings","floor":35,"turns":7},{"damage":0,"enemies":"Orb Walker","floor":36,"turns":3},{"damage":11,"enemies":"Mysterious Sphere","floor":38,"turns":6},{"damage":41,"enemies":"2 Orb Walkers","floor":41,"turns":5},{"damage":20,"enemies":"4 Shapes","floor":42,"turns":7},{"damage":17,"enemies":"Sphere and 2 Shapes","floor":45,"turns":6},{"damage":45,"enemies":"Nemesis","floor":46,"turns":7}],"event_choices":[{"event_name":"The Lab","player_choice":"Got Potions","floor":2,"damage_taken":0},{"event_name":"World of Goop","player_choice":"Gather Gold","floor":5,"damage_taken":0},{"event_name":"Match and Keep!","player_choice":"2 cards matched","floor":14,"damage_taken":0},{"event_name":"Vampires","player_choice":"Ignored","floor":20,"damage_taken":0},{"event_name":"Beggar","player_choice":"Gave Gold","floor":27,"damage_taken":0},{"event_name":"Mysterious Sphere","player_choice":"Fight","floor":38,"damage_taken":0},{"event_name":"Tomb of Lord Red Mask","player_choice":"Paid","floor":39,"damage_taken":0},{"event_name":"Winding Halls","player_choice":"Embrace Madness","floor":47,"damage_taken":0}],"boss_relics":[{"not_picked":["Orrery","Question Card"],"picked":"Runic Pyramid"},{"not_picked":["The Specimen","Pandora\u0027s Box"],"picked":"Cursed Key"}],"potions_floor_spawned":[6,8,11,12,18,28,33,35,38,41,46],"seed_played":"-6029298876932957441","ascension_level":3,"is_trial":false}