{"path_per_floor":["M","M","M","$","M","E","R","E","T","?","$","R","E","?","R","B",null,"M","?","M","$","M","E","R","E","T","M","E","R","M","E","R"],"character_chosen":"IRONCLAD","items_purchased":["Bandage Up","Omamori"],"gold_per_floor":[218,231,243,168,178,211,211,246,246,246,54,54,79,79,79,177,177,190,190,205,62,77,109,109,143,168,179,207,207,225,250,250],"floor_reached":33,"campfire_rested":5,"playtime":1528,"current_hp_per_floor":[80,72,78,78,64,42,42,14,24,24,24,51,51,51,78,48,93,93,93,85,85,64,62,93,78,78,77,45,78,58,40,73],"items_purged":["Strike_R","Strike_R"],"gold":250,"score":410,"play_id":"84b37863-af96-4a08-ac42-4f27922ac78a","local_time":"20180320215639","is_prod":false,"is_daily":false,"is_ascension_mode":true,"campfire_upgraded":1,"timestamp":1521597399,"path_taken":["M","M","M","$","M","E","R","E","T","?","$","R","E","?","R","BOSS","M","?","M","$","M","E","R","E","T","?","E","R","M","E","R","BOSS"],"build_version":"2018-03-15v3","purchased_purges":2,"victory":false,"master_deck":["Strike_R","Strike_R","Defend_R","Defend_R","Defend_R","Defend_R","Bash","Heavy Blade","Flex","Whirlwind","Cleave","Offering+1","Burning Pact","Bandage Up","Feed","Bloodletting","Headbutt","Flex","Limit Break","Headbutt","Flame Barrier+1","Thunderclap"],"max_hp_per_floor":[80,80,80,80,80,80,80,80,90,90,90,90,90,90,90,93,93,93,93,96,96,96,106,106,106,106,109,112,112,112,112,112],"relics":["Burning Blood","Gambling Chip","Orichalcum","Pear","Art of War","Cursed Key","Omamori","Strawberry","Red Skull","Prayer Wheel","Toxic Egg 2","Letter Opener"],"card_choices":[{"not_picked":["Intimidate","Rupture"],"picked":"Heavy Blade"},{"not_picked":["Twin Strike","Cleave"],"picked":"Flex"},{"not_picked":["Twin Strike","Perfected Strike"],"picked":"Whirlwind"},{"not_picked":["Rampage","Combust"],"picked":"Cleave"},{"not_picked":["Whirlwind","Cleave"],"picked":"Offering"},{"not_picked":["Shockwave","Barricade"],"picked":"Burning Pact"},{"not_picked":["Disarm","Anger"],"picked":"Feed"},{"not_picked":["Anger","Sword Boomerang"],"picked":"Bloodletting"},{"not_picked":["Clash","Havoc"],"picked":"Flex"},{"not_picked":["Body Slam","Havoc"],"picked":"Limit Break"},{"not_picked":["Sword Boomerang","Whirlwind"],"picked":"Headbutt"},{"not_picked":["Combust","Sword Boomerang"],"picked":"Flame Barrier"},{"not_picked":["Entrench","Clash"],"picked":"Thunderclap"}],"player_experience":625925,"potions_floor_usage":[8,16,23,25,27,33],"damage_taken":[{"damage":0,"enemies":"Small Slimes","floor":1,"turns":3},{"damage":14,"enemies":"Jaw Worm","floor":2,"turns":4},{"damage":0,"enemies":"2 Louse","floor":3,"turns":2},{"damage":20,"enemies":"Looter","floor":5,"turns":3},{"damage":28,"enemies":"Gremlin Nob","floor":6,"turns":4},{"damage":40,"enemies":"Lagavulin","floor":8,"turns":4},{"damage":10,"enemies":"Gremlin Nob","floor":13,"turns":3},{"damage":58,"enemies":"Slime Boss","floor":16,"turns":11},{"damage":10,"enemies":"Shell Parasite","floor":18,"turns":2},{"damage":21,"enemies":"2 Thieves","floor":20,"turns":3},{"damage":31,"enemies":"Snake Plant","floor":22,"turns":3},{"damage":22,"enemies":"Book of Stabbing","floor":23,"turns":3},{"damage":25,"enemies":"Slavers","floor":25,"turns":5},{"damage":14,"enemies":"Centurion and Healer","floor":27,"turns":4},{"damage":45,"enemies":"Gremlin Leader","floor":28,"turns":8},{"damage":30,"enemies":"Snecko","floor":30,"turns":5},{"damage":28,"enemies":"Book of Stabbing","floor":31,"turns":4},{"damage":89,"enemies":"Collector","floor":33,"turns":6}],"event_choices":[{"event_name":"Living Wall","player_choice":"Forget","floor":10,"damage_taken":0},{"event_name":"The Lab","player_choice":"Got Potions","floor":14,"damage_taken":0},{"event_name":"The Library","player_choice":"Read","floor":19,"damage_taken":0}],"boss_relics":[{"not_picked":["Lizard Tail","Astrolabe"],"picked":"Cursed Key"}],"potions_floor_spawned":[2,3,13,16,18,22,23],"seed_played":"871635430900838588","killed_by":"Collector","ascension_level":1,"is_trial":false}