{"gold_per_floor":[16,28,28,48,61,61,61,61,61,61,9,9,9,22,22,147,147,167,182,182,182,58,58,77,117,154,180,192,129,155,15,15,138,138,159,159,159,179,179,215,215,228,228,228,253,268,30,30,30,30],"floor_reached":51,"playtime":3304,"items_purged":[],"score":685,"play_id":"20a4640b-559d-4e87-9b86-28a4aa9b30ea","local_time":"20181231125854","is_ascension_mode":false,"campfire_choices":[{"data":"Limit Break","floor":6,"key":"SMITH"},{"data":"Metallicize","floor":8,"key":"SMITH"},{"data":"Perfected Strike","floor":13,"key":"SMITH"},{"data":"True Grit","floor":15,"key":"SMITH"},{"data":"Barricade","floor":23,"key":"SMITH"},{"floor":28,"key":"REST"},{"floor":32,"key":"REST"},{"floor":41,"key":"REST"},{"data":"Whirlwind","floor":44,"key":"SMITH"},{"floor":49,"key":"RECALL"}],"neow_cost":"NO_GOLD","seed_source_timestamp":77059565866734,"circlet_count":0,"master_deck":["Strike_R","Strike_R","Strike_R","Strike_R","Defend_R","Defend_R","Defend_R","Bash+1","Limit Break+1","Iron Wave","Metallicize+1","Perfected Strike+1","True Grit+1","Impervious","Uppercut","Barricade+1","Body Slam","Corruption","Demon Form","Inflame+1","Whirlwind+1","Limit Break","Warcry","Shockwave+1","True Grit+1","Spot Weakness+1","Parasite"],"relics":["Burning Blood","Golden Idol","Calipers","Ginger","Snecko Eye","Enchiridion","MawBank","PreservedInsect","Art of War","Cursed Key","Nunchaku","Bottled Tornado"],"potions_floor_usage":[5,16,25,25,33,42,46,50,50],"damage_taken":[{"damage":0,"enemies":"Small Slimes","floor":1,"turns":4},{"damage":6,"enemies":"Jaw Worm","floor":2,"turns":4},{"damage":7,"enemies":"2 Louse","floor":4,"turns":3},{"damage":8,"enemies":"Lots of Slimes","floor":5,"turns":5},{"damage":3,"enemies":"Red Slaver","floor":14,"turns":5},{"damage":31,"enemies":"Slime Boss","floor":16,"turns":7},{"damage":14,"enemies":"Chosen","floor":18,"turns":6},{"damage":0,"enemies":"Shell Parasite","floor":19,"turns":3},{"damage":1,"enemies":"3 Cultists","floor":24,"turns":5},{"damage":34,"enemies":"Slavers","floor":25,"turns":6},{"damage":6,"enemies":"Shelled Parasite and Fungi","floor":27,"turns":6},{"damage":5,"enemies":"Snecko","floor":30,"turns":5},{"damage":61,"enemies":"Collector","floor":33,"turns":11},{"damage":24,"enemies":"3 Shapes","floor":35,"turns":3},{"damage":5,"enemies":"Orb Walker","floor":38,"turns":3},{"damage":31,"enemies":"Reptomancer","floor":40,"turns":5},{"damage":7,"enemies":"Jaw Worm Horde","floor":42,"turns":3},{"damage":15,"enemies":"3 Darklings","floor":45,"turns":4},{"damage":7,"enemies":"Writhing Mass","floor":46,"turns":5},{"damage":44,"enemies":"Time Eater","floor":50,"turns":8}],"seed_played":"8540378833242426567","potions_obtained":[{"floor":4,"key":"SkillPotion"},{"floor":16,"key":"EssenceOfSteel"},{"floor":19,"key":"SteroidPotion"},{"floor":27,"key":"Poison Potion"},{"floor":33,"key":"Strength Potion"},{"floor":40,"key":"Regen Potion"},{"floor":42,"key":"Block Potion"},{"floor":45,"key":"Poison Potion"}],"is_trial":false,"path_per_floor":["M","M","?","M","M","R","?","R","T","?","$","T","R","M","R","B",null,"M","M","?","?","$","R","M","E","T","M","R","?","M","$","R","B",null,"M","?","?","M","?","E","R","M","T","R","M","M","$","?","R","B",null],"character_chosen":"IRONCLAD","items_purchased":["Strength Potion","Barricade","Body Slam","Art of War","Bottled Tornado"],"campfire_rested":3,"item_purchase_floors":[11,22,22,31,47],"current_hp_per_floor":[80,80,74,73,71,71,68,68,68,68,68,68,68,71,71,46,74,66,72,56,56,56,56,61,33,33,33,55,55,56,56,74,19,74,56,56,56,57,74,49,71,70,70,70,61,60,60,65,65,41],"gold":30,"neow_bonus":"THREE_RARE_CARDS","is_prod":false,"is_daily":false,"chose_seed":false,"campfire_upgraded":6,"win_rate":0,"timestamp":1546279134,"path_taken":["M","M","?","M","M","R","?","R","T","?","?","?","R","?","R","BOSS","M","M","?","?","$","R","M","E","T","M","R","?","M","$","R","BOSS","M","?","?","M","?","E","R","M","T","R","M","?","$","?","R","BOSS"],"build_version":"2018-12-25","purchased_purges":0,"victory":true,"max_hp_per_floor":[80,80,74,74,74,74,74,74,74,74,74,74,74,74,74,74,74,74,74,74,74,74,74,74,74,74,74,74,74,74,74,74,74,74,74,74,74,74,74,74,74,74,74,74,74,74,74,65,65,65],"card_choices":[{"not_picked":["Brutality","Exhume"],"picked":"Limit Break","floor":0},{"not_picked":["Havoc","Rampage"],"picked":"Iron Wave","floor":1},{"not_picked":["Searing Blow","Warcry"],"picked":"Metallicize","floor":2},{"not_picked":["Warcry","Second Wind","Ghostly Armor"],"picked":"SKIP","floor":4},{"not_picked":["Rupture","Rampage"],"picked":"Perfected Strike","floor":5},{"not_picked":["Body Slam","Evolve"],"picked":"True Grit","floor":14},{"not_picked":["Limit Break","Berserk"],"picked":"Impervious","floor":16},{"not_picked":["Pommel Strike","Sword Boomerang"],"picked":"Uppercut","floor":18},{"not_picked":["Clothesline","Warcry+1"],"picked":"Spot Weakness","floor":19},{"not_picked":["Intimidate","Pommel Strike"],"picked":"Corruption","floor":24},{"not_picked":["Iron Wave","Warcry"],"picked":"Demon Form","floor":25},{"not_picked":["Perfected Strike","Pommel Strike"],"picked":"Inflame+1","floor":27},{"not_picked":["Intimidate","Iron Wave"],"picked":"Whirlwind","floor":30},{"not_picked":["Berserk","Demon Form"],"picked":"Limit Break","floor":33},{"not_picked":["Pommel Strike","Sever Soul+1","Dropkick+1"],"picked":"SKIP","floor":35},{"not_picked":["Reckless Charge","Corruption"],"picked":"Warcry","floor":38},{"not_picked":["Warcry+1","Cleave"],"picked":"Shockwave+1","floor":40},{"not_picked":["Thunderclap","Havoc"],"picked":"True Grit+1","floor":42},{"not_picked":["Anger+1","Clothesline+1"],"picked":"Spot Weakness+1","floor":45},{"not_picked":["Armaments","Twin Strike+1","Anger"],"picked":"SKIP","floor":46}],"player_experience":1103800,"relics_obtained":[{"floor":9,"key":"Ginger"},{"floor":20,"key":"Enchiridion"},{"floor":25,"key":"MawBank"},{"floor":26,"key":"PreservedInsect"},{"floor":40,"key":"Nunchaku"}],"event_choices":[{"damage_healed":0,"gold_gain":0,"player_choice":"Lose Max HP","damage_taken":0,"relics_obtained":["Golden Idol"],"max_hp_gain":0,"max_hp_loss":6,"event_name":"Golden Idol","floor":3,"gold_loss":0},{"damage_healed":0,"gold_gain":0,"player_choice":"Success","damage_taken":3,"relics_obtained":["Calipers"],"max_hp_gain":0,"max_hp_loss":0,"event_name":"Scrap Ooze","floor":7,"gold_loss":0},{"damage_healed":0,"gold_gain":0,"player_choice":"Grow","damage_taken":0,"max_hp_gain":0,"max_hp_loss":0,"event_name":"Living Wall","floor":10,"gold_loss":0,"cards_upgraded":["Bash"]},{"damage_healed":0,"gold_gain":0,"player_choice":"Obtained Book","damage_taken":16,"max_hp_gain":0,"max_hp_loss":0,"event_name":"Cursed Tome","floor":20,"gold_loss":0},{"damage_healed":0,"gold_gain":0,"player_choice":"Ignored","damage_taken":0,"max_hp_gain":0,"max_hp_loss":0,"event_name":"Vampires","floor":21,"gold_loss":0},{"cards_removed":["Strike_R"],"damage_healed":0,"gold_gain":0,"player_choice":"Gave Gold","damage_taken":0,"max_hp_gain":0,"max_hp_loss":0,"event_name":"Beggar","floor":29,"gold_loss":75},{"cards_removed":["Defend_R"],"damage_healed":0,"gold_gain":0,"player_choice":"Removed Skill","damage_taken":0,"max_hp_gain":0,"max_hp_loss":0,"event_name":"Falling","floor":36,"gold_loss":0},{"damage_healed":0,"gold_gain":0,"player_choice":"Ignored","damage_taken":0,"max_hp_gain":0,"max_hp_loss":0,"event_name":"Mysterious Sphere","floor":37,"gold_loss":0},{"cards_removed":["Spot Weakness"],"damage_healed":17,"gold_gain":0,"player_choice":"Offered Uncommon","damage_taken":0,"max_hp_gain":0,"max_hp_loss":0,"event_name":"Bonfire Elementals","floor":39,"gold_loss":0},{"damage_healed":65,"gold_gain":0,"player_choice":"Heal","damage_taken":0,"max_hp_gain":0,"max_hp_loss":9,"event_name":"The Moai Head","floor":48,"gold_loss":0}],"is_beta":true,"boss_relics":[{"not_picked":["Calling Bell","Black Blood"],"picked":"Snecko Eye"},{"not_picked":["Runic Cube","Philosopher\u0027s Stone"],"picked":"Cursed Key"}],"items_purged_floors":[],"is_endless":false,"potions_floor_spawned":[4,16,19,27,33,40,42,45],"ascension_level":0}