{"gold_per_floor":[118,134,134,134,149,180,196,196,250,281,16,16,16,29,29,29],"floor_reached":16,"playtime":584,"items_purged":["Strike_G"],"score":138,"play_id":"b1b2c60e-ff9e-42d9-8050-b332b450f832","local_time":"20190127023700","is_ascension_mode":true,"campfire_choices":[{"floor":8,"key":"REST"},{"floor":13,"key":"REST"},{"floor":15,"key":"REST"}],"neow_cost":"NONE","seed_source_timestamp":0,"circlet_count":0,"master_deck":["Defend_G","Defend_G","Defend_G","Defend_G","Defend_G","Strike_G","Strike_G","Strike_G","Strike_G","Survivor","Neutralize","Caltrops","Crippling Poison","Catalyst","Acrobatics","Dodge and Roll","Burst","Dash","Dagger Spray","Deflect","Panache","Adrenaline"],"special_seed":0,"relics":["Orrery","Shuriken","Boot","Lantern","Singing Bowl"],"potions_floor_usage":[14,16,16],"damage_taken":[{"damage":0.0,"enemies":"Cultist","floor":1.0,"turns":4.0},{"damage":7.0,"enemies":"Small Slimes","floor":2.0,"turns":5.0},{"damage":5.0,"enemies":"Jaw Worm","floor":5.0,"turns":6.0},{"damage":30,"enemies":"Lagavulin","floor":6,"turns":8},{"damage":2,"enemies":"2 Fungi Beasts","floor":7,"turns":4},{"damage":35,"enemies":"3 Sentries","floor":10,"turns":7},{"damage":11,"enemies":"Exordium Thugs","floor":14,"turns":5},{"damage":48,"enemies":"Slime Boss","floor":16,"turns":10}],"seed_played":"-7174934662295450649","potions_obtained":[{"floor":1.0,"key":"Swift Potion"},{"floor":6,"key":"Fire Potion"},{"floor":7,"key":"Strength Potion"},{"floor":10,"key":"GhostInAJar"}],"is_trial":false,"path_per_floor":["M","M","?","?","M","E","M","R","T","E","$","?","R","M","R","B"],"character_chosen":"THE_SILENT","items_purchased":["Panache"],"campfire_rested":3,"item_purchase_floors":[11],"current_hp_per_floor":[70,63,68,68,63,33,31,53,53,18,18,15,37,26,48,0],"gold":29,"neow_bonus":"BOSS_RELIC","is_prod":false,"is_daily":false,"chose_seed":false,"campfire_upgraded":0,"win_rate":0,"timestamp":1548574620,"path_taken":["M","?","?","?","M","E","M","R","T","E","?","?","R","?","R","BOSS"],"build_version":"2019-01-23","purchased_purges":1,"victory":false,"max_hp_per_floor":[70,70,75,75,75,75,75,75,75,75,75,75,75,75,75,75],"card_choices":[{"not_picked":["Accuracy","Prepared"],"picked":"Caltrops","floor":0.0},{"not_picked":["Choke","Deadly Poison"],"picked":"Crippling Poison","floor":0.0},{"not_picked":["Distraction","Terror"],"picked":"Catalyst","floor":0.0},{"not_picked":["Underhanded Strike","Infinite Blades"],"picked":"Acrobatics","floor":0.0},{"not_picked":["Skewer","Slice"],"picked":"Dodge and Roll","floor":1.0},{"not_picked":["Masterful Stab","Choke"],"picked":"Burst","floor":2.0},{"not_picked":["Flechettes","Eviscerate"],"picked":"Dash","floor":5.0},{"not_picked":["Bane","Caltrops"],"picked":"Dagger Spray","floor":6},{"not_picked":["Crippling Poison","Deadly Poison"],"picked":"Deflect","floor":7},{"not_picked":["Underhanded Strike","Backflip","Tactician"],"picked":"SKIP","floor":10},{"not_picked":["PiercingWail","Blade Dance"],"picked":"Adrenaline","floor":14}],"player_experience":147993,"relics_obtained":[{"floor":6,"key":"Shuriken"},{"floor":9,"key":"Boot"},{"floor":10,"key":"Lantern"}],"event_choices":[{"damage_healed":0.0,"max_hp_gain":5.0,"max_hp_loss":0.0,"gold_gain":0.0,"event_name":"Big Fish","player_choice":"Donut","floor":3.0,"gold_loss":0.0,"damage_taken":0.0},{"damage_healed":0.0,"max_hp_gain":0.0,"max_hp_loss":0.0,"gold_gain":0.0,"event_name":"Shining Light","player_choice":"Ignored","floor":4.0,"gold_loss":0.0,"damage_taken":0.0},{"damage_healed":0,"gold_gain":0,"player_choice":"Success","damage_taken":3,"relics_obtained":["Singing Bowl"],"max_hp_gain":0,"max_hp_loss":0,"event_name":"Scrap Ooze","floor":12,"gold_loss":0}],"is_beta":false,"boss_relics":[],"items_purged_floors":[11],"is_endless":false,"potions_floor_spawned":[1,6,7,10],"killed_by":"Slime Boss","ascension_level":5}