{"gold_per_floor":[216,227,181,197,211,238,238,413,413,413,34,61,61,75,75,171,171,171],"floor_reached":18,"playtime":783,"items_purged":[],"score":247,"play_id":"1aa38d0d-25ed-4717-a933-3e9f96b0ff0c","local_time":"20180802221901","is_ascension_mode":true,"campfire_choices":[{"data":"Bash","floor":7,"key":"SMITH"},{"data":"Armaments","floor":10,"key":"SMITH"},{"floor":15,"key":"REST"}],"neow_cost":"NONE","seed_source_timestamp":1075453930701189,"circlet_count":0,"master_deck":["Strike_R","Strike_R","Strike_R","Strike_R","Strike_R","Defend_R","Defend_R","Defend_R","Defend_R","Bash+1","Hemokinesis","Shrug It Off+1","Armaments+1","Pummel+1","Heavy Blade","Thunderclap","Doubt","Inflame","Flex","Headbutt","Shrug It Off","Offering","Clumsy","Doubt","Regret"],"relics":["Burning Blood","Pen Nib","Ornamental Fan","Paper Frog","Bottled Flame","Calling Bell","Anchor","Smiling Mask","Dead Branch"],"potions_floor_usage":[12,16],"damage_taken":[{"damage":13,"enemies":"Jaw Worm","floor":1,"turns":5},{"damage":4,"enemies":"Cultist","floor":2,"turns":3},{"damage":2,"enemies":"2 Louse","floor":4,"turns":4},{"damage":6,"enemies":"2 Fungi Beasts","floor":5,"turns":4},{"damage":30,"enemies":"3 Sentries","floor":6,"turns":10},{"damage":24,"enemies":"Lagavulin","floor":12,"turns":5},{"damage":11,"enemies":"Looter","floor":14,"turns":3},{"damage":18,"enemies":"The Guardian","floor":16,"turns":11},{"damage":67,"enemies":"3 Byrds","floor":18,"turns":5}],"seed_played":"-6583464117626313366","potions_obtained":[{"floor":2,"key":"Poison Potion"},{"floor":4,"key":"Block Potion"},{"floor":14,"key":"GamblersBrew"},{"floor":16,"key":"SpeedPotion"}],"is_trial":false,"path_per_floor":["M","M","$","M","M","E","R","?","T","R","$","E","?","M","R","B",null],"character_chosen":"IRONCLAD","items_purchased":["Armaments","Paper Frog","Inflame","Flex"],"campfire_rested":1,"item_purchase_floors":[3,11,11,11],"current_hp_per_floor":[65,67,67,71,71,47,47,47,47,47,47,29,13,8,32,20,65,0],"gold":171,"neow_bonus":"HUNDRED_GOLD","is_prod":false,"is_daily":false,"chose_seed":false,"campfire_upgraded":2,"win_rate":0,"timestamp":1533262741,"path_taken":["M","M","$","M","M","E","R","?","T","R","$","E","?","M","R","BOSS","M"],"build_version":"2018-08-01","purchased_purges":0,"victory":false,"max_hp_per_floor":[80,80,80,80,80,80,80,80,80,80,80,80,80,80,80,80,80,80],"card_choices":[{"not_picked":["Thunderclap","Burning Pact"],"picked":"Hemokinesis","floor":1},{"not_picked":["Rupture","Flex"],"picked":"Shrug It Off","floor":2},{"not_picked":["Hemokinesis","Armaments"],"picked":"Pummel","floor":4},{"not_picked":["Clash","Thunderclap"],"picked":"Heavy Blade","floor":5},{"not_picked":["Flex","Infernal Blade"],"picked":"Thunderclap","floor":6},{"not_picked":["Clash","Warcry","Headbutt"],"picked":"SKIP","floor":12},{"not_picked":["Clash","Warcry"],"picked":"Headbutt","floor":12},{"not_picked":["Inflame","Flex"],"picked":"Shrug It Off","floor":14},{"not_picked":["Berserk","Reaper"],"picked":"Offering","floor":16}],"player_experience":703595,"relics_obtained":[{"floor":6,"key":"Pen Nib"},{"floor":9,"key":"Ornamental Fan"},{"floor":12,"key":"Bottled Flame"},{"floor":17,"key":"Anchor"},{"floor":17,"key":"Smiling Mask"},{"floor":17,"key":"Dead Branch"}],"event_choices":[{"event_name":"Liars Game","player_choice":"agreed","floor":8,"damage_taken":0},{"event_name":"Shining Light","player_choice":"Entered Light","floor":13,"damage_taken":0}],"is_beta":true,"boss_relics":[{"not_picked":["Coffee Dripper","Ectoplasm"],"picked":"Calling Bell"}],"items_purged_floors":[],"is_endless":false,"potions_floor_spawned":[2,4,14,16],"killed_by":"3 Byrds","ascension_level":9}