{"gold_per_floor":[17,117,50,61,61,61,78,107,133,133,143,143,113,144,144,144],"floor_reached":16,"playtime":592,"items_purged":[],"score":192,"play_id":"67bae72c-9987-4e54-83f6-24000ebccf72","local_time":"20180708170727","is_ascension_mode":true,"campfire_choices":[{"data":"Neutralize","floor":10,"key":"SMITH"},{"data":"Footwork","floor":12,"key":"SMITH"},{"floor":15,"key":"REST"}],"neow_cost":"NO_GOLD","seed_source_timestamp":2059961268694807,"circlet_count":0,"master_deck":["Defend_G","Defend_G","Defend_G","Defend_G","Defend_G","Strike_G","Strike_G","Strike_G","Strike_G","Strike_G+1","Survivor","Neutralize+1","AscendersBane","Footwork+1","Riddle With Holes","Dodge and Roll","Flechettes+1","Dagger Spray","Cloak And Dagger","PiercingWail","Leg Sweep"],"relics":["Ring of the Snake","Strawberry","Whetstone","Ancient Tea Set"],"potions_floor_usage":[8,14],"damage_taken":[{"damage":2,"enemies":"Jaw Worm","floor":1,"turns":6},{"damage":0,"enemies":"Cultist","floor":4,"turns":4},{"damage":0,"enemies":"2 Louse","floor":7,"turns":3},{"damage":32,"enemies":"Lagavulin","floor":8,"turns":6},{"damage":0,"enemies":"Blue Slaver","floor":11,"turns":6},{"damage":1,"enemies":"Looter","floor":13,"turns":4},{"damage":42,"enemies":"Gremlin Nob","floor":14,"turns":5},{"damage":53,"enemies":"Slime Boss","floor":16,"turns":16}],"seed_played":"-460967436691806671","potions_obtained":[{"floor":7,"key":"Strength Potion"},{"floor":8,"key":"FearPotion"},{"floor":11,"key":"FairyPotion"}],"is_trial":false,"path_per_floor":["M","?","$","M","?","?","M","E","T","R","M","R","M","E","R"],"character_chosen":"THE_SILENT","items_purchased":["Riddle With Holes"],"campfire_rested":1,"item_purchase_floors":[3],"current_hp_per_floor":[75,75,75,75,75,80,80,55,55,55,55,55,54,12,40,0],"gold":144,"neow_bonus":"TWENTY_PERCENT_HP_BONUS","is_prod":false,"is_daily":false,"chose_seed":false,"campfire_upgraded":2,"win_rate":0,"timestamp":1531084047,"path_taken":["M","?","$","M","?","?","M","E","T","R","M","R","M","E","R","BOSS"],"build_version":"2018-07-05","purchased_purges":0,"victory":false,"max_hp_per_floor":[84,84,84,84,84,89,89,96,96,96,96,96,96,96,96,96],"card_choices":[{"not_picked":["Dagger Spray","Masterful Stab"],"picked":"Footwork","floor":1},{"not_picked":["Sucker Punch","Dagger Throw"],"picked":"Dodge and Roll","floor":4},{"not_picked":["Masterful Stab","Acrobatics"],"picked":"Flechettes","floor":7},{"not_picked":["Underhanded Strike","All Out Attack"],"picked":"Dagger Spray","floor":8},{"not_picked":["Dagger Throw","Distraction"],"picked":"Cloak And Dagger","floor":11},{"not_picked":["Outmaneuver","Quick Slash"],"picked":"PiercingWail","floor":13},{"not_picked":["Prepared","Sucker Punch"],"picked":"Leg Sweep","floor":14}],"player_experience":542596,"relics_obtained":[{"floor":8,"key":"Strawberry"},{"floor":9,"key":"Whetstone"},{"floor":14,"key":"Ancient Tea Set"}],"event_choices":[{"event_name":"Golden Shrine","player_choice":"Pray","floor":2,"damage_taken":0},{"event_name":"Liars Game","player_choice":"disagreed","floor":5,"damage_taken":0},{"event_name":"Big Fish","player_choice":"Donut","floor":6,"damage_taken":0}],"boss_relics":[],"items_purged_floors":[],"is_endless":false,"potions_floor_spawned":[7,8,11],"killed_by":"Slime Boss","ascension_level":11}