{"path_per_floor":["M","?","M","M","M","M","?","R","T","R","T","M","R","M","R","B",null,"M","M","$","?","M","R","M","?","T","M","?","$","?","M","R"],"character_chosen":"IRONCLAD","items_purchased":["Double Tap","Rampage"],"gold_per_floor":[119,119,138,150,166,177,177,177,177,177,177,196,196,213,213,310,310,325,338,37,37,56,56,67,67,146,157,157,57,57,68,68],"floor_reached":33,"campfire_rested":1,"playtime":2020,"current_hp_per_floor":[80,80,80,80,77,73,66,66,66,66,66,70,70,64,64,47,80,76,80,80,80,73,73,65,49,49,48,48,48,48,47,71],"items_purged":["Strike_R","Writhe"],"gold":68,"score":241,"play_id":"b01d259a-a0a8-4f0c-b7d2-9c0722f8dacb","is_prod":false,"is_daily":false,"is_ascension_mode":false,"campfire_upgraded":5,"path_taken":["M","?","M","M","M","M","?","R","T","R","?","M","R","M","R","BOSS","M","?","$","?","M","R","M","?","T","M","?","$","?","M","R","BOSS"],"build_version":"2018-02-15-PROD1","purchased_purges":2,"victory":false,"master_deck":["Strike_R","Strike_R","Strike_R","Strike_R","Defend_R+1","Defend_R","Defend_R","Defend_R","Bash+1","Headbutt+1","Cleave","Pommel Strike+1","Flex+1","Cleave+1","Flex","Pommel Strike+1","Limit Break+1","Inflame+1","Shrug It Off","Double Tap","Rampage+1","Iron Wave+1","Armaments","Heavy Blade+1","Offering","Rampage+1"],"max_hp_per_floor":[80,80,80,80,80,80,80,80,80,80,80,80,80,80,80,80,80,80,80,80,80,80,80,80,80,80,80,80,80,80,80,80],"relics":["Burning Blood","Pen Nib","Calipers","Molten Egg 2","Mark of Pain","Anchor","Ornamental Fan"],"card_choices":[{"not_picked":["Dropkick","Twin Strike"],"picked":"Headbutt"},{"not_picked":["Searing Blow","Impervious"],"picked":"Cleave"},{"not_picked":["Clothesline","Warcry"],"picked":"Pommel Strike"},{"not_picked":["Shrug It Off","Blood for Blood"],"picked":"Flex"},{"not_picked":["Anger","Impervious"],"picked":"Cleave"},{"not_picked":["True Grit","Searing Blow"],"picked":"Flex"},{"not_picked":["Dropkick","Sword Boomerang"],"picked":"Pommel Strike"},{"not_picked":["Reaper","Demon Form"],"picked":"Limit Break"},{"not_picked":["Warcry","Pommel Strike"],"picked":"Inflame"},{"not_picked":["Sword Boomerang","Cleave"],"picked":"Shrug It Off"},{"not_picked":["Pommel Strike","Clothesline"],"picked":"Iron Wave"},{"not_picked":["Headbutt","Searing Blow"],"picked":"Armaments"},{"not_picked":["Warcry","Uppercut"],"picked":"Heavy Blade"},{"not_picked":["Immolate","Pommel Strike"],"picked":"Rampage"}],"player_experience":44431,"potions_floor_usage":[16,16,16,18,24,27],"damage_taken":[{"damage":0,"enemies":"Small Slimes","floor":1,"turns":3},{"damage":1,"enemies":"Cultist","floor":3,"turns":3},{"damage":0,"enemies":"2 Louse","floor":4,"turns":2},{"damage":9,"enemies":"Blue Slaver","floor":5,"turns":4},{"damage":10,"enemies":"Exordium Thugs","floor":6,"turns":4},{"damage":2,"enemies":"Large Slime","floor":12,"turns":5},{"damage":12,"enemies":"Blue Slaver","floor":14,"turns":2},{"damage":38,"enemies":"Hexaghost","floor":16,"turns":7},{"damage":10,"enemies":"Shell Parasite","floor":18,"turns":2},{"damage":0,"enemies":"Chosen","floor":19,"turns":3},{"damage":13,"enemies":"Sentry and Sphere","floor":22,"turns":4},{"damage":14,"enemies":"Snecko","floor":24,"turns":4},{"damage":7,"enemies":"Snake Plant","floor":27,"turns":3},{"damage":7,"enemies":"Slaver and Parasite","floor":31,"turns":3},{"damage":80,"enemies":"Automaton","floor":33,"turns":8}],"event_choices":[{"event_name":"Upgrade Shrine","player_choice":"Upgraded","floor":2,"damage_taken":0},{"event_name":"Scrap Ooze","player_choice":"success","floor":7,"damage_taken":7},{"event_name":"The Mausoleum","player_choice":"Yes","floor":21,"damage_taken":0},{"event_name":"Knowing Skull","player_choice":"POTION ","floor":25,"damage_taken":0},{"event_name":"The Library","player_choice":"Read","floor":28,"damage_taken":0},{"event_name":"Drug Dealer","player_choice":"Ignored","floor":30,"damage_taken":0}],"boss_relics":[{"not_picked":["Lizard Tail","White Beast Statue"],"picked":"Mark of Pain"}],"potions_floor_spawned":[1,6,14,16,19,22],"seed_played":"-3343350357747995493","killed_by":"Automaton","ascension_level":0,"is_trial":false}