{"gold_per_floor":[115,127,145,145,100,100,127,127,127,127,160,173,26,43,43,43],"floor_reached":16,"playtime":902,"items_purged":[],"score":171,"play_id":"5290af8b-fecd-4b7e-9786-ae63b2d30817","local_time":"20181228182229","is_ascension_mode":true,"campfire_choices":[{"data":"Zap","floor":6,"key":"SMITH"},{"floor":8,"key":"REST"},{"data":"Streamline","floor":10,"key":"SMITH"},{"floor":15,"key":"REST"}],"neow_cost":"TEN_PERCENT_HP_LOSS","seed_source_timestamp":621055080715,"circlet_count":0,"master_deck":["AscendersBane","Strike_B","Strike_B","Strike_B","Strike_B","Defend_B","Defend_B","Defend_B","Defend_B","Zap+1","Dualcast","Rebound","Compile Driver","Ball Lightning","Streamline+1","Recycle","Self Repair","Steam+1","Loop"],"relics":["Cracked Core","Unceasing Top","Symbiotic Virus","Boot","Toxic Egg 2","Dead Branch","Lantern"],"potions_floor_usage":[11,16],"damage_taken":[{"damage":1,"enemies":"Cultist","floor":1,"turns":4},{"damage":3,"enemies":"2 Louse","floor":2,"turns":3},{"damage":3,"enemies":"Jaw Worm","floor":3,"turns":4},{"damage":25,"enemies":"Lagavulin","floor":7,"turns":5},{"damage":15,"enemies":"3 Sentries","floor":11,"turns":7},{"damage":12,"enemies":"Looter","floor":12,"turns":3},{"damage":27,"enemies":"Exordium Thugs","floor":14,"turns":4},{"damage":35,"enemies":"Slime Boss","floor":16,"turns":6}],"seed_played":"6531990471674315241","potions_obtained":[{"floor":2,"key":"SkillPotion"},{"floor":12,"key":"FearPotion"},{"floor":14,"key":"Poison Potion"}],"is_trial":false,"path_per_floor":["M","M","M","?","$","R","E","R","T","R","E","M","$","M","R","B"],"character_chosen":"DEFECT","items_purchased":["Streamline","Lantern"],"campfire_rested":2,"item_purchase_floors":[5,13],"current_hp_per_floor":[67,64,61,54,54,54,29,49,49,49,34,29,29,9,29,0],"gold":43,"neow_bonus":"ONE_RARE_RELIC","is_prod":false,"is_daily":false,"chose_seed":false,"campfire_upgraded":2,"win_rate":0,"timestamp":1546039349,"path_taken":["M","?","?","?","$","R","E","R","T","R","E","M","$","M","R","BOSS"],"build_version":"2018-12-25","purchased_purges":0,"victory":false,"max_hp_per_floor":[68,68,68,68,68,68,68,68,68,68,68,68,68,68,68,68],"card_choices":[{"not_picked":["Streamline","Barrage"],"picked":"Rebound","floor":1},{"not_picked":["Skim","Coolheaded"],"picked":"Compile Driver","floor":2},{"not_picked":["BootSequence","Loop"],"picked":"Ball Lightning","floor":3},{"not_picked":["Barrage","Amplify"],"picked":"Recycle","floor":7},{"not_picked":["Doom and Gloom","Redo+1"],"picked":"Self Repair","floor":11},{"not_picked":["Sweeping Beam","Leap+1"],"picked":"Steam+1","floor":12},{"not_picked":["Static Discharge","Ball Lightning"],"picked":"Loop","floor":14}],"player_experience":1044392,"relics_obtained":[{"floor":7,"key":"Boot"},{"floor":9,"key":"Toxic Egg 2"},{"floor":11,"key":"Dead Branch"}],"event_choices":[{"damage_healed":0,"gold_gain":0,"player_choice":"Success","damage_taken":7,"relics_obtained":["Symbiotic Virus"],"max_hp_gain":0,"max_hp_loss":0,"event_name":"Scrap Ooze","floor":4,"gold_loss":0}],"is_beta":true,"boss_relics":[],"items_purged_floors":[],"is_endless":false,"potions_floor_spawned":[2,12,14],"killed_by":"Slime Boss","ascension_level":11}