{"gold_per_floor":[214,142,155,155,81,81,81,146,146,186,186,186,186,202,202,332,332,346,364,377,377,396,396,410,445,445,124,142,185,185,200,200,200],"floor_reached":33,"playtime":2033,"items_purged":["Injury"],"score":507,"play_id":"9459aa3f-69f0-4c7e-8f82-6892d4e191b8","local_time":"20180725222618","is_ascension_mode":true,"campfire_choices":[{"data":"Neutralize","floor":6,"key":"SMITH"},{"data":"Dash","floor":11,"key":"SMITH"},{"data":"Footwork","floor":13,"key":"SMITH"},{"floor":15,"key":"REST"},{"floor":23,"key":"REST"},{"floor":30,"key":"REST"},{"data":"Leg Sweep","floor":32,"key":"SMITH"}],"neow_cost":"NONE","seed_source_timestamp":383347613679190,"circlet_count":0,"master_deck":["Defend_G","Defend_G","Defend_G","Defend_G","Defend_G","Strike_G","Strike_G","Strike_G","Strike_G","Strike_G","Survivor","Neutralize","AscendersBane","Deadly Poison","Dash+1","Endless Agony","Neutralize+1","Footwork+1","Flechettes","Deflect","PiercingWail","A Thousand Cuts","Backflip+1","Dash+1","Cloak And Dagger","Ghostly","Ghostly","Ghostly","Ghostly","Ghostly","Dagger Spray+1","Leg Sweep+1","Heel Hook+1","Skewer","Backflip+1","Blade Dance+1"],"relics":["Ring of the Snake","Golden Idol","Tiny Chest","Mercury Hourglass","Bottled Flame","Omamori","Velvet Choker","Toxic Egg 2","Meat on the Bone","Bag of Marbles","Boot"],"potions_floor_usage":[10,16,20,22,22,28],"damage_taken":[{"damage":0,"enemies":"Cultist","floor":1,"turns":4},{"damage":2,"enemies":"Jaw Worm","floor":3,"turns":4},{"damage":11,"enemies":"3 Sentries","floor":8,"turns":11},{"damage":17,"enemies":"Lagavulin","floor":10,"turns":8},{"damage":0,"enemies":"2 Louse","floor":14,"turns":1},{"damage":43,"enemies":"Slime Boss","floor":16,"turns":15},{"damage":18,"enemies":"Spheric Guardian","floor":18,"turns":5},{"damage":0,"enemies":"Shell Parasite","floor":19,"turns":5},{"damage":30,"enemies":"Cultist and Chosen","floor":20,"turns":8},{"damage":0,"enemies":"Centurion and Healer","floor":22,"turns":7},{"damage":2,"enemies":"Sentry and Sphere","floor":24,"turns":8},{"damage":3,"enemies":"Book of Stabbing","floor":25,"turns":7},{"damage":3,"enemies":"Snake Plant","floor":28,"turns":3},{"damage":14,"enemies":"Slavers","floor":29,"turns":6},{"damage":5,"enemies":"Centurion and Healer","floor":31,"turns":8},{"damage":27,"enemies":"Automaton","floor":33,"turns":6}],"seed_played":"-9178494888061415418","potions_obtained":[{"floor":10,"key":"FearPotion"},{"floor":16,"key":"Poison Potion"},{"floor":18,"key":"Dexterity Potion"},{"floor":19,"key":"LiquidBronze"},{"floor":20,"key":"Regen Potion"},{"floor":25,"key":"SteroidPotion"}],"is_trial":false,"path_per_floor":["M","$","M","?","$","R","?","E","T","E","R","?","R","M","R","B",null,"M","M","M","?","M","R","M","E","T","$","M","E","R","M","R"],"character_chosen":"THE_SILENT","items_purchased":["GhostInAJar","Footwork","Bag of Marbles","Skewer","PowerPotion"],"campfire_rested":3,"item_purchase_floors":[2,5,27,27,27],"current_hp_per_floor":[63,63,61,61,61,61,61,50,50,33,33,30,30,30,51,8,55,37,37,7,7,22,32,30,27,27,27,24,22,32,27,27,0],"gold":200,"neow_bonus":"HUNDRED_GOLD","is_prod":false,"is_daily":false,"chose_seed":false,"campfire_upgraded":4,"win_rate":0,"timestamp":1532571978,"path_taken":["M","?","M","?","$","R","?","E","T","E","R","?","R","M","R","BOSS","M","M","M","?","?","R","M","E","T","$","M","E","R","M","R","BOSS"],"build_version":"2018-07-24","purchased_purges":1,"victory":false,"max_hp_per_floor":[70,70,70,70,70,70,70,70,70,70,70,70,70,70,70,70,70,70,70,70,35,35,35,35,35,35,35,35,35,35,35,35,35],"card_choices":[{"not_picked":["Quick Slash","Slice"],"picked":"Deadly Poison","floor":1},{"not_picked":["Cloak And Dagger","Slice"],"picked":"Dash","floor":3},{"not_picked":["Dagger Throw","Acrobatics"],"picked":"Flechettes","floor":8},{"not_picked":["Acrobatics","Accuracy"],"picked":"Deflect","floor":10},{"not_picked":["Envenom","Dodge and Roll"],"picked":"PiercingWail","floor":14},{"not_picked":["Burst","Venomology"],"picked":"A Thousand Cuts","floor":16},{"not_picked":["All Out Attack","Finisher"],"picked":"Backflip+1","floor":18},{"not_picked":["Acrobatics","Dodge and Roll"],"picked":"Dash+1","floor":19},{"not_picked":["Predator","Flying Knee"],"picked":"Cloak And Dagger","floor":20},{"not_picked":["PiercingWail+1","Accuracy"],"picked":"Dagger Spray+1","floor":22},{"not_picked":["Outmaneuver","Dagger Throw"],"picked":"Leg Sweep","floor":24},{"not_picked":["Setup","Slice"],"picked":"Heel Hook+1","floor":25},{"not_picked":["Choke+1","Poisoned Stab","Riddle With Holes"],"picked":"SKIP","floor":28},{"not_picked":["Endless Agony","Flying Knee+1"],"picked":"Backflip+1","floor":29},{"not_picked":["Setup+1","Underhanded Strike"],"picked":"Blade Dance+1","floor":31}],"player_experience":646451,"relics_obtained":[{"floor":8,"key":"Tiny Chest"},{"floor":9,"key":"Mercury Hourglass"},{"floor":10,"key":"Bottled Flame"},{"floor":25,"key":"Toxic Egg 2"},{"floor":26,"key":"Meat on the Bone"},{"floor":29,"key":"Boot"}],"event_choices":[{"event_name":"Match and Keep!","player_choice":"2 cards matched","floor":4,"damage_taken":0},{"event_name":"Golden Idol","player_choice":"Take Wound","floor":7,"damage_taken":0},{"event_name":"Scrap Ooze","player_choice":"success","floor":12,"damage_taken":3},{"event_name":"Ghosts","player_choice":"Became a Ghost","floor":21,"damage_taken":0}],"is_beta":true,"boss_relics":[{"not_picked":["Runic Pyramid","HoveringKite"],"picked":"Velvet Choker"}],"items_purged_floors":[27],"is_endless":false,"potions_floor_spawned":[10,16,18,19,20,25],"killed_by":"Automaton","ascension_level":11}