{"gold_per_floor":[318,331,331,350,361,361,361,386,409,433,445,457,394,2,2,81,81,99,57,57,75,75,107,107,126,126,226,226,226,151,151,151,229,229,247,247,247,265,37,69,69,0,47,47,64,99,99,127,127,127],"floor_reached":50,"playtime":2722,"items_purged":[],"score":1184,"play_id":"ac231393-4019-489e-ae46-4c80d9303d76","local_time":"20181215181358","is_ascension_mode":true,"campfire_choices":[{"data":"Zap","floor":6.0,"key":"SMITH"},{"floor":11.0,"key":"REST"},{"data":"Defragment","floor":15.0,"key":"SMITH"},{"floor":24.0,"key":"REST"},{"floor":29.0,"key":"REST"},{"floor":32.0,"key":"REST"},{"floor":44.0,"key":"REST"},{"floor":49,"key":"REST"}],"neow_cost":"NO_GOLD","seed_source_timestamp":342636241199520,"circlet_count":0,"master_deck":["AscendersBane","Strike_B+1","Defend_B","Defend_B","Defend_B","Defend_B","Zap+1","Dualcast","Compile Driver","Defragment+1","Leap","Echo Form","Compile Driver","Loop","Force Field","Electrodynamics","Coolheaded+1","Capacitor+1","Defragment+1","Meteor Strike","Seek","Hologram+1","Go for the Eyes","Static Discharge","Creative AI","Defragment","Stack","Turbo","Amplify","Dark Shackles","Meteor Strike+1"],"special_seed":0,"relics":["Cracked Core","Old Coin","Whetstone","Mummified Hand","Nuclear Battery","Nloth\u0027s Gift","Art of War","Juzu Bracelet","StoneCalendar","Dodecahedron","Black Star","OrangePellets","Kunai","Oddly Smooth Stone","Red Mask","Gremlin Horn","Happy Flower","Molten Egg 2","Ancient Tea Set"],"potions_floor_usage":[],"damage_taken":[{"damage":4.0,"enemies":"Jaw Worm","floor":1.0,"turns":4.0},{"damage":1.0,"enemies":"Cultist","floor":2.0,"turns":3.0},{"damage":16.0,"enemies":"Small Slimes","floor":4.0,"turns":3.0},{"damage":11.0,"enemies":"Blue Slaver","floor":5.0,"turns":4.0},{"damage":51.0,"enemies":"Gremlin Nob","floor":8.0,"turns":5.0},{"damage":0.0,"enemies":"2 Fungi Beasts","floor":10.0,"turns":3.0},{"damage":11.0,"enemies":"The Guardian","floor":16.0,"turns":8.0},{"damage":5.0,"enemies":"Spheric Guardian","floor":18.0,"turns":4.0},{"damage":2.0,"enemies":"3 Byrds","floor":21.0,"turns":3.0},{"damage":37.0,"enemies":"Slavers","floor":23.0,"turns":3.0},{"damage":3.0,"enemies":"3 Cultists","floor":25.0,"turns":4.0},{"damage":17.0,"enemies":"Colosseum Slavers","floor":27.0,"turns":3.0},{"damage":15.0,"enemies":"Colosseum Nobs","floor":27.0,"turns":4.0},{"damage":44.0,"enemies":"Collector","floor":33.0,"turns":9.0},{"damage":18.0,"enemies":"Orb Walker","floor":35.0,"turns":4.0},{"damage":10.0,"enemies":"3 Darklings","floor":38.0,"turns":3.0},{"damage":0.0,"enemies":"Giant Head","floor":40.0,"turns":8.0},{"damage":3.0,"enemies":"Transient","floor":45.0,"turns":6.0},{"damage":19,"enemies":"Reptomancer","floor":46,"turns":5},{"damage":23,"enemies":"Giant Head","floor":48,"turns":6},{"damage":24,"enemies":"Donu and Deca","floor":50,"turns":1}],"seed_played":"-7531157975841286158","potions_obtained":[{"floor":4.0,"key":"Dexterity Potion"},{"floor":8.0,"key":"SkillPotion"},{"floor":10.0,"key":"AttackPotion"},{"floor":18.0,"key":"SneckoOil"},{"floor":23.0,"key":"SneckoOil"},{"floor":25.0,"key":"Regen Potion"},{"floor":33.0,"key":"Poison Potion"},{"floor":38.0,"key":"AttackPotion"},{"floor":40.0,"key":"FearPotion"}],"is_trial":false,"path_per_floor":["M","M","?","M","M","R","?","E","T","M","R","?","?","$","R","B",null,"M","$","?","M","?","E","R","M","T","?","?","R","?","?","R","B",null,"M","?","?","M","$","E","?","?","T","R","M","E","?","E","R","B"],"character_chosen":"DEFECT","items_purchased":["Mummified Hand","Loop","Force Field","Capacitor","OrangePellets"],"campfire_rested":6,"item_purchase_floors":[14,14,14,19,39],"current_hp_per_floor":[60,59,59,43,32,32,55,4,4,4,25,18,18,18,18,7,55,50,50,50,48,48,11,32,29,29,6,6,27,27,27,48,4,54,36,36,36,26,26,26,26,26,26,46,43,24,24,1,21,0],"gold":127,"neow_bonus":"ONE_RARE_RELIC","is_prod":false,"is_daily":false,"chose_seed":false,"campfire_upgraded":2,"win_rate":0,"timestamp":1544926438,"path_taken":["M","M","?","?","M","R","?","E","T","M","R","?","?","?","R","BOSS","M","$","?","?","?","E","R","?","T","?","?","R","?","?","R","BOSS","M","?","?","M","$","E","?","?","T","R","M","E","?","E","R","BOSS"],"build_version":"2018-12-13","purchased_purges":0,"victory":false,"max_hp_per_floor":[71,71,71,71,71,71,71,71,71,71,71,71,71,71,71,71,71,71,71,71,71,71,71,71,71,71,71,71,71,71,71,71,71,71,71,67,67,67,67,67,67,67,67,67,67,67,67,67,67,67],"card_choices":[{"not_picked":["Undo","Rebound"],"picked":"Compile Driver","floor":1.0},{"not_picked":["Rebound","Reprogram"],"picked":"Beam Cell","floor":2.0},{"not_picked":["Redo","Compile Driver"],"picked":"Defragment","floor":4.0},{"not_picked":["Stack","Rip and Tear"],"picked":"Leap","floor":5.0},{"not_picked":["Stack","Coolheaded"],"picked":"Echo Form","floor":8.0},{"not_picked":["Storm","Stack"],"picked":"Compile Driver","floor":10.0},{"not_picked":["Biased Cognition","Machine Learning"],"picked":"Electrodynamics","floor":16.0},{"not_picked":["Cold Snap+1","Stack"],"picked":"Coolheaded+1","floor":18.0},{"not_picked":["Scrape","Conserve Battery"],"picked":"Meteor Strike","floor":21.0},{"not_picked":["Streamline","Ball Lightning"],"picked":"Seek","floor":23.0},{"not_picked":["Conserve Battery","Rip and Tear"],"picked":"Hologram+1","floor":25.0},{"not_picked":["Meteor Strike","Echo Form"],"picked":"Creative AI","floor":33.0},{"not_picked":["Sunder","Storm+1"],"picked":"Defragment","floor":35.0},{"not_picked":["Reprogram","Sweeping Beam+1"],"picked":"Stack","floor":38.0},{"not_picked":["Steam","Reboot"],"picked":"Turbo","floor":40.0},{"not_picked":["Beam Cell+1","Steam","Gash"],"picked":"SKIP","floor":45.0},{"not_picked":["Redo+1","Chaos"],"picked":"Amplify","floor":46},{"not_picked":["Secret Weapon","Madness"],"picked":"Dark Shackles","floor":47},{"not_picked":["Fusion","Doom and Gloom"],"picked":"Meteor Strike","floor":48}],"player_experience":1154936,"relics_obtained":[{"floor":8.0,"key":"Whetstone"},{"floor":9.0,"key":"MawBank"},{"floor":23.0,"key":"Art of War"},{"floor":26.0,"key":"Juzu Bracelet"},{"floor":27.0,"key":"StoneCalendar"},{"floor":27.0,"key":"Dodecahedron"},{"floor":40.0,"key":"Kunai"},{"floor":40.0,"key":"Oddly Smooth Stone"},{"floor":46,"key":"Gremlin Horn"},{"floor":46,"key":"Happy Flower"},{"floor":48,"key":"Molten Egg 2"},{"floor":48,"key":"Ancient Tea Set"}],"event_choices":[{"damage_healed":0.0,"max_hp_gain":0.0,"max_hp_loss":0.0,"gold_gain":0.0,"event_name":"Wheel of Change","player_choice":"Cursed","floor":3.0,"gold_loss":0.0,"damage_taken":0.0,"cards_obtained":["Decay"]},{"damage_healed":23.0,"max_hp_gain":0.0,"max_hp_loss":0.0,"gold_gain":0.0,"event_name":"Big Fish","player_choice":"Banana","floor":7.0,"gold_loss":0.0,"damage_taken":0.0},{"cards_removed":["Decay"],"damage_healed":0.0,"max_hp_gain":0.0,"max_hp_loss":0.0,"gold_gain":0.0,"event_name":"Golden Wing","player_choice":"Card Removal","floor":12.0,"gold_loss":0.0,"damage_taken":7.0},{"cards_removed":["Strike_B"],"damage_healed":0.0,"max_hp_gain":0.0,"max_hp_loss":0.0,"gold_gain":0.0,"event_name":"The Cleric","player_choice":"Card Removal","floor":13.0,"gold_loss":75.0,"damage_taken":0.0},{"damage_healed":0.0,"max_hp_gain":0.0,"max_hp_loss":0.0,"gold_gain":0.0,"event_name":"Duplicator","player_choice":"Copied","floor":20.0,"gold_loss":0.0,"damage_taken":0.0,"cards_obtained":["Defragment"]},{"damage_healed":0.0,"max_hp_gain":0.0,"max_hp_loss":0.0,"gold_gain":0.0,"event_name":"N\u0027loth","player_choice":"Traded Relic","floor":22.0,"relics_lost":["MawBank"],"gold_loss":0.0,"damage_taken":0.0,"relics_obtained":["Nloth\u0027s Gift"]},{"damage_healed":0.0,"max_hp_gain":0.0,"max_hp_loss":0.0,"gold_gain":0.0,"event_name":"Colosseum","player_choice":"Fight","floor":27.0,"gold_loss":0.0,"damage_taken":0.0},{"damage_healed":0.0,"max_hp_gain":0.0,"max_hp_loss":0.0,"gold_gain":0.0,"event_name":"Colosseum","player_choice":"Fought Nobs","floor":27.0,"gold_loss":0.0,"damage_taken":0.0},{"damage_healed":0.0,"max_hp_gain":0.0,"max_hp_loss":0.0,"gold_gain":0.0,"cards_transformed":["Strike_B","Beam Cell"],"event_name":"Drug Dealer","player_choice":"Became Test Subject","floor":28.0,"gold_loss":0.0,"damage_taken":0.0,"cards_obtained":["Go for the Eyes","Static Discharge"]},{"cards_removed":["Strike_B"],"damage_healed":0.0,"max_hp_gain":0.0,"max_hp_loss":0.0,"gold_gain":0.0,"event_name":"Beggar","player_choice":"Gave Gold","floor":30.0,"gold_loss":75.0,"damage_taken":0.0},{"damage_healed":0.0,"max_hp_gain":0.0,"max_hp_loss":0.0,"gold_gain":0.0,"event_name":"The Mausoleum","player_choice":"Ignored","floor":31.0,"gold_loss":0.0,"damage_taken":0.0},{"damage_healed":0.0,"max_hp_gain":0.0,"max_hp_loss":4.0,"gold_gain":0.0,"event_name":"Winding Halls","player_choice":"Max HP","floor":36.0,"gold_loss":0.0,"damage_taken":0.0},{"damage_healed":0.0,"max_hp_gain":0.0,"max_hp_loss":0.0,"gold_gain":0.0,"event_name":"Mysterious Sphere","player_choice":"Ignored","floor":37.0,"gold_loss":0.0,"damage_taken":0.0},{"damage_healed":0.0,"max_hp_gain":0.0,"max_hp_loss":0.0,"gold_gain":0.0,"event_name":"Upgrade Shrine","player_choice":"Upgraded","floor":41.0,"gold_loss":0.0,"damage_taken":0.0,"cards_upgraded":["Capacitor"]},{"damage_healed":0.0,"max_hp_gain":0.0,"max_hp_loss":0.0,"gold_gain":0.0,"event_name":"Tomb of Lord Red Mask","player_choice":"Paid","floor":42.0,"gold_loss":69.0,"damage_taken":0.0,"relics_obtained":["Red Mask"]},{"damage_healed":0,"gold_gain":0,"player_choice":"Memory 1","damage_taken":0,"max_hp_gain":0,"max_hp_loss":0,"event_name":"SensoryStone","floor":47,"gold_loss":0}],"is_beta":true,"boss_relics":[{"not_picked":["Sozu","Orrery"],"picked":"Nuclear Battery"},{"not_picked":["Lizard Tail","FrozenCore"],"picked":"Black Star"}],"items_purged_floors":[],"is_endless":false,"potions_floor_spawned":[4,8,10,18,23,25,33,38,40],"killed_by":"Donu and Deca","ascension_level":20}