{"path_per_floor":["M","M","M","$","M","R","M","M","T","M","E","?","?","M","R","B",null,"M","M","$","M","M","R","E","R","T","M","?","R","E","?","R","B",null,"M","?","M","$","?","R","M","M","T","M","R","?","M","M","R"],"character_chosen":"IRONCLAD","items_purchased":["Feed","Dual Wield","Flex","Bag of Preparation","Apotheosis","Mind Blast"],"gold_per_floor":[216,226,239,9,28,28,45,59,59,72,105,105,129,149,149,252,252,266,282,63,74,93,93,124,124,124,143,143,143,174,174,174,274,304,318,318,330,44,44,44,59,78,78,91,91,91,101,114,114,114],"floor_reached":50,"campfire_rested":1,"playtime":2343,"current_hp_per_floor":[80,80,80,80,83,83,70,71,71,91,67,67,90,82,82,95,95,99,93,93,81,87,97,107,107,107,107,91,101,99,99,109,24,119,119,119,116,116,104,116,105,82,82,83,97,97,97,75,128,0],"items_purged":["Defend_R"],"gold":114,"score":565,"play_id":"9e166bb3-7894-4573-867b-ece666014ad7","local_time":"20180325211053","is_prod":false,"is_daily":false,"is_ascension_mode":false,"campfire_upgraded":4,"timestamp":1522026653,"path_taken":["M","M","M","$","M","R","M","M","T","M","E","?","?","M","R","BOSS","M","M","?","M","M","R","E","R","T","?","?","R","E","?","R","BOSS","M","?","M","$","?","R","M","M","T","M","R","?","M","M","R","BOSS"],"build_version":"2018-03-25","purchased_purges":1,"victory":false,"master_deck":["Strike_R","Strike_R","Defend_R","Defend_R","Defend_R","Twin Strike+1","Flex","Clash","Feed+1","Dual Wield+1","Flex","Shrug It Off","Rampage+1","Reaper","Shrug It Off","Spot Weakness","Headbutt","Headbutt","Thunderclap","Demon Form+1","Flex+1","Spot Weakness","Sword Boomerang+1","Bloodletting+1","Whirlwind","Feed","Heavy Blade","Headbutt+1","Good Instincts","Battle Trance","Apotheosis","Mind Blast","Corruption+1","Battle Trance","Rampage+1","Seeing Red"],"max_hp_per_floor":[80,80,80,80,83,83,83,87,87,91,91,91,95,95,95,95,95,99,103,103,103,103,103,107,107,107,107,107,107,114,114,114,114,119,123,123,123,123,123,123,127,131,131,131,131,131,131,131,131,131],"relics":["Burning Blood","Magic Flower","Ginger","Odd Mushroom","Eternal Feather","Bag of Preparation","Sundial","Peace Pipe","Nilry\u0027s Codex","Self Forming Clay","Tiny House","Ice Cream"],"card_choices":[{"not_picked":["Burning Pact","Intimidate"],"picked":"Twin Strike","floor":1},{"not_picked":["Dropkick","Clothesline"],"picked":"Flex","floor":2},{"not_picked":["Bloodletting","Corruption"],"picked":"Clash","floor":3},{"not_picked":["Anger","Clothesline"],"picked":"Shrug It Off","floor":5},{"not_picked":["True Grit","Disarm"],"picked":"Rampage","floor":7},{"not_picked":["Entrench","Thunderclap"],"picked":"Reaper","floor":8},{"not_picked":["Carnage","Blood for Blood"],"picked":"Shrug It Off","floor":10},{"not_picked":["True Grit","Blood for Blood"],"picked":"Spot Weakness","floor":11},{"not_picked":["Disarm","Sever Soul"],"picked":"Headbutt","floor":13},{"not_picked":["Carnage","Clothesline"],"picked":"Thunderclap","floor":14},{"not_picked":["Impervious","Limit Break"],"picked":"Demon Form","floor":16},{"not_picked":["Iron Wave","Perfected Strike"],"picked":"Flex","floor":18},{"not_picked":["Perfected Strike","Body Slam"],"picked":"Spot Weakness","floor":19},{"not_picked":["Clash","Iron Wave"],"picked":"Sword Boomerang","floor":24},{"not_picked":["Shockwave","Sword Boomerang"],"picked":"Bloodletting","floor":27},{"not_picked":["Twin Strike","Bloodletting"],"picked":"Whirlwind","floor":30},{"not_picked":["Brutality","Demon Form"],"picked":"Feed","floor":33},{"not_picked":["Twin Strike","Flex"],"picked":"Heavy Blade","floor":34},{"not_picked":["Thunderclap","Demon Form"],"picked":"Headbutt","floor":35},{"not_picked":["Iron Wave","Burning Pact"],"picked":"Battle Trance","floor":37},{"not_picked":["Twin Strike","Dropkick"],"picked":"Corruption","floor":41},{"not_picked":["Perfected Strike","Sword Boomerang"],"picked":"Battle Trance","floor":44},{"not_picked":["Battle Trance","Perfected Strike"],"picked":"Rampage","floor":47},{"not_picked":["Spot Weakness","Feed"],"picked":"Seeing Red","floor":48}],"player_experience":7433,"potions_floor_usage":[8,11,13,19,21,24,30,33,37,50],"damage_taken":[{"damage":2,"enemies":"Small Slimes","floor":1,"turns":5},{"damage":1,"enemies":"Cultist","floor":2,"turns":4},{"damage":0,"enemies":"2 Louse","floor":3,"turns":3},{"damage":2,"enemies":"Blue Slaver","floor":5,"turns":2},{"damage":19,"enemies":"2 Fungi Beasts","floor":7,"turns":4},{"damage":9,"enemies":"Gremlin Gang","floor":8,"turns":4},{"damage":0,"enemies":"Lots of Slimes","floor":10,"turns":4},{"damage":42,"enemies":"Lagavulin","floor":11,"turns":8},{"damage":15,"enemies":"The Mushroom Lair","floor":13,"turns":4},{"damage":28,"enemies":"Exordium Wildlife","floor":14,"turns":6},{"damage":12,"enemies":"Slime Boss","floor":16,"turns":6},{"damage":10,"enemies":"Chosen","floor":18,"turns":4},{"damage":21,"enemies":"Shell Parasite","floor":19,"turns":5},{"damage":29,"enemies":"3 Cultists","floor":21,"turns":5},{"damage":15,"enemies":"Snecko","floor":22,"turns":5},{"damage":62,"enemies":"Gremlin Leader","floor":24,"turns":7},{"damage":0,"enemies":"Cultist and Chosen","floor":27,"turns":3},{"damage":47,"enemies":"Slavers","floor":30,"turns":5},{"damage":94,"enemies":"Automaton","floor":33,"turns":7},{"damage":15,"enemies":"3 Shapes","floor":35,"turns":4},{"damage":12,"enemies":"Orb Walker","floor":37,"turns":3},{"damage":26,"enemies":"4 Shapes","floor":41,"turns":4},{"damage":38,"enemies":"Sphere and 2 Shapes","floor":42,"turns":6},{"damage":35,"enemies":"3 Darklings","floor":44,"turns":7},{"damage":43,"enemies":"Flame Bruiser 2 Orb","floor":47,"turns":6},{"damage":31,"enemies":"Sphere and 2 Shapes","floor":48,"turns":5},{"damage":140,"enemies":"Donu and Deca","floor":50,"turns":8}],"event_choices":[{"event_name":"Match and Keep!","player_choice":"1 cards matched","floor":12,"damage_taken":0},{"event_name":"Mushrooms","player_choice":"Fought Mushrooms","floor":13,"damage_taken":0},{"event_name":"Cursed Tome","player_choice":"Obtained Book","floor":28,"damage_taken":0},{"event_name":"Transmorgrifier","player_choice":"Transform","floor":31,"damage_taken":0},{"event_name":"Match and Keep!","player_choice":"1 cards matched","floor":36,"damage_taken":0},{"event_name":"Wheel of Change","player_choice":"Damage","floor":39,"damage_taken":0},{"event_name":"SecretPortal","player_choice":"Rejected Portal.","floor":46,"damage_taken":0}],"boss_relics":[{"not_picked":["Astrolabe","Lizard Tail"],"picked":"Eternal Feather"},{"not_picked":["Runic Pyramid","White Beast Statue"],"picked":"Tiny House"}],"potions_floor_spawned":[1,7,8,11,14,18,24,30,35],"seed_played":"3425677188980244531","killed_by":"Donu and Deca","ascension_level":0,"is_trial":false}