{"gold_per_floor":[12,29,75,94,94,94,106,106,106,106,106,141,153,185,197,304,316,346,368,380,412,440,452,481,493,505,532,544],"floor_reached":28,"playtime":1404,"items_purged":[],"score":222,"play_id":"b614471f-fe54-4ad4-81ac-3bb04a3c9c0b","local_time":"20181230195106","is_ascension_mode":false,"campfire_choices":[{"data":"Creative AI","floor":6,"key":"SMITH"},{"data":"Zap","floor":8,"key":"SMITH"},{"data":"Dualcast","floor":10,"key":"SMITH"},{"data":"Undo","floor":13,"key":"SMITH"},{"floor":15,"key":"REST"},{"data":"Biased Cognition","floor":23,"key":"SMITH"}],"neow_cost":"NO_GOLD","seed_source_timestamp":17305829888510,"circlet_count":0,"master_deck":["Strike_B","Strike_B","Strike_B","Strike_B","Defend_B","Defend_B","Defend_B","Defend_B","Zap+1","Dualcast+1","Coolheaded+1","Creative AI+1","Ball Lightning+1","Cold Snap","Undo+1","Skim","Biased Cognition+1","Conserve Battery+1","Self Repair+1","Self Repair+1","Consume","Undo","Glacier","Glacier"],"relics":["Cracked Core","Art of War","Bottled Lightning","MawBank","Philosopher\u0027s Stone","Symbiotic Virus"],"potions_floor_usage":[14,21,28,28,28,28],"damage_taken":[{"damage":1,"enemies":"Cultist","floor":1,"turns":3},{"damage":0,"enemies":"2 Louse","floor":2,"turns":4},{"damage":0,"enemies":"Jaw Worm","floor":4,"turns":4},{"damage":6,"enemies":"Looter","floor":7,"turns":3},{"damage":6,"enemies":"3 Sentries","floor":12,"turns":6},{"damage":0,"enemies":"Lots of Slimes","floor":14,"turns":1},{"damage":25,"enemies":"The Guardian","floor":16,"turns":14},{"damage":0,"enemies":"Chosen","floor":18,"turns":4},{"damage":14,"enemies":"3 Byrds","floor":19,"turns":4},{"damage":6,"enemies":"Snecko","floor":21,"turns":7},{"damage":21,"enemies":"Shelled Parasite and Fungi","floor":22,"turns":7},{"damage":9,"enemies":"Centurion and Healer","floor":24,"turns":9},{"damage":1,"enemies":"Chosen and Byrds","floor":27,"turns":6},{"damage":114,"enemies":"Gremlin Leader","floor":28,"turns":13}],"seed_played":"5311820655413998522","potions_obtained":[{"floor":7,"key":"Regen Potion"},{"floor":12,"key":"Explosive Potion"},{"floor":16,"key":"EntropicBrew"},{"floor":19,"key":"Regen Potion"},{"floor":22,"key":"SteroidPotion"}],"is_trial":false,"path_per_floor":["M","M","T","M","?","R","M","R","T","R","T","E","R","M","R","B",null,"M","M","?","M","M","R","M","?","T","M","E"],"character_chosen":"DEFECT","items_purchased":[],"campfire_rested":1,"item_purchase_floors":[],"current_hp_per_floor":[88,88,88,88,70,70,64,64,64,64,64,58,58,58,84,59,89,89,75,75,89,88,88,89,89,89,89,0],"gold":544,"neow_bonus":"TWENTY_PERCENT_HP_BONUS","is_prod":false,"is_daily":false,"chose_seed":false,"campfire_upgraded":5,"win_rate":0,"timestamp":1546217466,"path_taken":["M","M","?","M","?","R","M","R","T","R","?","E","R","M","R","BOSS","M","M","?","M","M","R","?","?","T","M","E"],"build_version":"2018-12-25","purchased_purges":0,"victory":false,"max_hp_per_floor":[89,89,89,89,89,89,89,89,89,89,89,89,89,89,89,89,89,89,89,89,89,89,89,89,89,89,89,89],"card_choices":[{"not_picked":["Gash","Steam"],"picked":"Coolheaded","floor":1},{"not_picked":["Ball Lightning","Gash"],"picked":"Creative AI","floor":2},{"not_picked":["Double Energy","Melter"],"picked":"Ball Lightning","floor":4},{"not_picked":["Turbo","Gash"],"picked":"Cold Snap","floor":7},{"not_picked":["Barrage","Sweeping Beam"],"picked":"Undo","floor":12},{"not_picked":["Hello World","Leap"],"picked":"Skim","floor":14},{"not_picked":["Rainbow","Fission"],"picked":"Biased Cognition","floor":16},{"not_picked":["Barrage","Stack"],"picked":"Conserve Battery+1","floor":18},{"not_picked":["Storm","Hello World"],"picked":"Self Repair+1","floor":19},{"not_picked":["Gash","Turbo"],"picked":"Consume","floor":21},{"not_picked":["Barrage+1","Beam Cell+1","Ball Lightning+1"],"picked":"SKIP","floor":22},{"not_picked":["Sweeping Beam+1","Cold Snap"],"picked":"Undo","floor":24},{"not_picked":["Aggregate","Gash"],"picked":"Glacier","floor":27}],"player_experience":1092169,"relics_obtained":[{"floor":3,"key":"Art of War"},{"floor":11,"key":"Bottled Lightning"},{"floor":12,"key":"MawBank"},{"floor":26,"key":"Symbiotic Virus"}],"event_choices":[{"damage_healed":0,"gold_gain":0,"player_choice":"Entered Light","damage_taken":18,"max_hp_gain":0,"max_hp_loss":0,"event_name":"Shining Light","floor":5,"gold_loss":0,"cards_upgraded":["Ball Lightning","Coolheaded"]},{"damage_healed":0,"gold_gain":0,"player_choice":"Copied","damage_taken":0,"max_hp_gain":0,"max_hp_loss":0,"event_name":"Duplicator","floor":20,"gold_loss":0,"cards_obtained":["Self Repair"]},{"damage_healed":0,"gold_gain":0,"player_choice":"Read","damage_taken":0,"max_hp_gain":0,"max_hp_loss":0,"event_name":"The Library","floor":25,"gold_loss":0,"cards_obtained":["Glacier"]}],"is_beta":true,"boss_relics":[{"not_picked":["Nuclear Battery","Empty Cage"],"picked":"Philosopher\u0027s Stone"}],"items_purged_floors":[],"is_endless":false,"potions_floor_spawned":[7,12,16,19,22,27],"killed_by":"Gremlin Leader","ascension_level":0}