{"gold_per_floor":[113,126,136,154,229,229,254,254,254,254,283,283,283,314,314,389,389,402,80,97,108,108,108,128,128,154,165,200,59,78,104,104,181,181,193,16,29,0,0,0],"floor_reached":40,"playtime":2669,"items_purged":["Strike_G","Strike_G"],"score":963,"play_id":"ef2106f1-2399-4ace-b494-de1e0f09e018","local_time":"20190122211350","is_ascension_mode":true,"campfire_choices":[{"data":"Noxious Fumes","floor":6.0,"key":"SMITH"},{"data":"Dagger Spray","floor":8.0,"key":"SMITH"},{"floor":10.0,"key":"REST"},{"floor":15.0,"key":"REST"},{"data":"Wraith Form v2","floor":23.0,"key":"SMITH"},{"floor":25.0,"key":"REST"},{"floor":32.0,"key":"REST"}],"neow_cost":"NONE","seed_source_timestamp":515903033673706,"circlet_count":0,"master_deck":["AscendersBane","Defend_G","Defend_G","Defend_G","Defend_G","Defend_G+1","Strike_G","Survivor","Neutralize","Deadly Poison+1","Noxious Fumes+1","Poisoned Stab","Dagger Spray+1","PiercingWail","Wraith Form v2+1","Adrenaline","Well Laid Plans","PiercingWail","Wraith Form v2","PiercingWail","Noxious Fumes","Catalyst","Malaise","PiercingWail"],"special_seed":0,"relics":["Ring of the Snake","Ancient Tea Set","Ninja Scroll","Unceasing Top","PreservedInsect","Sozu","War Paint","Snake Skull","The Courier","Potion Belt","Black Star","TwistedFunnel","Red Mask"],"potions_floor_usage":[],"damage_taken":[{"damage":0.0,"enemies":"Jaw Worm","floor":1.0,"turns":8.0},{"damage":2.0,"enemies":"Small Slimes","floor":2.0,"turns":5.0},{"damage":1.0,"enemies":"Cultist","floor":3.0,"turns":4.0},{"damage":7.0,"enemies":"Looter","floor":4.0,"turns":5.0},{"damage":24.0,"enemies":"3 Sentries","floor":7.0,"turns":6.0},{"damage":17.0,"enemies":"Gremlin Nob","floor":11.0,"turns":4.0},{"damage":14.0,"enemies":"3 Sentries","floor":14.0,"turns":6.0},{"damage":8.0,"enemies":"The Guardian","floor":16.0,"turns":9.0},{"damage":3.0,"enemies":"3 Byrds","floor":18.0,"turns":5.0},{"damage":9.0,"enemies":"2 Thieves","floor":20.0,"turns":4.0},{"damage":15.0,"enemies":"Chosen and Byrds","floor":21.0,"turns":7.0},{"damage":2.0,"enemies":"Sentry and Sphere","floor":24.0,"turns":5.0},{"damage":0.0,"enemies":"Shelled Parasite and Fungi","floor":27.0,"turns":5.0},{"damage":1.0,"enemies":"Book of Stabbing","floor":28.0,"turns":5.0},{"damage":5.0,"enemies":"Centurion and Healer","floor":30.0,"turns":6.0},{"damage":15.0,"enemies":"Slavers","floor":31.0,"turns":7.0},{"damage":25.0,"enemies":"Champ","floor":33.0,"turns":13.0},{"damage":1.0,"enemies":"3 Shapes","floor":35.0,"turns":6.0},{"damage":0.0,"enemies":"Orb Walker","floor":37.0,"turns":3.0},{"damage":61,"enemies":"Reptomancer","floor":40,"turns":3}],"seed_played":"-5432557495309412583","potions_obtained":[{"floor":3.0,"key":"Weak Potion"},{"floor":4.0,"key":"SkillPotion"},{"floor":11.0,"key":"FearPotion"},{"floor":13.0,"key":"FearPotion"},{"floor":14.0,"key":"Fire Potion"}],"is_trial":false,"path_per_floor":["?","?","?","M","?","M","$","M","?","?"],"character_chosen":"THE_SILENT","items_purchased":["Well Laid Plans","War Paint","Noxious Fumes","TwistedFunnel"],"campfire_rested":4,"item_purchase_floors":[19,19,29,36],"current_hp_per_floor":[59,57,56,49,38,38,14,14,14,33,16,16,16,2,21,13,53,50,50,41,26,26,26,24,43,43,43,42,42,37,22,41,16,54,53,53,53,53,53,0],"gold":0,"neow_bonus":"REMOVE_CARD","is_prod":false,"is_daily":false,"chose_seed":false,"campfire_upgraded":3,"win_rate":0,"timestamp":1548220430,"path_taken":["M","M","M","M","?","R","E","R","T","R","E","?","?","E","R","BOSS","M","$","M","?","?","R","?","R","T","M","E","?","?","E","R","BOSS","M","$","M","?","?","E"],"build_version":"2019-01-22","purchased_purges":2,"victory":false,"max_hp_per_floor":[66,66,66,66,66,66,66,66,66,66,66,66,66,66,66,66,66,66,66,66,66,66,66,66,66,66,66,66,66,66,66,66,66,66,66,66,66,66,66,66],"card_choices":[{"not_picked":["Outmaneuver","Infinite Blades"],"picked":"Deadly Poison","floor":1.0},{"not_picked":["Blur","Cloak And Dagger"],"picked":"Noxious Fumes","floor":2.0},{"not_picked":["Slice","Outmaneuver"],"picked":"Poisoned Stab","floor":3.0},{"not_picked":["Deflect","Flying Knee"],"picked":"Dagger Spray","floor":4.0},{"not_picked":["Masterful Stab","Underhanded Strike","Acrobatics"],"picked":"SKIP","floor":7.0},{"not_picked":["Poisoned Stab","Escape Plan"],"picked":"PiercingWail","floor":11.0},{"not_picked":["Catalyst","Backstab"],"picked":"Wraith Form v2","floor":14.0},{"not_picked":["Bullet Time","Envenom"],"picked":"Adrenaline","floor":16.0},{"not_picked":["Setup","Eviscerate","Sucker Punch"],"picked":"SKIP","floor":18.0},{"not_picked":["Flying Knee","Cloak And Dagger"],"picked":"PiercingWail","floor":20.0},{"not_picked":["Dagger Throw+1","Infinite Blades","Underhanded Strike"],"picked":"SKIP","floor":21.0},{"not_picked":["Unload","Dash"],"picked":"PiercingWail","floor":24.0},{"not_picked":["Footwork","Poisoned Stab","Dagger Throw+1"],"picked":"SKIP","floor":27.0},{"not_picked":["Cloak And Dagger","Choke","A Thousand Cuts"],"picked":"SKIP","floor":28.0},{"not_picked":["Dagger Spray","Quick Slash","Dodge and Roll"],"picked":"SKIP","floor":30.0},{"not_picked":["Prepared","PiercingWail"],"picked":"Catalyst","floor":31.0},{"not_picked":["Phantasmal Killer","Burst"],"picked":"Malaise","floor":33.0},{"not_picked":["Bane+1","Sucker Punch"],"picked":"PiercingWail","floor":35.0},{"not_picked":["Slice+1","Concentrate","Heel Hook"],"picked":"SKIP","floor":37.0}],"player_experience":1284248,"relics_obtained":[{"floor":7.0,"key":"Ancient Tea Set"},{"floor":9.0,"key":"Ninja Scroll"},{"floor":11.0,"key":"Unceasing Top"},{"floor":14.0,"key":"PreservedInsect"},{"floor":26.0,"key":"Snake Skull"},{"floor":28.0,"key":"The Courier"},{"floor":31.0,"key":"Potion Belt"}],"event_choices":[{"damage_healed":0.0,"max_hp_gain":0.0,"max_hp_loss":0.0,"gold_gain":75.0,"event_name":"World of Goop","player_choice":"Gather Gold","floor":5.0,"gold_loss":0.0,"damage_taken":11.0},{"cards_removed":["Strike_G"],"damage_healed":0.0,"max_hp_gain":0.0,"max_hp_loss":0.0,"gold_gain":0.0,"event_name":"Living Wall","player_choice":"Forget","floor":12.0,"gold_loss":0.0,"damage_taken":0.0},{"damage_healed":0.0,"max_hp_gain":0.0,"max_hp_loss":0.0,"gold_gain":0.0,"event_name":"Lab","player_choice":"Got Potions","floor":13.0,"gold_loss":0.0,"damage_taken":0.0},{"damage_healed":0.0,"max_hp_gain":0.0,"max_hp_loss":0.0,"gold_gain":0.0,"event_name":"Duplicator","player_choice":"Copied","floor":22.0,"gold_loss":0.0,"damage_taken":0.0,"cards_obtained":["Wraith Form v2"]},{"damage_healed":0.0,"max_hp_gain":0.0,"max_hp_loss":0.0,"gold_gain":0.0,"event_name":"Tomb of Lord Red Mask","player_choice":"Paid","floor":38.0,"gold_loss":29.0,"damage_taken":0.0,"relics_obtained":["Red Mask"]},{"damage_healed":0,"gold_gain":0,"player_choice":"Ignored","damage_taken":0,"max_hp_gain":0,"max_hp_loss":0,"event_name":"Mysterious Sphere","floor":39,"gold_loss":0}],"is_beta":true,"boss_relics":[{"not_picked":["Ectoplasm","HoveringKite"],"picked":"Sozu"},{"not_picked":["Calling Bell","White Beast Statue"],"picked":"Black Star"}],"items_purged_floors":[19,29],"is_endless":false,"potions_floor_spawned":[3,4,11,14,18,20,21,31,33,35],"killed_by":"Reptomancer","ascension_level":20}