{"gold_per_floor":[119,119,119,132,155,155,186,207,277,316,262,280,280,580,580,710,710,728,742,667,692,692,692,692,692,692,710,710,748,748,762,762,887,887,906,930,930,948,967,967],"floor_reached":40,"playtime":1860,"items_purged":[],"score":439,"play_id":"3b549c78-0c0e-406e-a376-836c11ca1600","local_time":"20190104212428","is_ascension_mode":true,"campfire_choices":[{"data":"Shockwave","floor":6,"key":"SMITH"},{"data":"Armaments","floor":13,"key":"SMITH"},{"floor":15,"key":"REST"},{"data":"Rampage","floor":23,"key":"SMITH"},{"data":"Fiend Fire","floor":25,"key":"SMITH"},{"data":"Feel No Pain","floor":28,"key":"SMITH"},{"data":"Pommel Strike","floor":32,"key":"SMITH"}],"neow_cost":"NONE","seed_source_timestamp":0,"circlet_count":0,"master_deck":["Bash","Shockwave+1","Iron Wave","Anger","Clothesline","Battle Trance","Armaments+1","Fiend Fire+1","Rampage+1","Entrench+1","Good Instincts+1","Feel No Pain+1","Pommel Strike+1","Juggernaut","Spot Weakness","Whirlwind","Bloodletting","Cleave","Hemokinesis","Inflame","Iron Wave","Iron Wave+1","Sword Boomerang+1","Burning Pact"],"special_seed":0,"relics":["Burning Blood","NeowsBlessing","Golden Idol","Singing Bowl","Vajra","Gremlin Horn","Bag of Marbles","Old Coin","Velvet Choker","Oddly Smooth Stone","War Paint","Nilry\u0027s Codex","Pandora\u0027s Box"],"potions_floor_usage":[16,27,33,33,40],"damage_taken":[{"damage":0,"enemies":"Jaw Worm","floor":1,"turns":1},{"damage":0,"enemies":"Small Slimes","floor":4,"turns":1},{"damage":0,"enemies":"Cultist","floor":5,"turns":1},{"damage":25,"enemies":"Lagavulin","floor":7,"turns":7},{"damage":10,"enemies":"Large Slime","floor":8,"turns":3},{"damage":22,"enemies":"3 Sentries","floor":10,"turns":7},{"damage":0,"enemies":"3 Louse","floor":12,"turns":2},{"damage":26,"enemies":"Hexaghost","floor":16,"turns":10},{"damage":0,"enemies":"3 Byrds","floor":18,"turns":4},{"damage":0,"enemies":"Chosen","floor":19,"turns":3},{"damage":2,"enemies":"Centurion and Healer","floor":21,"turns":5},{"damage":6,"enemies":"Shelled Parasite and Fungi","floor":27,"turns":5},{"damage":12,"enemies":"Gremlin Leader","floor":29,"turns":9},{"damage":6,"enemies":"Snecko","floor":31,"turns":4},{"damage":42,"enemies":"Automaton","floor":33,"turns":12},{"damage":4,"enemies":"Orb Walker","floor":35,"turns":3},{"damage":7,"enemies":"3 Shapes","floor":36,"turns":4},{"damage":4,"enemies":"Transient","floor":38,"turns":5},{"damage":31,"enemies":"Spire Growth","floor":39,"turns":5},{"damage":61,"enemies":"Reptomancer","floor":40,"turns":2}],"seed_played":"-713824109407217103","potions_obtained":[{"floor":4,"key":"EntropicBrew"},{"floor":7,"key":"Ancient Potion"},{"floor":12,"key":"AttackPotion"},{"floor":16,"key":"SteroidPotion"},{"floor":39,"key":"Strength Potion"}],"is_trial":false,"path_per_floor":["M","?","T","M","M","R","E","M","T","E","$","M","R","?","R","B",null,"M","M","?","M","?","R","?","R","T","M","R","E","?","M","R","B",null,"M","M","?","M","M","E"],"character_chosen":"IRONCLAD","items_purchased":["Armaments"],"campfire_rested":1,"item_purchase_floors":[11],"current_hp_per_floor":[80,74,74,74,74,74,55,53,53,37,37,45,45,33,56,36,78,78,78,78,80,80,80,80,80,80,80,80,76,60,60,60,24,82,84,83,83,84,59,0],"gold":967,"neow_bonus":"THREE_ENEMY_KILL","is_prod":false,"is_daily":false,"chose_seed":false,"campfire_upgraded":6,"win_rate":0,"timestamp":1546655068,"path_taken":["M","?","?","M","M","R","E","M","T","E","$","M","R","?","R","BOSS","M","M","?","M","?","R","?","R","T","?","R","E","?","M","R","BOSS","M","M","?","M","?","E"],"build_version":"2019-01-03v4","purchased_purges":0,"victory":false,"max_hp_per_floor":[80,74,74,74,74,74,74,76,76,76,76,78,78,78,78,78,78,78,78,78,80,80,80,80,80,80,80,80,82,82,82,82,82,82,84,84,84,84,84,84],"card_choices":[{"not_picked":["Armaments","Shrug It Off"],"picked":"Shockwave","floor":1},{"not_picked":["Reckless Charge","Power Through"],"picked":"Iron Wave","floor":4},{"not_picked":["Seeing Red","Clash"],"picked":"Anger","floor":5},{"not_picked":["Flex","Sword Boomerang"],"picked":"Clothesline","floor":7},{"not_picked":["Body Slam","Infernal Blade","Anger"],"picked":"Singing Bowl","floor":8},{"not_picked":["Iron Wave","Armaments"],"picked":"Battle Trance","floor":10},{"not_picked":["Headbutt","Hemokinesis","Cleave"],"picked":"Singing Bowl","floor":12},{"not_picked":["Barricade","Impervious"],"picked":"Fiend Fire","floor":16},{"not_picked":["Armaments","Body Slam"],"picked":"Rampage","floor":18},{"not_picked":["Body Slam","Cleave"],"picked":"Entrench+1","floor":19},{"not_picked":["Dual Wield","Wild Strike","Power Through"],"picked":"Singing Bowl","floor":21},{"not_picked":["Fire Breathing+1","Body Slam"],"picked":"Feel No Pain","floor":27},{"not_picked":["Cleave","Hemokinesis","Reckless Charge"],"picked":"Singing Bowl","floor":29},{"not_picked":["Armaments","Heavy Blade"],"picked":"Pommel Strike","floor":31},{"not_picked":["Bludgeon","Berserk"],"picked":"Juggernaut","floor":33},{"not_picked":["Ghostly Armor","Sword Boomerang","Rupture"],"picked":"Singing Bowl","floor":35},{"not_picked":["Warcry","Second Wind+1"],"picked":"Iron Wave+1","floor":36},{"not_picked":["Sentinel","Warcry"],"picked":"Sword Boomerang+1","floor":38},{"not_picked":["Body Slam+1","Reckless Charge+1"],"picked":"Burning Pact","floor":39}],"player_experience":1163715,"relics_obtained":[{"floor":3,"key":"Singing Bowl"},{"floor":7,"key":"Vajra"},{"floor":9,"key":"Gremlin Horn"},{"floor":10,"key":"Bag of Marbles"},{"floor":26,"key":"Oddly Smooth Stone"},{"floor":29,"key":"War Paint"},{"floor":30,"key":"Nilry\u0027s Codex"}],"event_choices":[{"damage_healed":0,"gold_gain":0,"player_choice":"Lose Max HP","damage_taken":0,"relics_obtained":["Golden Idol"],"max_hp_gain":0,"max_hp_loss":6,"event_name":"Golden Idol","floor":2,"gold_loss":0},{"damage_healed":0,"gold_gain":0,"player_choice":"Success","damage_taken":12,"relics_obtained":["Old Coin"],"max_hp_gain":0,"max_hp_loss":0,"event_name":"Scrap Ooze","floor":14,"gold_loss":0},{"cards_removed":["Strike_R"],"damage_healed":0,"gold_gain":0,"player_choice":"Gave Gold","damage_taken":0,"max_hp_gain":0,"max_hp_loss":0,"event_name":"Beggar","floor":20,"gold_loss":75},{"damage_healed":0,"gold_gain":0,"player_choice":"Ignored","damage_taken":0,"max_hp_gain":0,"max_hp_loss":0,"event_name":"Vampires","floor":22,"gold_loss":0},{"damage_healed":0,"gold_gain":0,"player_choice":"1 cards matched","damage_taken":0,"max_hp_gain":0,"max_hp_loss":0,"event_name":"Match and Keep!","floor":24,"gold_loss":0,"cards_obtained":["Good Instincts"]},{"damage_healed":0,"gold_gain":0,"player_choice":"Obtained Book","damage_taken":16,"max_hp_gain":0,"max_hp_loss":0,"event_name":"Cursed Tome","floor":30,"gold_loss":0},{"cards_removed":["Combust"],"damage_healed":0,"gold_gain":0,"player_choice":"Purged","damage_taken":0,"max_hp_gain":0,"max_hp_loss":0,"event_name":"Purifier","floor":37,"gold_loss":0}],"is_beta":true,"boss_relics":[{"not_picked":["Runic Pyramid","Black Star"],"picked":"Velvet Choker"},{"not_picked":["Tiny House","White Beast Statue"],"picked":"Pandora\u0027s Box"}],"items_purged_floors":[],"is_endless":false,"potions_floor_spawned":[4,7,12,16,19,39],"killed_by":"Reptomancer","ascension_level":1}