{"path_per_floor":["M","?","M","M","$","R","E","R","T","E","$","E","M","M","R","B",null,"M","$","?","M","M","R","T","R","T","E","M","M","R","$","R","B",null,"M","M","?","$","T","R","?","R","T","M","M","$","M","M","R","B"],"character_chosen":"IRONCLAD","items_purchased":["Gremlin Horn","Armaments","Happy Flower","Bandage Up","Headbutt","Seeing Red"],"gold_per_floor":[310,310,325,341,14,14,40,40,40,65,15,46,58,77,77,181,181,196,40,40,52,72,72,72,72,97,129,143,154,154,11,11,115,115,125,138,138,3,3,3,3,3,3,23,34,34,49,60,60,60],"floor_reached":51,"campfire_rested":3,"playtime":2628,"current_hp_per_floor":[76,76,77,80,80,80,51,51,51,29,29,16,14,20,44,10,80,67,67,67,62,64,64,70,70,76,67,61,53,53,53,80,35,110,110,110,110,110,116,116,116,116,122,122,122,122,97,103,122,89],"items_purged":["Defend_R","Doubt"],"gold":60,"score":862,"play_id":"381e1156-53a3-466e-bc82-2fd64d860c60","local_time":"20180311150137","is_prod":false,"is_daily":false,"is_ascension_mode":false,"campfire_upgraded":7,"timestamp":1520794897,"path_taken":["M","?","M","M","$","R","E","R","T","E","$","E","M","M","R","BOSS","M","$","?","?","M","R","?","R","T","E","M","M","R","$","R","BOSS","M","?","?","$","?","R","?","R","T","M","?","?","M","M","R","BOSS"],"build_version":"2018-03-09","purchased_purges":2,"victory":true,"master_deck":["Strike_R","Strike_R","Strike_R","Strike_R","Defend_R","Defend_R","Defend_R","Bash","Wild Strike+1","Shrug It Off+1","Spot Weakness","True Grit+1","Armaments+1","Shrug It Off","Battle Trance+1","Offering+1","Cleave","Thunderclap+1","Clumsy","Decay","Infernal Blade","Disarm+1","Bandage Up","Barricade+1","Parasite","Parasite","Warcry+1","Shrug It Off+1","Seeing Red+1","Injury","Decay","Body Slam","Headbutt+1","Body Slam+1","Exhume+1"],"max_hp_per_floor":[80,80,80,80,80,80,80,80,80,80,80,80,80,80,80,80,80,80,80,80,80,80,80,86,86,92,92,92,92,92,92,92,92,110,110,110,110,110,116,116,116,116,122,122,122,122,122,122,122,122],"relics":["Burning Blood","Old Coin","Gremlin Horn","Bronze Scales","Charon\u0027s Ashes","Bottled Flame","Darkstone Periapt","Cursed Key","Happy Flower","Blue Candle","Oddly Smooth Stone","Vajra","Calling Bell","Toolbox","Toxic Egg 2","Lantern","Du-Vu Doll","Ancient Tea Set"],"card_choices":[{"not_picked":["Headbutt","Barricade"],"picked":"Wild Strike"},{"not_picked":["Sentinel","Havoc"],"picked":"Shrug It Off"},{"not_picked":["Iron Wave","Perfected Strike"],"picked":"Spot Weakness"},{"not_picked":["Intimidate","Perfected Strike"],"picked":"True Grit"},{"not_picked":["Reckless Charge","Flame Barrier"],"picked":"Shrug It Off"},{"not_picked":["Flex","Double Tap"],"picked":"Battle Trance"},{"not_picked":["Dark Embrace","Berserk"],"picked":"Offering"},{"not_picked":["Intimidate","Headbutt"],"picked":"Cleave"},{"not_picked":["Juggernaut","Carnage"],"picked":"Armaments"},{"not_picked":["Inflame","Fire Breathing"],"picked":"Thunderclap"},{"not_picked":["Clash","Thunderclap"],"picked":"Infernal Blade"},{"not_picked":["Flame Barrier","Combust"],"picked":"Disarm"},{"not_picked":["Dark Embrace","Berserk"],"picked":"Barricade"},{"not_picked":["Clothesline","Body Slam"],"picked":"Warcry"},{"not_picked":["Burning Pact","Heavy Blade"],"picked":"Shrug It Off"},{"not_picked":["Iron Wave","Clothesline"],"picked":"Body Slam"},{"not_picked":["Cleave","Corruption"],"picked":"Headbutt"},{"not_picked":["Warcry","Armaments"],"picked":"Body Slam"},{"not_picked":["Evolve","Body Slam"],"picked":"Exhume"}],"player_experience":533028,"potions_floor_usage":[12,16,16,22,27,33,33,50,50],"damage_taken":[{"damage":10,"enemies":"Jaw Worm","floor":1,"turns":4},{"damage":5,"enemies":"Cultist","floor":3,"turns":4},{"damage":2,"enemies":"Small Slimes","floor":4,"turns":3},{"damage":35,"enemies":"Lagavulin","floor":7,"turns":6},{"damage":28,"enemies":"Gremlin Nob","floor":10,"turns":4},{"damage":19,"enemies":"Lagavulin","floor":12,"turns":5},{"damage":8,"enemies":"Exordium Thugs","floor":13,"turns":5},{"damage":0,"enemies":"Exordium Wildlife","floor":14,"turns":2},{"damage":40,"enemies":"Hexaghost","floor":16,"turns":9},{"damage":19,"enemies":"Spheric Guardian","floor":18,"turns":5},{"damage":11,"enemies":"Shell Parasite","floor":21,"turns":3},{"damage":4,"enemies":"3 Cultists","floor":22,"turns":4},{"damage":15,"enemies":"Slavers","floor":27,"turns":3},{"damage":12,"enemies":"Centurion and Healer","floor":28,"turns":4},{"damage":14,"enemies":"Snake Plant","floor":29,"turns":2},{"damage":55,"enemies":"Collector","floor":33,"turns":7},{"damage":2,"enemies":"Orb Walker","floor":35,"turns":3},{"damage":8,"enemies":"3 Darklings","floor":36,"turns":2},{"damage":0,"enemies":"Sphere and 2 Shapes","floor":44,"turns":3},{"damage":12,"enemies":"Maw","floor":45,"turns":6},{"damage":31,"enemies":"4 Shapes","floor":47,"turns":4},{"damage":4,"enemies":"Sphere and 2 Shapes","floor":48,"turns":4},{"damage":85,"enemies":"Donu and Deca","floor":50,"turns":9}],"event_choices":[{"event_name":"Purifier","player_choice":"One Purge","floor":2,"damage_taken":0},{"event_name":"Beggar","player_choice":"Ignored","floor":20,"damage_taken":0},{"event_name":"Bonfire Elementals","player_choice":"COMMON","floor":41,"damage_taken":0}],"boss_relics":[{"not_picked":["Astrolabe","Runic Pyramid"],"picked":"Cursed Key"},{"not_picked":["Orrery","Lizard Tail"],"picked":"Calling Bell"}],"potions_floor_spawned":[10,13,14,21,22,27,28,44,47],"seed_played":"6781882693545537745","ascension_level":0,"is_trial":false}