{"gold_per_floor":[112,132,132,97,110,144,156,156,180,180],"floor_reached":10,"playtime":294,"items_purged":[],"score":109,"play_id":"aad6269a-b91f-4b72-b804-bd96eb3a0090","local_time":"20181215212113","is_ascension_mode":true,"campfire_choices":[{"floor":8,"key":"REST"}],"neow_cost":"NONE","seed_source_timestamp":34358199451443,"circlet_count":0,"master_deck":["AscendersBane","Strike_R","Strike_R","Strike_R","Strike_R","Strike_R+1","Defend_R","Defend_R","Defend_R","Defend_R","Bash","Dark Embrace","Spot Weakness","Feel No Pain+1","Rampage","Reckless Charge","Sword Boomerang"],"relics":["Burning Blood","Omamori","Pen Nib"],"potions_floor_usage":[],"damage_taken":[{"damage":10,"enemies":"Small Slimes","floor":1,"turns":4},{"damage":18,"enemies":"Jaw Worm","floor":2,"turns":4},{"damage":10,"enemies":"2 Louse","floor":5,"turns":3},{"damage":36,"enemies":"Gremlin Nob","floor":6,"turns":4},{"damage":20,"enemies":"2 Fungi Beasts","floor":7,"turns":4},{"damage":36,"enemies":"The Mushroom Lair","floor":10,"turns":4}],"seed_played":"1088317983683308094","potions_obtained":[{"floor":1,"key":"SpeedPotion"},{"floor":2,"key":"LiquidBronze"}],"is_trial":false,"path_per_floor":["M","M","?","?","M","E","M","R","T","?"],"character_chosen":"IRONCLAD","items_purchased":[],"campfire_rested":1,"item_purchase_floors":[],"current_hp_per_floor":[68,56,40,60,56,26,12,36,36,0],"gold":180,"neow_bonus":"ONE_RANDOM_RARE_CARD","is_prod":false,"is_daily":false,"chose_seed":false,"campfire_upgraded":0,"win_rate":0,"timestamp":1544926873,"path_taken":["M","M","?","?","M","E","M","R","T","?"],"build_version":"2018-12-13","purchased_purges":0,"victory":false,"max_hp_per_floor":[80,80,80,80,80,80,80,80,80,80],"card_choices":[{"not_picked":["Heavy Blade","Iron Wave"],"picked":"Spot Weakness","floor":1},{"not_picked":["Seeing Red","Armaments"],"picked":"Feel No Pain","floor":2},{"not_picked":["Clothesline","Clash"],"picked":"Rampage","floor":5},{"not_picked":["Sword Boomerang","Entrench"],"picked":"Reckless Charge","floor":6},{"not_picked":["Pummel","Wild Strike"],"picked":"Sword Boomerang","floor":7}],"player_experience":983603,"relics_obtained":[{"floor":6,"key":"Omamori"},{"floor":9,"key":"Pen Nib"}],"event_choices":[{"damage_healed":0,"gold_gain":0,"player_choice":"Entered Light","damage_taken":16,"max_hp_gain":0,"max_hp_loss":0,"event_name":"Shining Light","floor":3,"gold_loss":0,"cards_upgraded":["Feel No Pain","Strike_R"]},{"damage_healed":20,"gold_gain":0,"player_choice":"Healed","damage_taken":0,"max_hp_gain":0,"max_hp_loss":0,"event_name":"The Cleric","floor":4,"gold_loss":35},{"damage_healed":0,"gold_gain":0,"player_choice":"Fought Mushrooms","damage_taken":0,"max_hp_gain":0,"max_hp_loss":0,"event_name":"Mushrooms","floor":10,"gold_loss":0}],"is_beta":true,"boss_relics":[],"items_purged_floors":[],"is_endless":false,"potions_floor_spawned":[1,2,5],"killed_by":"The Mushroom Lair","ascension_level":12}