{"gold_per_floor":[115,115,134,149,164,9,36,54,54,68,68,80,95,115,115,220,220,236,151,71,83,83,83,100,120,194,209,209,209,220,220,220,220],"floor_reached":33,"playtime":1458,"items_purged":[],"score":395,"play_id":"8868b23a-2373-4fa4-9cd6-0868211cd604","local_time":"20181227220421","is_ascension_mode":true,"campfire_choices":[{"floor":11,"key":"REST"},{"floor":15,"key":"REST"},{"data":"Defragment","floor":23,"key":"SMITH"},{"floor":29,"key":"REST"},{"floor":32,"key":"REST"}],"neow_cost":"NONE","seed_source_timestamp":1070279012396476,"circlet_count":0,"master_deck":["AscendersBane","Strike_B","Strike_B","Defend_B","Defend_B","Defend_B","Defend_B","Zap","Dualcast","Cold Snap","Blizzard","Sweeping Beam","Rip and Tear","Go for the Eyes","Ball Lightning","Ball Lightning","Auto Shields","Ball Lightning","Buffer","Electrodynamics","Defragment+1","Heatsinks","Coolheaded+1","Defragment","Creative AI","Stack+1","Capacitor","Redo"],"relics":["Empty Cage","DataDisk","Question Card","Anchor","Velvet Choker","Lantern"],"potions_floor_usage":[10,14,21,27,31,33],"damage_taken":[{"damage":9,"enemies":"Cultist","floor":1,"turns":5},{"damage":6,"enemies":"Small Slimes","floor":3,"turns":4},{"damage":2,"enemies":"Jaw Worm","floor":4,"turns":6},{"damage":9,"enemies":"2 Fungi Beasts","floor":5,"turns":4},{"damage":30,"enemies":"Lagavulin","floor":7,"turns":7},{"damage":7,"enemies":"Lots of Slimes","floor":8,"turns":3},{"damage":3,"enemies":"Looter","floor":10,"turns":3},{"damage":0,"enemies":"2 Fungi Beasts","floor":12,"turns":3},{"damage":0,"enemies":"Large Slime","floor":13,"turns":3},{"damage":0,"enemies":"Lots of Slimes","floor":14,"turns":3},{"damage":47,"enemies":"The Guardian","floor":16,"turns":9},{"damage":3,"enemies":"Spheric Guardian","floor":18,"turns":3},{"damage":16,"enemies":"2 Thieves","floor":21,"turns":4},{"damage":12,"enemies":"Snake Plant","floor":24,"turns":3},{"damage":8,"enemies":"Centurion and Healer","floor":25,"turns":4},{"damage":9,"enemies":"Sentry and Sphere","floor":27,"turns":4},{"damage":4,"enemies":"Chosen and Byrds","floor":30,"turns":5},{"damage":0,"enemies":"Colosseum Slavers","floor":31,"turns":3},{"damage":54,"enemies":"Champ","floor":33,"turns":11}],"seed_played":"5121172293547993066","potions_obtained":[{"floor":3,"key":"Block Potion"},{"floor":8,"key":"Regen Potion"},{"floor":10,"key":"SpeedPotion"},{"floor":16,"key":"Explosive Potion"},{"floor":24,"key":"Fire Potion"},{"floor":27,"key":"Fire Potion"}],"is_trial":false,"path_per_floor":["M","$","M","M","M","$","E","M","T","M","R","M","M","M","R","B",null,"M","?","$","M","?","R","M","M","T","M","?","R","M","?","R","B"],"character_chosen":"DEFECT","items_purchased":["DataDisk","Heatsinks"],"campfire_rested":4,"item_purchase_floors":[6,20],"current_hp_per_floor":[59,59,53,51,42,42,12,5,5,11,33,33,33,33,55,8,58,55,55,55,39,39,39,27,19,19,10,10,32,28,28,50,0],"gold":220,"neow_bonus":"BOSS_RELIC","is_prod":false,"is_daily":false,"chose_seed":true,"campfire_upgraded":1,"win_rate":0,"timestamp":1545966261,"path_taken":["M","$","?","M","M","$","E","M","T","?","R","M","?","M","R","BOSS","M","?","$","M","?","R","?","M","T","M","?","R","M","?","R","BOSS"],"build_version":"2018-12-25","purchased_purges":0,"victory":false,"max_hp_per_floor":[75,75,75,75,75,75,75,75,75,75,75,75,75,75,75,75,75,75,75,75,75,75,75,75,75,75,75,75,75,75,75,75,75],"card_choices":[{"not_picked":["Beam Cell","Gash"],"picked":"Cold Snap","floor":1},{"not_picked":["Redo","Genetic Algorithm"],"picked":"Blizzard","floor":3},{"not_picked":["Double Energy","Gash"],"picked":"Sweeping Beam","floor":4},{"not_picked":["Hologram","Stack"],"picked":"Rip and Tear","floor":5},{"not_picked":["Turbo","Barrage"],"picked":"Go for the Eyes","floor":7},{"not_picked":["Cold Snap","Undo","Sweeping Beam"],"picked":"Ball Lightning","floor":8},{"not_picked":["Barrage","Coolheaded","Go for the Eyes"],"picked":"Ball Lightning","floor":10},{"not_picked":["Hello World","Skim","Capacitor"],"picked":"Auto Shields","floor":12},{"not_picked":["Barrage","Scrape","Sweeping Beam"],"picked":"Ball Lightning","floor":13},{"not_picked":["Streamline","Sweeping Beam","Beam Cell"],"picked":"Buffer","floor":14},{"not_picked":["Seek","Creative AI","All For One"],"picked":"Electrodynamics","floor":16},{"not_picked":["Leap","Lockon","Hologram+1"],"picked":"Defragment","floor":18},{"not_picked":["Cold Snap+1","Gash","Reinforced Body"],"picked":"Coolheaded+1","floor":21},{"not_picked":["Reprogram","Redo","BootSequence"],"picked":"Creative AI","floor":24},{"not_picked":["Gash","Ball Lightning","Rebound"],"picked":"Stack+1","floor":25},{"not_picked":["Leap","Conserve Battery","Ball Lightning+1"],"picked":"Capacitor","floor":27},{"not_picked":["Sweeping Beam+1","Go for the Eyes","Cold Snap"],"picked":"Redo","floor":30}],"player_experience":1040030,"relics_obtained":[{"floor":7,"key":"Question Card"},{"floor":9,"key":"Anchor"}],"event_choices":[{"damage_healed":0,"gold_gain":0,"player_choice":"Obtained Relic","damage_taken":0,"relics_obtained":["Lantern"],"max_hp_gain":0,"max_hp_loss":0,"event_name":"Addict","floor":19,"gold_loss":85},{"damage_healed":0,"gold_gain":0,"player_choice":"Copied","damage_taken":0,"max_hp_gain":0,"max_hp_loss":0,"event_name":"Duplicator","floor":22,"gold_loss":0,"cards_obtained":["Defragment"]},{"damage_healed":0,"gold_gain":0,"player_choice":"Ignored","damage_taken":0,"max_hp_gain":0,"max_hp_loss":0,"event_name":"Cursed Tome","floor":28,"gold_loss":0},{"damage_healed":0,"gold_gain":0,"player_choice":"Fight","damage_taken":0,"max_hp_gain":0,"max_hp_loss":0,"event_name":"Colosseum","floor":31,"gold_loss":0},{"damage_healed":0,"gold_gain":0,"player_choice":"Fled From Nobs","damage_taken":0,"max_hp_gain":0,"max_hp_loss":0,"event_name":"Colosseum","floor":31,"gold_loss":0}],"is_beta":true,"boss_relics":[{"not_picked":["Coffee Dripper","Philosopher\u0027s Stone"],"picked":"Velvet Choker"}],"items_purged_floors":[],"is_endless":false,"potions_floor_spawned":[3,8,10,16,18,24,27],"killed_by":"Champ","ascension_level":11}