{"path_per_floor":["M","M","?","M","$","R","E","R","T","R","E","M","$","?","R","B",null,"M","M","$","M","?","R"],"character_chosen":"IRONCLAD","items_purchased":["Singing Bowl","Flex","Wild Strike","Rampage"],"gold_per_floor":[115,126,226,237,5,5,40,40,40,40,74,87,20,20,20,119,119,135,151,13,29,29,29],"floor_reached":24,"campfire_rested":0,"playtime":1225,"current_hp_per_floor":[80,80,80,80,80,80,67,67,67,67,55,58,58,58,58,43,84,84,84,84,71,71,71],"items_purged":["Strike_R","Strike_R"],"gold":29,"score":204,"play_id":"71798bdd-3b55-4ad0-b7a4-e119ca5aedd3","local_time":"20180308195249","is_prod":false,"is_daily":false,"is_ascension_mode":false,"campfire_upgraded":5,"timestamp":1520556769,"path_taken":["M","M","?","M","$","R","E","R","T","R","E","M","$","?","R","BOSS","M","M","$","?","?","R","E"],"build_version":"2018-03-01-PROD1","purchased_purges":2,"victory":false,"master_deck":["Strike_R","Strike_R","Strike_R","Defend_R","Defend_R","Defend_R","Defend_R","Bash","Wild Strike+1","Armaments+1","Reckless Charge","Perfected Strike","Shrug It Off+1","Flex","Flex+1","Wild Strike","Reaper","Evolve","Whirlwind","Battle Trance","Wild Strike","Flex","True Grit+1","Rampage","Battle Trance"],"max_hp_per_floor":[80,80,80,80,80,80,80,80,80,80,80,82,82,82,82,82,84,84,84,84,84,84,84],"relics":["Burning Blood","Singing Bowl","Ancient Tea Set","Meat on the Bone","Gambling Chip","Orrery"],"card_choices":[{"not_picked":["Anger","Iron Wave"],"picked":"Wild Strike"},{"not_picked":["Heavy Blade","Whirlwind"],"picked":"Armaments"},{"not_picked":["Warcry","Bludgeon"],"picked":"Reckless Charge"},{"not_picked":["Rampage","Iron Wave"],"picked":"Perfected Strike"},{"not_picked":["True Grit","Ghostly Armor"],"picked":"Shrug It Off"},{"not_picked":["Sword Boomerang","Shrug It Off"],"picked":"Flex"},{"not_picked":["Feed","Barricade"],"picked":"Reaper"},{"not_picked":["Thunderclap","Disarm"],"picked":"Evolve"},{"not_picked":["Sword Boomerang","Anger"],"picked":"Whirlwind"},{"not_picked":["Headbutt","Juggernaut"],"picked":"Battle Trance"},{"not_picked":["Havoc","Uppercut"],"picked":"Wild Strike"},{"not_picked":["Pommel Strike","Entrench"],"picked":"Flex"},{"not_picked":["Warcry","Iron Wave"],"picked":"True Grit"},{"not_picked":["Burning Pact","Fire Breathing"],"picked":"Battle Trance"}],"player_experience":439487,"potions_floor_usage":[11,16,16,19,21],"damage_taken":[{"damage":2,"enemies":"Small Slimes","floor":1,"turns":4},{"damage":5,"enemies":"Cultist","floor":2,"turns":4},{"damage":2,"enemies":"2 Louse","floor":4,"turns":3},{"damage":19,"enemies":"Gremlin Nob","floor":7,"turns":4},{"damage":18,"enemies":"3 Sentries","floor":11,"turns":6},{"damage":5,"enemies":"Large Slime","floor":12,"turns":5},{"damage":33,"enemies":"Hexaghost","floor":16,"turns":9},{"damage":0,"enemies":"3 Byrds","floor":18,"turns":3},{"damage":0,"enemies":"Chosen","floor":19,"turns":2},{"damage":19,"enemies":"Snake Plant","floor":21,"turns":5},{"damage":77,"enemies":"Book of Stabbing","floor":24,"turns":6}],"event_choices":[{"event_name":"Golden Shrine","player_choice":"Pray","floor":3,"damage_taken":0},{"event_name":"Liars Game","player_choice":"disagreed","floor":14,"damage_taken":0},{"event_name":"Drug Dealer","player_choice":"Ignored","floor":22,"damage_taken":0}],"boss_relics":[{"not_picked":["Lizard Tail","Ectoplasm"],"picked":"Orrery"}],"potions_floor_spawned":[4,7,11,16,18],"seed_played":"-1639813751334049570","killed_by":"Book of Stabbing","ascension_level":0,"is_trial":false}