{"path_per_floor":["M","$","?","$","M","E","R","E","T","E","$","R","M","M","R","B",null,"M","M","$","M","M","R","E","?","T","R","$","M","R","?","R","B",null,"M","?","?","M"],"character_chosen":"THE_SILENT","items_purchased":["Footwork","Prepared","Well Laid Plans"],"gold_per_floor":[113,31,31,6,26,51,51,79,79,109,34,34,49,66,66,170,200,219,232,132,150,165,165,192,192,216,216,19,30,30,30,30,130,130,144,144,144,164],"floor_reached":39,"campfire_rested":5,"playtime":5036,"current_hp_per_floor":[70,70,70,70,70,70,70,52,52,26,26,46,46,46,66,25,72,58,46,46,30,18,39,19,19,19,40,40,38,38,38,59,17,72,39,39,39,45],"items_purged":["Parasite","Strike_G","Defend_G"],"gold":164,"score":412,"play_id":"54c2ad8f-4eef-459b-acfc-1c93f432c611","is_prod":false,"is_daily":false,"is_ascension_mode":true,"campfire_upgraded":2,"path_taken":["M","$","?","$","M","E","R","E","T","E","$","R","M","M","R","BOSS","M","M","$","M","?","R","E","?","T","R","$","M","R","?","R","BOSS","M","?","?","M","M"],"build_version":"2018-02-22-PROD2","purchased_purges":3,"victory":false,"master_deck":["Defend_G","Defend_G","Defend_G","Defend_G","Strike_G","Strike_G","Strike_G","Strike_G","Survivor","Neutralize+1","Acrobatics+1","Footwork","Prepared","Caltrops","Quick Slash","Cloak And Dagger","Backflip+1","Dagger Throw","Poisoned Stab","Adrenaline","Flying Knee","Dodge and Roll+1","Concentrate+1","Sucker Punch","Outmaneuver","Burst","Well Laid Plans","Cloak And Dagger","Phantasmal Killer","Dagger Spray+1","Swift Strike","Burst","Blur+1"],"max_hp_per_floor":[70,70,70,70,70,70,70,70,70,70,67,67,67,67,67,67,72,72,72,72,72,72,72,72,72,72,72,72,72,72,72,72,72,72,72,72,72,72],"relics":["Ring of the Snake","NeowsBlessing","Gremlin Horn","Gambling Chip","Du-Vu Doll","Kunai","Tiny House","Meat on the Bone","Frozen Eye","Omamori","Cursed Key"],"card_choices":[{"not_picked":["Setup","Finisher"],"picked":"Acrobatics"},{"not_picked":["Eviscerate","PiercingWail"],"picked":"Caltrops"},{"not_picked":["Skewer","Endless Agony"],"picked":"Quick Slash"},{"not_picked":["Concentrate","Outmaneuver"],"picked":"Cloak And Dagger"},{"not_picked":["Flechettes","PiercingWail"],"picked":"Backflip"},{"not_picked":["Setup","Unload"],"picked":"Dagger Throw"},{"not_picked":["Crippling Poison","Calculated Gamble"],"picked":"Poisoned Stab"},{"not_picked":["Corpse Explosion","Venomology"],"picked":"Adrenaline"},{"not_picked":["Crippling Poison","Poisoned Stab"],"picked":"Flying Knee"},{"not_picked":["Quick Slash","Outmaneuver"],"picked":"Dodge and Roll"},{"not_picked":["Underhanded Strike","Catalyst"],"picked":"Concentrate"},{"not_picked":["Backflip","All Out Attack"],"picked":"Sucker Punch"},{"not_picked":["Quick Slash","Acrobatics"],"picked":"Outmaneuver"},{"not_picked":["Riddle With Holes","Predator"],"picked":"Burst"},{"not_picked":["Sucker Punch","Quick Slash"],"picked":"Cloak And Dagger"},{"not_picked":["Night Terror","After Image"],"picked":"Phantasmal Killer"},{"not_picked":["Flying Knee","Cloak And Dagger"],"picked":"Dagger Spray"},{"not_picked":["Cloak And Dagger","Prepared"],"picked":"Blur"}],"player_experience":266396,"potions_floor_usage":[8,18,21,22,22,24,38],"damage_taken":[{"damage":0,"enemies":"2 Louse","floor":1,"turns":1},{"damage":0,"enemies":"Cultist","floor":5,"turns":1},{"damage":0,"enemies":"Gremlin Nob","floor":6,"turns":1},{"damage":18,"enemies":"Lagavulin","floor":8,"turns":11},{"damage":26,"enemies":"Gremlin Nob","floor":10,"turns":5},{"damage":0,"enemies":"Small Slimes","floor":13,"turns":4},{"damage":0,"enemies":"3 Louse","floor":14,"turns":4},{"damage":41,"enemies":"The Guardian","floor":16,"turns":16},{"damage":14,"enemies":"Shell Parasite","floor":18,"turns":5},{"damage":12,"enemies":"3 Byrds","floor":19,"turns":6},{"damage":16,"enemies":"Snake Plant","floor":21,"turns":5},{"damage":12,"enemies":"Centurion and Healer","floor":22,"turns":14},{"damage":20,"enemies":"Gremlin Leader","floor":24,"turns":9},{"damage":14,"enemies":"Snecko","floor":29,"turns":8},{"damage":54,"enemies":"Champ","floor":33,"turns":34},{"damage":45,"enemies":"3 Darklings","floor":35,"turns":9},{"damage":6,"enemies":"3 Shapes","floor":38,"turns":10},{"damage":50,"enemies":"Maw","floor":39,"turns":13}],"event_choices":[{"event_name":"Match and Keep!","player_choice":"1 cards matched","floor":3,"damage_taken":0},{"event_name":"The Mausoleum","player_choice":"Yes","floor":25,"damage_taken":0},{"event_name":"Cursed Tome","player_choice":"Ignored","floor":31,"damage_taken":0},{"event_name":"Match and Keep!","player_choice":"1 cards matched","floor":36,"damage_taken":0},{"event_name":"Duplicator","player_choice":"One dupe","floor":37,"damage_taken":0}],"boss_relics":[{"not_picked":["The Specimen","Eternal Feather"],"picked":"Tiny House"},{"not_picked":["Runic Dome","Astrolabe"],"picked":"Cursed Key"}],"potions_floor_spawned":[1,10,16,18,21,22,35],"seed_played":"996803697518874168","killed_by":"Maw","ascension_level":1,"is_trial":false}