{"gold_per_floor":[109,109,123,123,135,135,169,169,169,200,138,138,148,174,174,274,274,294,294,313,14,33,33,47,47,47,73,84,84,45,45,45,149,149,160,0,20,20,38,38,73,37,37,37],"floor_reached":44,"playtime":2493,"items_purged":["Defend_G"],"score":524,"play_id":"67b82ad2-a0ce-4163-980a-c47768681eb1","local_time":"20190129232129","is_ascension_mode":false,"campfire_choices":[{"data":"Neutralize","floor":6,"key":"SMITH"},{"data":"Well Laid Plans","floor":8,"key":"SMITH"},{"floor":15,"key":"REST"},{"data":"Metamorphosis","floor":23,"key":"SMITH"},{"data":"Calculated Gamble","floor":25,"key":"SMITH"},{"data":"Malaise","floor":29,"key":"SMITH"},{"floor":32,"key":"REST"},{"floor":40,"key":"REST"}],"neow_cost":"NONE","seed_source_timestamp":180874161101751,"circlet_count":0,"master_deck":["Defend_G","Defend_G","Defend_G","Defend_G","Strike_G","Strike_G","Strike_G","Survivor","Neutralize+1","Riddle With Holes","Well Laid Plans+1","Dagger Throw","Bouncing Flask+1","Calculated Gamble","Calculated Gamble+1","Malaise+1","PiercingWail+1","Acrobatics+1","PiercingWail+1","Metamorphosis+1","Dagger Spray","Noxious Fumes","Adrenaline","Leg Sweep+1","Escape Plan","Writhe","Corpse Explosion","Backflip+1","Leg Sweep+1","Madness","Madness","Infinite Blades","Blade Dance+1","Noxious Fumes"],"relics":["Ring of the Snake","Regal Pillow","Bottled Tornado","Shuriken","Orichalcum","Juzu Bracelet","Letter Opener","HoveringKite","War Paint","Pear","Mango","Black Star","Red Mask","Omamori","Happy Flower"],"potions_floor_usage":[7,16,24,27,37,44,44],"damage_taken":[{"damage":0,"enemies":"Jaw Worm","floor":1,"turns":4},{"damage":1,"enemies":"Cultist","floor":3,"turns":4},{"damage":2,"enemies":"Small Slimes","floor":5,"turns":5},{"damage":17,"enemies":"3 Sentries","floor":7,"turns":9},{"damage":23,"enemies":"Lagavulin","floor":10,"turns":6},{"damage":0,"enemies":"3 Louse","floor":13,"turns":3},{"damage":24,"enemies":"3 Sentries","floor":14,"turns":11},{"damage":21,"enemies":"Hexaghost","floor":16,"turns":9},{"damage":0,"enemies":"Shell Parasite","floor":18,"turns":6},{"damage":5,"enemies":"3 Byrds","floor":20,"turns":7},{"damage":9,"enemies":"Shelled Parasite and Fungi","floor":22,"turns":5},{"damage":7,"enemies":"Centurion and Healer","floor":24,"turns":7},{"damage":0,"enemies":"Book of Stabbing","floor":27,"turns":5},{"damage":3,"enemies":"Snake Plant","floor":28,"turns":5},{"damage":7,"enemies":"Champ","floor":33,"turns":8},{"damage":15,"enemies":"Orb Walker","floor":35,"turns":5},{"damage":8,"enemies":"3 Darklings","floor":37,"turns":3},{"damage":10,"enemies":"Sphere and 2 Shapes","floor":39,"turns":7},{"damage":64,"enemies":"Reptomancer","floor":41,"turns":8},{"damage":52,"enemies":"Giant Head","floor":44,"turns":7}],"seed_played":"-2906585977439072110","potions_obtained":[{"floor":1,"key":"Block Potion"},{"floor":2,"key":"Regen Potion"},{"floor":2,"key":"Dexterity Potion"},{"floor":13,"key":"Weak Potion"},{"floor":20,"key":"AttackPotion"},{"floor":27,"key":"GamblersBrew"},{"floor":28,"key":"GamblersBrew"},{"floor":33,"key":"SteroidPotion"},{"floor":39,"key":"Energy Potion"}],"is_trial":false,"path_per_floor":["M","?","M","?","M","R","E","R","T","E","?","?","M","E","R","B",null,"M","?","M","$","M","R","M","R","T","E","M","R","$","?","R","B",null,"M","?","M","?","M","R","E","$","T","E"],"character_chosen":"THE_SILENT","items_purchased":["PiercingWail","Metamorphosis","Escape Plan","Noxious Fumes"],"campfire_rested":3,"item_purchase_floors":[21,21,30,42],"current_hp_per_floor":[70,70,69,74,72,72,55,55,55,32,32,32,32,8,45,39,75,75,75,70,70,61,61,54,54,54,64,61,61,61,75,99,92,99,84,84,76,64,54,98,34,34,34,0],"gold":37,"neow_bonus":"RANDOM_COMMON_RELIC","is_prod":false,"is_daily":false,"chose_seed":false,"campfire_upgraded":5,"win_rate":0,"timestamp":1548822089,"path_taken":["M","?","?","?","M","R","E","R","T","E","?","?","M","E","R","BOSS","M","?","M","$","M","R","M","R","T","E","M","R","?","?","R","BOSS","M","?","M","?","M","R","E","$","T","E"],"build_version":"2019-01-23","purchased_purges":1,"victory":false,"max_hp_per_floor":[70,70,70,75,75,75,75,75,75,75,75,75,75,75,75,75,75,75,75,75,75,75,75,75,75,75,85,85,85,85,99,99,99,99,99,99,99,99,99,99,99,99,99,99],"card_choices":[{"not_picked":["Deflect","Outmaneuver"],"picked":"Riddle With Holes","floor":1},{"not_picked":["Underhanded Strike","Setup"],"picked":"Well Laid Plans","floor":3},{"not_picked":["Setup","Flechettes"],"picked":"Dagger Throw","floor":5},{"not_picked":["Flying Knee","Poisoned Stab"],"picked":"Bouncing Flask","floor":7},{"not_picked":["Acrobatics","Quick Slash"],"picked":"Calculated Gamble","floor":10},{"not_picked":["Dodge and Roll","Eviscerate"],"picked":"Calculated Gamble","floor":13},{"not_picked":["Grand Finale","Outmaneuver","Setup"],"picked":"SKIP","floor":14},{"not_picked":["Doppelganger","Grand Finale"],"picked":"Malaise","floor":16},{"not_picked":["Sucker Punch+1","Flying Knee"],"picked":"PiercingWail+1","floor":18},{"not_picked":["Prepared","Quick Slash"],"picked":"Acrobatics+1","floor":20},{"not_picked":["Bane","Deadly Poison"],"picked":"Dagger Spray","floor":22},{"not_picked":["Poisoned Stab","Slice+1"],"picked":"Noxious Fumes","floor":24},{"not_picked":["Backflip","Unload"],"picked":"Adrenaline","floor":27},{"not_picked":["Cloak And Dagger","Acrobatics+1"],"picked":"Leg Sweep+1","floor":28},{"not_picked":["Die Die Die","A Thousand Cuts"],"picked":"Corpse Explosion","floor":33},{"not_picked":["Slice","Sucker Punch"],"picked":"Backflip+1","floor":35},{"not_picked":["Bouncing Flask+1","Concentrate"],"picked":"Leg Sweep+1","floor":37},{"not_picked":["Eviscerate","Deadly Poison+1"],"picked":"Infinite Blades","floor":39},{"not_picked":["Finisher+1","All Out Attack+1"],"picked":"Blade Dance+1","floor":41}],"player_experience":1343650,"relics_obtained":[{"floor":7,"key":"Bottled Tornado"},{"floor":9,"key":"Shuriken"},{"floor":10,"key":"Orichalcum"},{"floor":14,"key":"Letter Opener"},{"floor":26,"key":"War Paint"},{"floor":27,"key":"Pear"},{"floor":41,"key":"Omamori"},{"floor":41,"key":"Happy Flower"}],"event_choices":[{"damage_healed":0,"gold_gain":0,"player_choice":"Got Potions","damage_taken":0,"max_hp_gain":0,"max_hp_loss":0,"event_name":"Lab","floor":2,"gold_loss":0},{"damage_healed":0,"gold_gain":0,"player_choice":"Donut","damage_taken":0,"max_hp_gain":5,"max_hp_loss":0,"event_name":"Big Fish","floor":4,"gold_loss":0},{"damage_healed":0,"gold_gain":0,"player_choice":"Paid Gold","damage_taken":0,"relics_obtained":["Juzu Bracelet"],"max_hp_gain":0,"max_hp_loss":0,"event_name":"WeMeetAgain","floor":11,"gold_loss":62},{"cards_removed":["Strike_G"],"damage_healed":0,"gold_gain":0,"player_choice":"Forget","damage_taken":0,"max_hp_gain":0,"max_hp_loss":0,"event_name":"Living Wall","floor":12,"gold_loss":0},{"cards_removed":["Strike_G"],"damage_healed":0,"gold_gain":0,"player_choice":"Purged","damage_taken":0,"max_hp_gain":0,"max_hp_loss":0,"event_name":"Purifier","floor":19,"gold_loss":0},{"damage_healed":0,"gold_gain":0,"player_choice":"Opened","damage_taken":0,"relics_obtained":["Mango"],"max_hp_gain":0,"max_hp_loss":0,"event_name":"The Mausoleum","floor":31,"gold_loss":0,"cards_obtained":["Writhe"]},{"damage_healed":0,"gold_gain":0,"player_choice":"Paid","damage_taken":0,"relics_obtained":["Red Mask"],"max_hp_gain":0,"max_hp_loss":0,"event_name":"Tomb of Lord Red Mask","floor":36,"gold_loss":160},{"damage_healed":0,"gold_gain":0,"player_choice":"Embrace Madness","damage_taken":12,"max_hp_gain":0,"max_hp_loss":0,"event_name":"Winding Halls","floor":38,"gold_loss":0,"cards_obtained":["Madness","Madness"]}],"is_beta":true,"boss_relics":[{"not_picked":["Philosopher\u0027s Stone","Velvet Choker"],"picked":"HoveringKite"},{"not_picked":["Calling Bell","White Beast Statue"],"picked":"Black Star"}],"items_purged_floors":[21],"is_endless":false,"potions_floor_spawned":[1,13,20,27,28,33,39],"killed_by":"Giant Head","ascension_level":0}