{"gold_per_floor":[114,134,209,102,30,58,58,93,118,118,138,209,239,251,251,353,353,367,383,396,396],"floor_reached":21,"playtime":941,"items_purged":[],"score":293,"play_id":"f2662e4d-f8bf-4d52-8e35-c06075969892","local_time":"20181227181648","is_ascension_mode":true,"campfire_choices":[{"floor":7,"key":"REST"},{"floor":10,"key":"REST"},{"floor":15,"key":"REST"}],"neow_cost":"PERCENT_DAMAGE","seed_source_timestamp":1059495064184634,"circlet_count":0,"master_deck":["AscendersBane","Strike_B","Strike_B","Strike_B","Strike_B","Defend_B","Defend_B","Defend_B","Defend_B","Zap","Dualcast","Cold Snap","Ball Lightning","Defragment","Go for the Eyes","Melter","Rip and Tear","Barrage","Electrodynamics","Conserve Battery","Leap","Coolheaded","Storm","Coolheaded","Creative AI","Steam+1","Cold Snap+1"],"relics":["Cracked Core","WingedGreaves","Dream Catcher","Turnip","Ancient Tea Set","Odd Mushroom","Runic Dome"],"potions_floor_usage":[13,16,20,21],"damage_taken":[{"damage":4,"enemies":"Small Slimes","floor":1,"turns":4},{"damage":0,"enemies":"2 Louse","floor":2,"turns":3},{"damage":19,"enemies":"Lagavulin","floor":6,"turns":5},{"damage":28,"enemies":"Gremlin Nob","floor":8,"turns":4},{"damage":7,"enemies":"Jaw Worm","floor":11,"turns":2},{"damage":9,"enemies":"The Mushroom Lair","floor":13,"turns":4},{"damage":10,"enemies":"Blue Slaver","floor":14,"turns":3},{"damage":10,"enemies":"Slime Boss","floor":16,"turns":6},{"damage":17,"enemies":"2 Thieves","floor":18,"turns":2},{"damage":23,"enemies":"Spheric Guardian","floor":19,"turns":5},{"damage":15,"enemies":"Shelled Parasite and Fungi","floor":20,"turns":6},{"damage":10,"enemies":"Masked Bandits","floor":21,"turns":2}],"seed_played":"6347904705089319936","potions_obtained":[{"floor":8,"key":"GamblersBrew"},{"floor":11,"key":"Poison Potion"},{"floor":14,"key":"AttackPotion"},{"floor":16,"key":"PowerPotion"},{"floor":18,"key":"Ancient Potion"}],"is_trial":false,"path_per_floor":["M","M","?","$","$","E","R","E","T","R","M","?","?","M","R","B",null,"M","M","M","?"],"character_chosen":"DEFECT","items_purchased":["Defragment","Go for the Eyes","Melter"],"campfire_rested":3,"item_purchase_floors":[4,4,5],"current_hp_per_floor":[46,46,35,35,35,16,38,10,10,32,25,25,16,6,28,18,61,44,21,6,0],"gold":396,"neow_bonus":"ONE_RARE_RELIC","is_prod":false,"is_daily":false,"chose_seed":false,"campfire_upgraded":0,"win_rate":0,"timestamp":1545952608,"path_taken":["M","M","?","$","$","E","R","E","T","R","M","?","?","M","R","BOSS","M","M","M","?"],"build_version":"2018-12-25","purchased_purges":0,"victory":false,"max_hp_per_floor":[75,75,75,75,75,75,75,75,75,75,75,75,75,75,75,75,75,75,75,75,75],"card_choices":[{"not_picked":["Redo","Streamline"],"picked":"Cold Snap","floor":1},{"not_picked":["Go for the Eyes","Fusion"],"picked":"Ball Lightning","floor":2},{"not_picked":["Sweeping Beam","Steam"],"picked":"Rip and Tear","floor":6},{"not_picked":["Redo","Turbo"],"picked":"Barrage","floor":7},{"not_picked":["Steam","Chaos"],"picked":"Electrodynamics","floor":8},{"not_picked":["Scrape","Compile Driver"],"picked":"Conserve Battery","floor":10},{"not_picked":["Cold Snap","Turbo"],"picked":"Leap","floor":11},{"not_picked":["Tempest","Heatsinks"],"picked":"Coolheaded","floor":13},{"not_picked":["Beam Cell","Rip and Tear"],"picked":"Storm","floor":14},{"not_picked":["Aggregate","Hologram"],"picked":"Coolheaded","floor":15},{"not_picked":["Fission","Buffer"],"picked":"Creative AI","floor":16},{"not_picked":["Rebound","Streamline+1","Turbo"],"picked":"SKIP","floor":18},{"not_picked":["Go for the Eyes","Scrape"],"picked":"Steam+1","floor":19},{"not_picked":["White Noise","Conserve Battery"],"picked":"Cold Snap+1","floor":20}],"player_experience":1027525,"relics_obtained":[{"floor":6,"key":"Dream Catcher"},{"floor":8,"key":"Turnip"},{"floor":9,"key":"Ancient Tea Set"},{"floor":13,"key":"Odd Mushroom"}],"event_choices":[{"damage_healed":0,"gold_gain":75,"player_choice":"Gather Gold","damage_taken":11,"max_hp_gain":0,"max_hp_loss":0,"event_name":"World of Goop","floor":3,"gold_loss":0},{"damage_healed":0,"gold_gain":71,"player_choice":"Gained Gold","damage_taken":0,"max_hp_gain":0,"max_hp_loss":0,"event_name":"Golden Wing","floor":12,"gold_loss":0},{"damage_healed":0,"gold_gain":0,"player_choice":"Fought Mushrooms","damage_taken":0,"max_hp_gain":0,"max_hp_loss":0,"event_name":"Mushrooms","floor":13,"gold_loss":0},{"damage_healed":0,"gold_gain":0,"player_choice":"Fought Bandits","damage_taken":0,"max_hp_gain":0,"max_hp_loss":0,"event_name":"Masked Bandits","floor":21,"gold_loss":0}],"is_beta":true,"boss_relics":[{"not_picked":["Eternal Feather","Busted Crown"],"picked":"Runic Dome"}],"items_purged_floors":[],"is_endless":false,"potions_floor_spawned":[8,11,14,16,18],"killed_by":"Masked Bandits","ascension_level":11}