{"gold_per_floor":[119,133,151,165,115,115,144,155,200,3,3,58,58,133,133,230,230,241,5,16,115,115,115,115,115,115,126,126,138,157,175,175,280,280,295,275,289,24,42,42,73,104,116,128],"floor_reached":44,"playtime":2065,"items_purged":["Strike_G"],"score":597,"play_id":"0b3fcec4-507c-44d1-83a2-a64b083b1d3e","local_time":"20190117220148","is_ascension_mode":true,"campfire_choices":[{"data":"Neutralize","floor":6,"key":"SMITH"},{"floor":11,"key":"REST"},{"floor":13,"key":"REST"},{"floor":15,"key":"REST"},{"floor":23,"key":"REST"},{"data":"Night Terror","floor":25,"key":"SMITH"},{"floor":32,"key":"REST"},{"floor":40,"key":"REST"}],"neow_cost":"NONE","seed_source_timestamp":701568107653498,"circlet_count":0,"master_deck":["Defend_G","Defend_G","Defend_G","Defend_G","Defend_G","Strike_G","Strike_G","Strike_G","Survivor","Neutralize+1","PiercingWail","Deflect","Choke","Deadly Poison","Adrenaline","Dagger Spray","Noxious Fumes","Deadly Poison","Die Die Die","Blade Dance","Night Terror+1","Backflip","Footwork+1","Dodge and Roll","Backstab","Dash","Footwork","Terror","Noxious Fumes","Finisher","Footwork+1","Burst","Cloak And Dagger","Escape Plan+1","Infinite Blades","Backstab","Dodge and Roll","Caltrops+1","Dash+1","Regret"],"relics":["Ring of the Snake","Anchor","Orichalcum","Potion Belt","Shuriken","Runic Dome","Matryoshka","Boot","Cursed Key","MawBank","Regal Pillow","Juzu Bracelet"],"potions_floor_usage":[12,33,33,41,42,42],"damage_taken":[{"damage":0,"enemies":"Cultist","floor":1,"turns":4},{"damage":10,"enemies":"Jaw Worm","floor":2,"turns":8},{"damage":1,"enemies":"Small Slimes","floor":3,"turns":5},{"damage":1,"enemies":"Looter","floor":4,"turns":3},{"damage":29,"enemies":"3 Sentries","floor":7,"turns":15},{"damage":2,"enemies":"Exordium Wildlife","floor":8,"turns":4},{"damage":18,"enemies":"Gremlin Nob","floor":12,"turns":4},{"damage":12,"enemies":"Hexaghost","floor":16,"turns":9},{"damage":25,"enemies":"3 Byrds","floor":18,"turns":5},{"damage":2,"enemies":"2 Thieves","floor":20,"turns":3},{"damage":4,"enemies":"Centurion and Healer","floor":27,"turns":7},{"damage":0,"enemies":"3 Cultists","floor":29,"turns":2},{"damage":3,"enemies":"Chosen and Byrds","floor":30,"turns":6},{"damage":14,"enemies":"Snecko","floor":31,"turns":5},{"damage":55,"enemies":"Collector","floor":33,"turns":9},{"damage":6,"enemies":"3 Shapes","floor":35,"turns":3},{"damage":9,"enemies":"3 Darklings","floor":37,"turns":3},{"damage":14,"enemies":"Jaw Worm Horde","floor":39,"turns":5},{"damage":30,"enemies":"Giant Head","floor":41,"turns":9},{"damage":13,"enemies":"Maw","floor":42,"turns":7},{"damage":7,"enemies":"Sphere and 2 Shapes","floor":44,"turns":7}],"seed_played":"-47887442611088850","potions_obtained":[{"floor":1,"key":"Ancient Potion"},{"floor":3,"key":"SpeedPotion"},{"floor":8,"key":"PowerPotion"},{"floor":12,"key":"GhostInAJar"},{"floor":18,"key":"GhostInAJar"},{"floor":30,"key":"LiquidBronze"},{"floor":35,"key":"SpeedPotion"},{"floor":36,"key":"Weak Potion"},{"floor":39,"key":"Dexterity Potion"},{"floor":42,"key":"SpeedPotion"}],"is_trial":false,"path_per_floor":["M","M","M","M","?","R","E","M","T","$","R","?","R","?","R","B",null,"M","$","M","?","?","R","T","R","T","M","?","M","M","M","R","B",null,"M","?","M","$","M","R","E","M","T","M"],"character_chosen":"THE_SILENT","items_purchased":["Noxious Fumes","Deadly Poison","Die Die Die","Footwork","Dodge and Roll","Backstab","Dash","GhostInAJar","Infinite Blades","Backstab"],"campfire_rested":6,"item_purchase_floors":[10,10,10,19,19,19,19,38,38,38],"current_hp_per_floor":[63,53,52,51,51,51,22,20,20,20,41,23,44,33,54,42,63,38,38,36,36,59,70,70,70,70,66,66,66,63,49,70,15,56,50,50,41,41,27,48,18,5,5,0],"gold":128,"neow_bonus":"RANDOM_COMMON_RELIC","is_prod":false,"is_daily":false,"chose_seed":false,"campfire_upgraded":2,"win_rate":0,"timestamp":1547780508,"path_taken":["M","M","?","M","?","R","E","M","T","$","R","?","R","?","R","BOSS","M","$","M","?","?","R","?","R","T","M","?","M","?","M","R","BOSS","M","?","M","$","?","R","E","M","T","M"],"build_version":"2019-01-16","purchased_purges":1,"victory":false,"max_hp_per_floor":[70,70,70,70,70,70,70,70,70,70,70,70,70,70,70,70,70,70,70,70,70,70,70,70,70,70,70,70,70,70,70,70,70,70,70,70,70,70,70,70,70,70,70,70],"card_choices":[{"not_picked":["Expertise","Outmaneuver"],"picked":"PiercingWail","floor":1},{"not_picked":["Underhanded Strike","Prepared"],"picked":"Deflect","floor":2},{"not_picked":["Blade Dance","Reflex"],"picked":"Choke","floor":3},{"not_picked":["PiercingWail","Catalyst"],"picked":"Deadly Poison","floor":4},{"not_picked":["Escape Plan","Sucker Punch"],"picked":"Adrenaline","floor":7},{"not_picked":["Bane","Heel Hook"],"picked":"Dagger Spray","floor":8},{"not_picked":["Poisoned Stab","PiercingWail"],"picked":"Blade Dance","floor":12},{"not_picked":["Unload","Adrenaline"],"picked":"Night Terror","floor":16},{"not_picked":["Bouncing Flask","Prepared+1"],"picked":"Backflip","floor":18},{"not_picked":["Deflect","Reflex"],"picked":"Footwork","floor":20},{"not_picked":["Accuracy","Blade Dance"],"picked":"Terror","floor":27},{"not_picked":["Underhanded Strike","Accuracy"],"picked":"Noxious Fumes","floor":29},{"not_picked":["Bane","Flying Knee"],"picked":"Finisher","floor":30},{"not_picked":["Outmaneuver","Dagger Spray"],"picked":"Footwork+1","floor":31},{"not_picked":["Tools of the Trade","Glass Knife"],"picked":"Burst","floor":33},{"not_picked":["Prepared","Bane"],"picked":"Cloak And Dagger","floor":35},{"not_picked":["Terror+1","Riddle With Holes"],"picked":"Escape Plan+1","floor":37},{"not_picked":["Setup+1","Dagger Throw"],"picked":"Dodge and Roll","floor":39},{"not_picked":["Dagger Throw","Flying Knee+1"],"picked":"Caltrops+1","floor":41},{"not_picked":["All Out Attack+1","Poisoned Stab+1"],"picked":"Dash+1","floor":42}],"player_experience":1272024,"relics_obtained":[{"floor":7,"key":"Orichalcum"},{"floor":9,"key":"Potion Belt"},{"floor":12,"key":"Shuriken"},{"floor":24,"key":"Matryoshka"},{"floor":26,"key":"Boot"},{"floor":41,"key":"MawBank"},{"floor":43,"key":"Regal Pillow"},{"floor":43,"key":"Juzu Bracelet"}],"event_choices":[{"cards_removed":["Strike_G"],"damage_healed":0,"gold_gain":0,"player_choice":"Card Removal","damage_taken":0,"max_hp_gain":0,"max_hp_loss":0,"event_name":"The Cleric","floor":5,"gold_loss":50},{"damage_healed":0,"gold_gain":30,"player_choice":"Searched \u00272\u0027 times","damage_taken":0,"max_hp_gain":0,"max_hp_loss":0,"event_name":"Dead Adventurer","floor":12,"gold_loss":0},{"damage_healed":0,"gold_gain":75,"player_choice":"Gather Gold","damage_taken":11,"max_hp_gain":0,"max_hp_loss":0,"event_name":"World of Goop","floor":14,"gold_loss":0},{"damage_healed":0,"gold_gain":99,"player_choice":"Stole From Cult","damage_taken":0,"max_hp_gain":0,"max_hp_loss":0,"event_name":"Nest","floor":21,"gold_loss":0},{"damage_healed":23,"gold_gain":0,"player_choice":"Heal","damage_taken":0,"max_hp_gain":0,"max_hp_loss":0,"event_name":"The Library","floor":22,"gold_loss":0},{"damage_healed":0,"gold_gain":0,"player_choice":"Forge","damage_taken":0,"max_hp_gain":0,"max_hp_loss":0,"event_name":"Accursed Blacksmith","floor":28,"gold_loss":0,"cards_upgraded":["Footwork"]},{"damage_healed":0,"gold_gain":0,"player_choice":"Bought 1 Potion","damage_taken":0,"max_hp_gain":0,"max_hp_loss":0,"event_name":"The Woman in Blue","floor":36,"gold_loss":0}],"is_beta":true,"boss_relics":[{"not_picked":["Eternal Feather","WristBlade"],"picked":"Runic Dome"},{"not_picked":["Busted Crown","Pandora\u0027s Box"],"picked":"Cursed Key"}],"items_purged_floors":[38],"is_endless":false,"potions_floor_spawned":[1,3,8,12,18,30,31,35,39,42],"killed_by":"Sphere and 2 Shapes","ascension_level":6}