{"path_per_floor":["M","?","$","M","?","R","M","R","T","R","E","M","E","M","R","B",null,"M","$","?","M"],"character_chosen":"IRONCLAD","items_purchased":["Molten Egg 2","Cleave","Wild Strike","Apotheosis"],"gold_per_floor":[368,543,118,132,132,132,143,143,143,143,169,186,220,232,232,331,361,350,173,173,190],"floor_reached":22,"campfire_rested":0,"playtime":840,"current_hp_per_floor":[72,72,72,69,55,55,61,61,61,61,61,67,68,72,72,43,81,60,60,60,41],"items_purged":["Doubt"],"gold":190,"score":194,"play_id":"bb19fd7f-864d-48e7-be4a-02fcbd37c887","local_time":"20180314214629","is_prod":false,"is_daily":false,"is_ascension_mode":false,"campfire_upgraded":4,"timestamp":1521078389,"path_taken":["M","?","$","M","?","R","M","R","T","R","E","?","E","M","R","BOSS","M","$","?","M","M"],"build_version":"2018-03-09","purchased_purges":2,"victory":false,"master_deck":["Strike_R","Strike_R","Strike_R","Strike_R+1","Strike_R+1","Defend_R","Defend_R","Defend_R","Defend_R","Bash+1","Wild Strike+1","Cleave+1","Wild Strike+1","Shrug It Off+1","Fiend Fire+1","Evolve+1","Feel No Pain","Armaments+1","Feed+1","Sever Soul+1","Apotheosis"],"max_hp_per_floor":[72,72,72,72,72,72,72,72,72,72,72,72,72,74,74,74,81,81,81,81,83],"relics":["Burning Blood","Molten Egg 2","Paper Frog","Bag of Preparation","Singing Bowl","Tiny House","Prayer Wheel"],"card_choices":[{"not_picked":["Twin Strike","Bloodletting"],"picked":"Wild Strike"},{"not_picked":["Perfected Strike","Thunderclap"],"picked":"Shrug It Off"},{"not_picked":["Flex","Rage"],"picked":"Fiend Fire"},{"not_picked":["Carnage","Rage"],"picked":"Evolve"},{"not_picked":["Clash","Uppercut"],"picked":"Feel No Pain"},{"not_picked":["Wild Strike","Rampage"],"picked":"Armaments"},{"not_picked":["Dark Embrace","Impervious"],"picked":"Feed"},{"not_picked":["Armaments","Shrug It Off"],"picked":"Sever Soul"}],"player_experience":560143,"potions_floor_usage":[11,16,22,22],"damage_taken":[{"damage":0,"enemies":"Small Slimes","floor":1,"turns":3},{"damage":9,"enemies":"2 Louse","floor":4,"turns":2},{"damage":0,"enemies":"Cultist","floor":7,"turns":2},{"damage":6,"enemies":"3 Sentries","floor":11,"turns":5},{"damage":0,"enemies":"Looter","floor":12,"turns":1},{"damage":5,"enemies":"Gremlin Nob","floor":13,"turns":3},{"damage":4,"enemies":"Exordium Wildlife","floor":14,"turns":3},{"damage":41,"enemies":"Hexaghost","floor":16,"turns":7},{"damage":27,"enemies":"2 Thieves","floor":18,"turns":4},{"damage":27,"enemies":"Spheric Guardian","floor":21,"turns":4},{"damage":41,"enemies":"Chosen and Byrds","floor":22,"turns":6}],"event_choices":[{"event_name":"Liars Game","player_choice":"agreed","floor":2,"damage_taken":0},{"event_name":"Shining Light","player_choice":"Entered Light","floor":5,"damage_taken":0},{"event_name":"The Mausoleum","player_choice":"Yes","floor":20,"damage_taken":0}],"boss_relics":[{"not_picked":["Philosopher\u0027s Stone","Eternal Feather"],"picked":"Tiny House"}],"potions_floor_spawned":[4,7,13,16,18,21],"seed_played":"4839028730621533784","killed_by":"Chosen and Byrds","ascension_level":0,"is_trial":false}