{"gold_per_floor":[15,15,31,31,46,46,59,92,117,156,6,6,18,34,34,111,111,124,136,136,149,13,13,27,27,27,27,44,44,73,73,73,73],"floor_reached":33,"playtime":1902,"items_purged":[],"score":554,"play_id":"306d9697-7a77-4d04-865d-7fc6fe98fba6","local_time":"20181215172235","is_ascension_mode":true,"campfire_choices":[{"data":"Zap","floor":6.0,"key":"SMITH"},{"floor":12.0,"key":"REST"},{"data":"Compile Driver","floor":15.0,"key":"SMITH"},{"floor":23.0,"key":"REST"},{"data":"Defragment","floor":27,"key":"SMITH"},{"floor":29,"key":"REST"},{"floor":32,"key":"REST"}],"neow_cost":"NO_GOLD","seed_source_timestamp":340553087402064,"circlet_count":0,"master_deck":["AscendersBane","Strike_B","Defend_B+1","Defend_B+1","Defend_B","Defend_B","Zap+1","Dualcast","Genetic Algorithm","Self Repair","Cold Snap","Compile Driver+1","Leap","Capacitor","Biased Cognition","Barrage+1","Go for the Eyes","Defragment","Defragment+1","Loop","Stack"],"special_seed":0,"relics":["Cracked Core","War Paint","Regal Pillow","MawBank","Blood Vial","Vajra","Cursed Key","Lantern","Ancient Tea Set"],"potions_floor_usage":[28,28],"damage_taken":[{"damage":9.0,"enemies":"Jaw Worm","floor":1.0,"turns":4.0},{"damage":1.0,"enemies":"Small Slimes","floor":3.0,"turns":4.0},{"damage":1.0,"enemies":"Cultist","floor":5.0,"turns":4.0},{"damage":18.0,"enemies":"Lots of Slimes","floor":7.0,"turns":6.0},{"damage":13.0,"enemies":"Lagavulin","floor":8.0,"turns":10.0},{"damage":6.0,"enemies":"3 Sentries","floor":10.0,"turns":16.0},{"damage":1.0,"enemies":"2 Fungi Beasts","floor":13.0,"turns":4.0},{"damage":17.0,"enemies":"Gremlin Gang","floor":14.0,"turns":6.0},{"damage":32.0,"enemies":"Hexaghost","floor":16.0,"turns":9.0},{"damage":9.0,"enemies":"Spheric Guardian","floor":18.0,"turns":5.0},{"damage":11.0,"enemies":"2 Thieves","floor":19.0,"turns":4.0},{"damage":38.0,"enemies":"3 Cultists","floor":21.0,"turns":6.0},{"damage":25.0,"enemies":"Chosen and Byrds","floor":24.0,"turns":7.0},{"damage":15,"enemies":"Snecko","floor":28,"turns":5},{"damage":46,"enemies":"Book of Stabbing","floor":30,"turns":6},{"damage":108,"enemies":"Collector","floor":33,"turns":9}],"seed_played":"8322294027609506164","potions_obtained":[{"floor":1.0,"key":"Swift Potion"},{"floor":5.0,"key":"SkillPotion"},{"floor":8.0,"key":"FearPotion"},{"floor":13.0,"key":"PowerPotion"},{"floor":16.0,"key":"Strength Potion"},{"floor":21.0,"key":"SkillPotion"},{"floor":24.0,"key":"Block Potion"}],"is_trial":false,"path_per_floor":["M","?","M","?","M","R","M","E","T","E","$","R","M","M","R","B",null,"M","M","?","M","$","R","M","?","T","R","M","R","E","?","R","B"],"character_chosen":"DEFECT","items_purchased":["Vajra","Defragment","Fire Potion"],"campfire_rested":4,"item_purchase_floors":[11,22,22],"current_hp_per_floor":[55,29,28,28,27,27,16,10,10,11,11,47,55,47,47,24,59,59,57,57,28,28,64,41,41,41,41,35,71,32,32,68,0],"gold":73,"neow_bonus":"REMOVE_TWO","is_prod":false,"is_daily":false,"chose_seed":false,"campfire_upgraded":3,"win_rate":0,"timestamp":1544923355,"path_taken":["M","?","M","?","M","R","?","E","T","E","$","R","M","M","R","BOSS","M","?","?","?","$","R","M","?","T","R","M","R","E","?","R","BOSS"],"build_version":"2018-12-13","purchased_purges":0,"victory":false,"max_hp_per_floor":[71,71,71,71,71,71,71,71,71,71,71,71,71,71,71,71,71,71,71,71,71,71,71,71,71,71,71,71,71,71,71,71,71],"card_choices":[{"not_picked":["White Noise","Consume"],"picked":"Genetic Algorithm","floor":1.0},{"not_picked":["Stack","Gash"],"picked":"Go for the Eyes","floor":3.0},{"not_picked":["Recycle","Skim"],"picked":"Self Repair","floor":5.0},{"not_picked":["Conserve Battery","Stack"],"picked":"Cold Snap","floor":7.0},{"not_picked":["Blizzard","Gash"],"picked":"Compile Driver","floor":8.0},{"not_picked":["Scrape","Chill"],"picked":"Leap","floor":13.0},{"not_picked":["Rebound","Genetic Algorithm"],"picked":"Capacitor","floor":14.0},{"not_picked":["Amplify","All For One"],"picked":"Biased Cognition","floor":16.0},{"not_picked":["Stack","Rip and Tear"],"picked":"Barrage+1","floor":18.0},{"not_picked":["Heatsinks","Hologram"],"picked":"Go for the Eyes","floor":19.0},{"not_picked":["Hologram","Blizzard+1"],"picked":"Defragment","floor":21.0},{"not_picked":["Rebound","Chaos","Turbo"],"picked":"SKIP","floor":24.0},{"not_picked":["Gash","Steam"],"picked":"Loop","floor":28},{"not_picked":["Melter","Go for the Eyes"],"picked":"Stack","floor":30}],"player_experience":1153034,"relics_obtained":[{"floor":8.0,"key":"Regal Pillow"},{"floor":9.0,"key":"MawBank"},{"floor":10.0,"key":"Blood Vial"},{"floor":30,"key":"Ancient Tea Set"}],"event_choices":[{"damage_healed":0.0,"max_hp_gain":0.0,"max_hp_loss":0.0,"gold_gain":0.0,"event_name":"Scrap Ooze","player_choice":"Success","floor":2.0,"gold_loss":0.0,"damage_taken":26.0,"relics_obtained":["War Paint"]},{"cards_removed":["Strike_B"],"damage_healed":0.0,"max_hp_gain":0.0,"max_hp_loss":0.0,"gold_gain":0.0,"event_name":"Purifier","player_choice":"Purged","floor":4.0,"gold_loss":0.0,"damage_taken":0.0},{"cards_removed":["Go for the Eyes"],"damage_healed":0.0,"max_hp_gain":0.0,"max_hp_loss":0.0,"gold_gain":0.0,"event_name":"WeMeetAgain","player_choice":"Gave Card","floor":20.0,"gold_loss":0.0,"damage_taken":0.0,"relics_obtained":["Lantern"]},{"damage_healed":0.0,"max_hp_gain":0.0,"max_hp_loss":0.0,"gold_gain":0.0,"event_name":"Cursed Tome","player_choice":"Ignored","floor":25.0,"gold_loss":0.0,"damage_taken":0.0},{"damage_healed":0,"gold_gain":0,"player_choice":"Ignored","damage_taken":0,"max_hp_gain":0,"max_hp_loss":0,"event_name":"Beggar","floor":31,"gold_loss":0}],"is_beta":true,"boss_relics":[{"not_picked":["White Beast Statue","Empty Cage"],"picked":"Cursed Key"}],"items_purged_floors":[],"is_endless":false,"potions_floor_spawned":[1,5,8,13,16,21,24],"killed_by":"Collector","ascension_level":20}