{"path_per_floor":["M","M","M","M","?","R","E","M","T","R","M","?","M","M","R","B",null,"M","?","?","$","?","R","?","?","T","R","M","R","M","?","R","B",null,"M","?","?","$","?"],"character_chosen":"THE_SILENT","items_purchased":["Shovel"],"gold_per_floor":[113,124,139,152,152,152,182,197,197,197,207,207,217,230,230,333,333,346,346,346,53,53,53,53,53,100,100,115,115,126,126,126,225,225,245,245,0,0,0,0],"floor_reached":40,"campfire_rested":2,"playtime":2216,"current_hp_per_floor":[70,70,70,66,66,66,44,37,37,58,56,56,56,52,52,45,70,68,68,68,68,68,68,75,75,75,75,61,61,59,43,77,3,77,60,50,50,50,50,0],"items_purged":[],"gold":0,"score":384,"play_id":"2af721bd-c4e1-4d1d-a1d5-8ed77d6a0132","local_time":"20180331151505","is_prod":false,"is_daily":false,"is_ascension_mode":false,"campfire_upgraded":2,"timestamp":1522523705,"path_taken":["M","M","M","?","?","R","E","?","T","R","M","?","M","M","R","BOSS","M","?","?","$","?","R","?","?","T","R","M","R","M","?","R","BOSS","M","?","?","?","?","E"],"build_version":"2018-03-29","purchased_purges":0,"victory":false,"master_deck":["Defend_G+1","Defend_G+1","Defend_G+1","Defend_G+1","Defend_G+1","Strike_G+1","Strike_G+1","Strike_G+1","Strike_G+1","Strike_G+1","Survivor","Neutralize+1","Quick Slash","Skewer","PiercingWail","Doppelganger","Backflip","Well Laid Plans","Skewer+1","Flying Knee","Acrobatics","Glass Knife+1","Regret","Decay","Injury","Footwork","Cloak And Dagger","Caltrops","Backflip+1","After Image","Prepared+1","Madness","Madness"],"max_hp_per_floor":[70,70,70,70,70,70,70,70,70,70,70,70,70,70,70,70,70,70,70,70,70,70,70,77,77,77,77,77,77,77,77,77,77,77,77,77,77,77,77,77],"relics":["Ring of the Snake","Anchor","Whetstone","Paper Crane","Mummified Hand","Calling Bell","Sundial","Tingsha","Unceasing Top","Shovel","Juzu Bracelet","Strawberry","Snake Skull","Regal Pillow","Bag of Marbles","Enchiridion","Black Star","Red Mask"],"card_choices":[{"not_picked":["Deflect","Expertise"],"picked":"Quick Slash","floor":1},{"not_picked":["Dagger Spray","Bouncing Flask"],"picked":"Skewer","floor":2},{"not_picked":["Deflect","Dagger Throw"],"picked":"PiercingWail","floor":3},{"not_picked":["PiercingWail","Acrobatics"],"picked":"Doppelganger","floor":4},{"not_picked":["Prepared","Dodge and Roll"],"picked":"Backflip","floor":7},{"not_picked":["Endless Agony","Flying Knee"],"picked":"Well Laid Plans","floor":8},{"not_picked":["Distraction","Prepared"],"picked":"Skewer","floor":11},{"not_picked":["Wraith Form","Dagger Spray"],"picked":"Flying Knee","floor":13},{"not_picked":["Endless Agony","Backflip"],"picked":"Acrobatics","floor":14},{"not_picked":["Corpse Explosion","Storm of Steel"],"picked":"Glass Knife","floor":16},{"not_picked":["Outmaneuver","Dagger Throw"],"picked":"Footwork","floor":18},{"not_picked":["Crippling Poison","Prepared"],"picked":"Caltrops","floor":28},{"not_picked":["Dagger Throw","Dodge and Roll"],"picked":"Backflip","floor":30},{"not_picked":["Night Terror","Burst"],"picked":"After Image","floor":33},{"not_picked":["Catalyst","Slice"],"picked":"Prepared","floor":35}],"player_experience":31092,"potions_floor_usage":[7,16,16,33],"damage_taken":[{"damage":0,"enemies":"Cultist","floor":1,"turns":5},{"damage":0,"enemies":"Jaw Worm","floor":2,"turns":4},{"damage":0,"enemies":"2 Louse","floor":3,"turns":2},{"damage":4,"enemies":"Red Slaver","floor":4,"turns":6},{"damage":22,"enemies":"Lagavulin","floor":7,"turns":5},{"damage":7,"enemies":"Exordium Thugs","floor":8,"turns":6},{"damage":2,"enemies":"Large Slime","floor":11,"turns":6},{"damage":0,"enemies":"Red Slaver","floor":13,"turns":5},{"damage":4,"enemies":"Gremlin Gang","floor":14,"turns":4},{"damage":22,"enemies":"The Guardian","floor":16,"turns":12},{"damage":2,"enemies":"Chosen","floor":18,"turns":4},{"damage":14,"enemies":"2 Thieves","floor":28,"turns":5},{"damage":2,"enemies":"Slaver and Parasite","floor":30,"turns":7},{"damage":74,"enemies":"Champ","floor":33,"turns":14},{"damage":17,"enemies":"Flame Bruiser 1 Orb","floor":35,"turns":5},{"damage":100,"enemies":"Giant Head","floor":40,"turns":10}],"event_choices":[{"event_name":"Liars Game","player_choice":"disagreed","floor":5,"damage_taken":0},{"event_name":"Wheel of Change","player_choice":"Relic","floor":12,"damage_taken":0},{"event_name":"The Library","player_choice":"Read","floor":19,"damage_taken":0},{"event_name":"Vampires","player_choice":"Ignored","floor":20,"damage_taken":0},{"event_name":"Upgrade Shrine","player_choice":"Upgraded","floor":22,"damage_taken":0},{"event_name":"The Mausoleum","player_choice":"Yes","floor":24,"damage_taken":0},{"event_name":"Back to Basics","player_choice":"Simplicity","floor":25,"damage_taken":0},{"event_name":"Cursed Tome","player_choice":"Obtained Book","floor":31,"damage_taken":0},{"event_name":"Winding Halls","player_choice":"Embrace Madness","floor":36,"damage_taken":0},{"event_name":"Tomb of Lord Red Mask","player_choice":"Paid","floor":37,"damage_taken":0},{"event_name":"SecretPortal","player_choice":"Rejected Portal.","floor":39,"damage_taken":0}],"boss_relics":[{"not_picked":["Runic Dome","The Specimen"],"picked":"Calling Bell"},{"not_picked":["Runic Pyramid","Philosopher\u0027s Stone"],"picked":"Black Star"}],"potions_floor_spawned":[2,3,4,13,14,18,35],"seed_played":"-7871943947419466691","killed_by":"Giant Head","ascension_level":0,"is_trial":false}