{"path_per_floor":["M","?","?","M","M","R","M","R","T","R","M","?","$","M","R","B",null,"M","$","M","?","?","R","$","R","T","R","$","M","M","M","R"],"character_chosen":"DEFECT","items_purchased":["Capacitor","Darkness","Beam Cell","Bag of Marbles","Darkness"],"gold_per_floor":[112,112,112,125,140,140,160,160,160,160,177,177,126,138,138,234,234,248,0,16,16,16,16,16,16,89,89,8,22,32,47,47,47],"floor_reached":33,"campfire_rested":3,"playtime":1133,"current_hp_per_floor":[68,68,61,61,61,61,56,56,56,56,55,55,55,50,75,26,75,43,43,29,29,29,66,66,66,66,66,66,60,51,29,66,0],"items_purged":[],"gold":47,"score":262,"play_id":"89dfc09b-a9c5-4f2b-9d29-603b9418721a","local_time":"20180428140815","is_prod":false,"is_daily":false,"chose_seed":false,"is_ascension_mode":false,"campfire_upgraded":5,"timestamp":1524938895,"path_taken":["M","?","?","M","M","R","M","R","T","R","M","?","$","?","R","BOSS","M","?","M","?","?","R","$","R","T","R","$","M","M","M","R","BOSS"],"build_version":"2018-04-27v3","seed_source_timestamp":1401731736239700,"purchased_purges":0,"victory":false,"master_deck":["Zap","Dualcast+1","Cold Snap","Force Field","Double Energy+1","Self Repair+1","Darkness+1","Capacitor","Capacitor","Echo Form","Scrape","Stack","Skim","FTL","Streamline","Darkness+1","Beam Cell","Darkness+1","Beam Cell","Chaos","Darkness","Hologram+1","Leap+1","White Noise"],"max_hp_per_floor":[75,75,75,75,75,75,75,75,75,75,75,75,75,75,75,75,75,75,75,75,75,75,75,75,75,75,75,75,75,75,75,75,75],"relics":["Cracked Core","Regal Pillow","Shuriken","Pandora\u0027s Box","Bag of Marbles","Gremlin Horn"],"card_choices":[{"not_picked":["Stack","Coolheaded"],"picked":"Cold Snap","floor":1},{"not_picked":["Barrage","Recycle"],"picked":"Force Field","floor":4},{"not_picked":["Streamline","Stack"],"picked":"Double Energy","floor":5},{"not_picked":["Hologram","Impulse"],"picked":"Self Repair","floor":7},{"not_picked":["Skim","Barrage"],"picked":"Darkness","floor":11},{"not_picked":["Stack","Force Field"],"picked":"Capacitor","floor":14},{"not_picked":["Prime","Meteor Strike"],"picked":"Echo Form","floor":16},{"not_picked":["Rebound","Impulse"],"picked":"Beam Cell","floor":18},{"not_picked":["Impulse","Storm"],"picked":"Chaos","floor":20},{"not_picked":["Axe Kick","Genetic Algorithm"],"picked":"Hologram","floor":29},{"not_picked":["Impulse","Reinforced Body"],"picked":"Leap","floor":30},{"not_picked":["Go for the Eyes","Hologram"],"picked":"White Noise","floor":31}],"player_experience":311692,"potions_floor_usage":[20,33],"damage_taken":[{"damage":7,"enemies":"Jaw Worm","floor":1,"turns":6},{"damage":0,"enemies":"Cultist","floor":4,"turns":4},{"damage":0,"enemies":"2 Louse","floor":5,"turns":3},{"damage":5,"enemies":"Large Slime","floor":7,"turns":7},{"damage":11,"enemies":"Red Slaver","floor":11,"turns":3},{"damage":15,"enemies":"2 Fungi Beasts","floor":14,"turns":4},{"damage":59,"enemies":"The Guardian","floor":16,"turns":11},{"damage":42,"enemies":"Shell Parasite","floor":18,"turns":5},{"damage":33,"enemies":"3 Byrds","floor":20,"turns":5},{"damage":16,"enemies":"Centurion and Healer","floor":29,"turns":5},{"damage":29,"enemies":"Chosen and Byrds","floor":30,"turns":5},{"damage":32,"enemies":"Sentry and Sphere","floor":31,"turns":5},{"damage":71,"enemies":"Automaton","floor":33,"turns":6}],"event_choices":[{"event_name":"Bonfire Elementals","player_choice":"BASIC","floor":2,"damage_taken":0},{"event_name":"Golden Wing","player_choice":"Card Removal","floor":3,"damage_taken":0},{"event_name":"Upgrade Shrine","player_choice":"Upgraded","floor":12,"damage_taken":0},{"event_name":"Addict","player_choice":"Ignored","floor":21,"damage_taken":0},{"event_name":"Beggar","player_choice":"Ignored","floor":22,"damage_taken":0}],"boss_relics":[{"not_picked":["Lizard Tail","Runic Pyramid"],"picked":"Pandora\u0027s Box"}],"potions_floor_spawned":[7,18,31],"seed_played":"7360308909784300223","killed_by":"Automaton","ascension_level":0,"is_trial":false}