{"path_per_floor":["M","?","M","M","?","R","E","R","T","$","T","R","M","?","R","B",null,"M","?","T","$","M","R","T","M","T","M","R","M","M","M","R","B",null,"M","M","$","?","M","M","$","R","T","R","?","M","R","?","R"],"character_chosen":"IRONCLAD","items_purchased":["Headbutt","Armaments","Flex","Whirlwind"],"gold_per_floor":[116,66,83,102,102,102,127,127,127,27,77,77,95,95,95,199,199,184,184,184,36,52,52,52,67,67,83,83,99,118,133,133,236,236,249,261,109,109,127,137,59,59,106,106,106,123,123,0,0],"floor_reached":50,"campfire_rested":6,"playtime":2207,"current_hp_per_floor":[75,75,79,80,77,77,65,65,65,65,65,65,70,63,77,44,77,72,72,86,86,84,84,84,80,80,61,88,91,73,58,85,12,91,73,46,46,82,66,47,47,47,47,72,72,34,59,59,84],"items_purged":["Strike_R","Regret","Normality"],"gold":0,"score":417,"play_id":"e7cd5311-712b-48b9-85a2-dc2deb1e62cc","local_time":"20180303011747","is_prod":false,"is_daily":false,"is_ascension_mode":false,"campfire_upgraded":5,"timestamp":1520057867,"path_taken":["M","?","?","?","?","R","E","R","T","$","?","R","M","?","R","BOSS","M","?","?","?","?","R","?","?","T","M","R","M","M","M","R","BOSS","M","M","$","?","M","M","?","R","T","R","?","M","R","?","R","BOSS"],"build_version":"2018-03-01-PROD1","purchased_purges":3,"victory":false,"master_deck":["Defend_R","Defend_R","Defend_R","Defend_R","Bash","Demon Form+1","Infernal Blade","Wild Strike+1","Headbutt","Iron Wave","Flame Barrier+1","Armaments","Cleave+1","Bloodletting+1","Iron Wave","Twin Strike","Twin Strike+1","Feed","Sever Soul+1","Normality","Power Through+1","Flame Barrier+1","Flex","Shockwave+1","Heavy Blade","Whirlwind","Regret","Shrug It Off"],"max_hp_per_floor":[80,80,80,80,77,77,77,77,77,77,77,77,77,77,77,77,77,77,77,91,91,91,91,91,91,91,91,91,91,91,91,91,91,91,91,94,94,82,82,85,85,85,85,85,85,85,85,85,85],"relics":["Burning Blood","Ginger","Torii","Ancient Tea Set","Cursed Key","Mango","Sundial","Ornamental Fan","Astrolabe","Oddly Smooth Stone","Red Mask"],"card_choices":[{"not_picked":["Fiend Fire","Juggernaut"],"picked":"Demon Form"},{"not_picked":["Body Slam","Perfected Strike"],"picked":"Headbutt"},{"not_picked":["Entrench","Juggernaut"],"picked":"Infernal Blade"},{"not_picked":["Havoc","Cleave"],"picked":"Wild Strike"},{"not_picked":["Body Slam","Sword Boomerang"],"picked":"Iron Wave"},{"not_picked":["Pommel Strike","Metallicize"],"picked":"Flame Barrier"},{"not_picked":["Burning Pact","Warcry"],"picked":"Cleave"},{"not_picked":["Perfected Strike","Rage"],"picked":"Bloodletting"},{"not_picked":["Thunderclap","Flex"],"picked":"Iron Wave"},{"not_picked":["Clothesline","Clash"],"picked":"Twin Strike"},{"not_picked":["Wild Strike","Perfected Strike"],"picked":"Twin Strike"},{"not_picked":["Exhume","Brutality"],"picked":"Feed"},{"not_picked":["Anger","Intimidate"],"picked":"Power Through"},{"not_picked":["Clothesline","Metallicize"],"picked":"Flame Barrier"},{"not_picked":["Power Through","Havoc"],"picked":"Shockwave"},{"not_picked":["Sword Boomerang","Body Slam"],"picked":"Heavy Blade"},{"not_picked":["Intimidate","Clash"],"picked":"Shrug It Off"}],"player_experience":341880,"potions_floor_usage":[13,25,29,29,39,39,50],"damage_taken":[{"damage":11,"enemies":"Jaw Worm","floor":1,"turns":5},{"damage":2,"enemies":"2 Louse","floor":3,"turns":2},{"damage":1,"enemies":"Cultist","floor":4,"turns":4},{"damage":18,"enemies":"Lagavulin","floor":7,"turns":5},{"damage":1,"enemies":"Gremlin Gang","floor":13,"turns":3},{"damage":39,"enemies":"Hexaghost","floor":16,"turns":8},{"damage":11,"enemies":"2 Thieves","floor":18,"turns":4},{"damage":8,"enemies":"Spheric Guardian","floor":22,"turns":4},{"damage":10,"enemies":"Centurion and Healer","floor":25,"turns":6},{"damage":25,"enemies":"Snecko","floor":27,"turns":7},{"damage":2,"enemies":"Slaver and Parasite","floor":29,"turns":6},{"damage":24,"enemies":"Centurion and Healer","floor":30,"turns":8},{"damage":21,"enemies":"Snake Plant","floor":31,"turns":4},{"damage":79,"enemies":"Automaton","floor":33,"turns":10},{"damage":24,"enemies":"3 Darklings","floor":35,"turns":8},{"damage":36,"enemies":"3 Shapes","floor":36,"turns":6},{"damage":22,"enemies":"Maw","floor":39,"turns":7},{"damage":28,"enemies":"4 Shapes","floor":40,"turns":7},{"damage":44,"enemies":"Sphere and 2 Shapes","floor":46,"turns":5},{"damage":88,"enemies":"Donu and Deca","floor":50,"turns":7}],"event_choices":[{"event_name":"The Cleric","player_choice":"Card Removal","floor":2,"damage_taken":0},{"event_name":"Fountain of Cleansing","player_choice":"Removed Curse","floor":5,"damage_taken":0},{"event_name":"Golden Wing","player_choice":"Card Removal","floor":14,"damage_taken":0},{"event_name":"Purifier","player_choice":"One Purge","floor":19,"damage_taken":0},{"event_name":"The Moai Head","player_choice":"Heal","floor":38,"damage_taken":0},{"event_name":"Tomb of Lord Red Mask","player_choice":"Paid","floor":48,"damage_taken":0}],"boss_relics":[{"not_picked":["Black Star","Philosopher\u0027s Stone"],"picked":"Cursed Key"},{"not_picked":["Question Card","Runic Dome"],"picked":"Astrolabe"}],"potions_floor_spawned":[4,16,18,27,33,36,40,46],"seed_played":"3521111273238636949","killed_by":"Donu and Deca","ascension_level":0,"is_trial":false}