{"gold_per_floor":[123,145,172,200,226,238,270,432,469,497,509,23,58,75,75,75],"floor_reached":16,"playtime":582,"items_purged":["Doubt"],"score":196,"play_id":"05901f48-1615-4299-a3b9-725492389c1a","local_time":"20190212134734","is_ascension_mode":true,"campfire_choices":[{"floor":6,"key":"REST"},{"floor":11,"key":"REST"},{"floor":15,"key":"REST"}],"neow_cost":"NONE","seed_source_timestamp":48891381898348,"circlet_count":0,"master_deck":["AscendersBane","Strike_B","Strike_B","Strike_B","Strike_B","Defend_B","Defend_B","Defend_B","Defend_B","Zap","Dualcast","Sweeping Beam","Loop","Chill","Go for the Eyes","Conserve Battery","Amplify","Defragment+1","Buffer+1","Reinforced Body"],"relics":["Cracked Core","MawBank","Smiling Mask","Frozen Egg 2","Blood Vial"],"potions_floor_usage":[4,4,13,13,14,16],"damage_taken":[{"damage":2,"enemies":"Cultist","floor":1,"turns":4},{"damage":10,"enemies":"Small Slimes","floor":2,"turns":4},{"damage":14,"enemies":"Jaw Worm","floor":3,"turns":4},{"damage":3,"enemies":"3 Louse","floor":4,"turns":3},{"damage":24,"enemies":"Gremlin Gang","floor":5,"turns":5},{"damage":0,"enemies":"Lots of Slimes","floor":7,"turns":5},{"damage":10,"enemies":"2 Fungi Beasts","floor":10,"turns":4},{"damage":37,"enemies":"Gremlin Nob","floor":13,"turns":5},{"damage":0,"enemies":"Exordium Thugs","floor":14,"turns":7},{"damage":40,"enemies":"The Guardian","floor":16,"turns":10}],"seed_played":"-5398243978587338230","potions_obtained":[{"floor":1,"key":"Swift Potion"},{"floor":3,"key":"SpeedPotion"},{"floor":5,"key":"Poison Potion"},{"floor":13,"key":"SpeedPotion"},{"floor":14,"key":"Weak Potion"}],"is_trial":false,"path_per_floor":["M","M","M","M","M","R","M","?","T","M","R","$","E","M","R","B"],"character_chosen":"DEFECT","items_purchased":["Frozen Egg 2","Defragment+1","Fruit Juice"],"campfire_rested":3,"item_purchase_floors":[12,12,12],"current_hp_per_floor":[62,52,38,35,11,32,32,32,32,22,43,43,11,13,35,0],"gold":75,"neow_bonus":"RANDOM_COMMON_RELIC","is_prod":false,"is_daily":false,"chose_seed":false,"campfire_upgraded":0,"win_rate":0,"timestamp":1549997254,"path_taken":["M","M","?","M","M","R","M","?","T","M","R","$","E","M","R","BOSS"],"build_version":"2019-01-23","purchased_purges":1,"victory":false,"max_hp_per_floor":[71,71,71,71,71,71,71,71,71,71,71,71,76,76,76,76],"card_choices":[{"not_picked":["Recycle","Double Energy"],"picked":"Sweeping Beam","floor":1},{"not_picked":["Gash","Tempest"],"picked":"Loop","floor":2},{"not_picked":["Beam Cell","Barrage"],"picked":"Chill","floor":3},{"not_picked":["Coolheaded","Double Energy"],"picked":"Go for the Eyes","floor":4},{"not_picked":["Chaos","Hologram"],"picked":"Conserve Battery","floor":5},{"not_picked":["Lockon","Go for the Eyes","Sweeping Beam"],"picked":"SKIP","floor":7},{"not_picked":["Gash","Double Energy"],"picked":"Amplify","floor":10},{"not_picked":["Turbo","Double Energy"],"picked":"Buffer+1","floor":13},{"not_picked":["Double Energy","Steam"],"picked":"Reinforced Body","floor":14}],"player_experience":267230,"relics_obtained":[{"floor":9,"key":"Smiling Mask"},{"floor":13,"key":"Blood Vial"}],"event_choices":[{"damage_healed":0,"gold_gain":150,"player_choice":"AGREE","damage_taken":0,"max_hp_gain":0,"max_hp_loss":0,"event_name":"Liars Game","floor":8,"gold_loss":0,"cards_obtained":["Doubt"]}],"is_beta":false,"boss_relics":[],"items_purged_floors":[12],"is_endless":false,"potions_floor_spawned":[1,3,5,13,14],"killed_by":"The Guardian","ascension_level":17}