{"gold_per_floor":[117,129,129,141,66,93,43,43,43,56,56,74,74,92,92,190,190,202,117,117,130,145,145,160,160,160,179,39,50,50,63,63,63],"floor_reached":33,"playtime":2048,"items_purged":["Defend_B","Strike_B"],"score":276,"play_id":"28d33d21-96db-42e9-872a-92ded8476822","local_time":"20190112211815","is_ascension_mode":false,"campfire_choices":[{"floor":8,"key":"REST"},{"data":"Capacitor","floor":11,"key":"SMITH"},{"data":"Consume","floor":13,"key":"SMITH"},{"floor":15,"key":"REST"},{"floor":23,"key":"REST"},{"floor":25,"key":"REST"},{"floor":32,"key":"REST"}],"neow_cost":"NONE","seed_source_timestamp":31708211646457,"circlet_count":0,"master_deck":["Defend_B","Defend_B","Defend_B","Zap","Dualcast","Storm","Beam Cell","FTL","Ball Lightning","Capacitor+1","Consume+1","Ball Lightning","Echo Form","Skim","Lockon","Loop","Amplify"],"relics":["Cracked Core","Unceasing Top","Nunchaku","Nuclear Battery","Bag of Preparation","Strawberry"],"potions_floor_usage":[21,21,22],"damage_taken":[{"damage":0,"enemies":"Cultist","floor":1,"turns":3},{"damage":1,"enemies":"Jaw Worm","floor":2,"turns":3},{"damage":3,"enemies":"Small Slimes","floor":4,"turns":3},{"damage":30,"enemies":"3 Sentries","floor":6,"turns":6},{"damage":9,"enemies":"Blue Slaver","floor":10,"turns":3},{"damage":10,"enemies":"Looter","floor":12,"turns":2},{"damage":13,"enemies":"Lots of Slimes","floor":14,"turns":4},{"damage":62,"enemies":"The Guardian","floor":16,"turns":8},{"damage":14,"enemies":"3 Byrds","floor":18,"turns":5},{"damage":20,"enemies":"2 Thieves","floor":21,"turns":3},{"damage":20,"enemies":"Snecko","floor":22,"turns":6},{"damage":16,"enemies":"Centurion and Healer","floor":24,"turns":4},{"damage":32,"enemies":"Snake Plant","floor":27,"turns":4},{"damage":14,"enemies":"Snecko","floor":29,"turns":5},{"damage":23,"enemies":"Centurion and Healer","floor":31,"turns":4},{"damage":36,"enemies":"Collector","floor":33,"turns":3}],"seed_played":"3409703289203643249","potions_obtained":[{"floor":1,"key":"Swift Potion"},{"floor":14,"key":"Swift Potion"},{"floor":16,"key":"Poison Potion"},{"floor":18,"key":"Fruit Juice"},{"floor":24,"key":"SteroidPotion"},{"floor":29,"key":"Strength Potion"},{"floor":31,"key":"Dexterity Potion"}],"is_trial":false,"path_per_floor":["M","M","?","M","$","E","?","R","T","M","R","M","R","M","R","B",null,"M","?","?","M","M","R","M","R","T","M","$","M","$","M","R","B"],"character_chosen":"DEFECT","items_purchased":["Loop"],"campfire_rested":5,"item_purchase_floors":[28],"current_hp_per_floor":[82,81,81,78,78,48,48,72,72,63,63,53,53,40,64,2,82,68,68,68,53,33,59,43,69,76,44,44,30,30,7,35,0],"gold":63,"neow_bonus":"TEN_PERCENT_HP_BONUS","is_prod":false,"is_daily":false,"chose_seed":false,"campfire_upgraded":2,"win_rate":0.0,"timestamp":1547345895,"path_taken":["M","M","?","M","$","E","?","R","T","M","R","M","R","?","R","BOSS","M","?","?","M","?","R","M","R","T","?","$","M","$","M","R","BOSS"],"build_version":"2019-01-10","purchased_purges":2,"victory":false,"max_hp_per_floor":[82,82,82,82,82,82,82,82,82,82,82,82,82,82,82,82,82,82,82,82,87,87,87,87,87,94,94,94,94,94,94,94,94],"card_choices":[{"not_picked":["Coolheaded","Rebound"],"picked":"Storm","floor":1},{"not_picked":["Static Discharge","Skim"],"picked":"Beam Cell","floor":2},{"not_picked":["Streamline","Barrage"],"picked":"Ball Lightning","floor":4},{"not_picked":["Ball Lightning","Force Field","Static Discharge"],"picked":"SKIP","floor":6},{"not_picked":["Blizzard","Heatsinks"],"picked":"Capacitor","floor":10},{"not_picked":["Rebound","Beam Cell"],"picked":"Consume","floor":12},{"not_picked":["Force Field","Loop"],"picked":"Ball Lightning","floor":14},{"not_picked":["Fission","Multi-Cast"],"picked":"Echo Form","floor":16},{"not_picked":["Blizzard","BootSequence","Cold Snap"],"picked":"SKIP","floor":18},{"not_picked":["Compile Driver","Beam Cell+1","Steam+1"],"picked":"SKIP","floor":21},{"not_picked":["Beam Cell","Stack","Ball Lightning"],"picked":"SKIP","floor":22},{"not_picked":["Steam","Scrape+1","Reprogram+1"],"picked":"SKIP","floor":24},{"not_picked":["Go for the Eyes+1","Scrape+1"],"picked":"Lockon","floor":27},{"not_picked":["Coolheaded","Blizzard"],"picked":"Amplify","floor":29},{"not_picked":["Scrape","Melter","Sweeping Beam"],"picked":"SKIP","floor":31}],"player_experience":51936,"relics_obtained":[{"floor":6,"key":"Unceasing Top"},{"floor":9,"key":"Nunchaku"},{"floor":26,"key":"Strawberry"}],"event_choices":[{"damage_healed":0,"gold_gain":0,"cards_transformed":["Strike_B"],"player_choice":"Change","damage_taken":0,"max_hp_gain":0,"max_hp_loss":0,"event_name":"Living Wall","floor":3,"gold_loss":0,"cards_obtained":["FTL"]},{"cards_removed":["Strike_B"],"damage_healed":0,"gold_gain":0,"player_choice":"Card Removal","damage_taken":0,"max_hp_gain":0,"max_hp_loss":0,"event_name":"The Cleric","floor":7,"gold_loss":50},{"damage_healed":0,"gold_gain":0,"player_choice":"Obtained Relic","damage_taken":0,"relics_obtained":["Bag of Preparation"],"max_hp_gain":0,"max_hp_loss":0,"event_name":"Addict","floor":19,"gold_loss":85},{"damage_healed":0,"gold_gain":0,"cards_transformed":["Strike_B"],"player_choice":"Transformed","damage_taken":0,"max_hp_gain":0,"max_hp_loss":0,"event_name":"Transmorgrifier","floor":20,"gold_loss":0,"cards_obtained":["Skim"]}],"is_beta":false,"boss_relics":[{"not_picked":["Cursed Key","Inserter"],"picked":"Nuclear Battery"}],"items_purged_floors":[5,28],"is_endless":false,"potions_floor_spawned":[1,14,16,18,24,29,31],"killed_by":"Collector","ascension_level":0}