{"gold_per_floor":[118,118,137,147,147,181,181,192,218,218,232,251,285,82,82,186,236,247,258,208,220,92,92,105,105],"floor_reached":25,"playtime":1288,"items_purged":["Strike_B","Strike_B"],"score":333,"play_id":"87f9c602-2e91-4a50-9099-959c02d1dd23","local_time":"20181229164943","is_ascension_mode":true,"campfire_choices":[{"floor":7,"key":"REST"},{"data":"Sunder","floor":10,"key":"SMITH"},{"floor":15,"key":"REST"},{"floor":23,"key":"REST"}],"neow_cost":"NONE","seed_source_timestamp":69207959116153,"circlet_count":0,"master_deck":["AscendersBane","Strike_B","Strike_B","Defend_B","Defend_B","Defend_B","Defend_B","Zap","Dualcast","Self Repair","Glacier+1","Doom and Gloom","Dramatic Entrance","Leap","Sunder+1","Tempest","Redo","Skim","Cold Snap","Creative AI","Auto Shields","Ball Lightning","Undo","Chill","Conserve Battery","Ball Lightning","Go for the Eyes"],"relics":["Cracked Core","NeowsBlessing","Centennial Puzzle","Oddly Smooth Stone","Smiling Mask","Bag of Preparation","Tiny House"],"potions_floor_usage":[12,13,16,19,24],"damage_taken":[{"damage":0,"enemies":"Small Slimes","floor":1,"turns":1},{"damage":0,"enemies":"2 Louse","floor":3,"turns":1},{"damage":0,"enemies":"Cultist","floor":4,"turns":1},{"damage":49,"enemies":"Lagavulin","floor":6,"turns":9},{"damage":3,"enemies":"Blue Slaver","floor":8,"turns":5},{"damage":15,"enemies":"Gremlin Gang","floor":11,"turns":4},{"damage":0,"enemies":"3 Louse","floor":12,"turns":1},{"damage":16,"enemies":"3 Sentries","floor":13,"turns":5},{"damage":35,"enemies":"The Guardian","floor":16,"turns":17},{"damage":1,"enemies":"Chosen","floor":18,"turns":5},{"damage":16,"enemies":"Spheric Guardian","floor":19,"turns":4},{"damage":62,"enemies":"3 Cultists","floor":21,"turns":7},{"damage":2,"enemies":"Snake Plant","floor":24,"turns":5},{"damage":39,"enemies":"Book of Stabbing","floor":25,"turns":5}],"seed_played":"472620080067805471","potions_obtained":[{"floor":1,"key":"PowerPotion"},{"floor":6,"key":"PowerPotion"},{"floor":12,"key":"Fire Potion"},{"floor":17,"key":"Fire Potion"},{"floor":21,"key":"Block Potion"}],"is_trial":false,"path_per_floor":["M","?","M","M","?","E","R","M","T","R","M","M","E","$","R","B",null,"M","M","?","M","$","R","M","E"],"character_chosen":"DEFECT","items_purchased":["Bag of Preparation","Conserve Battery","Ball Lightning"],"campfire_rested":3,"item_purchase_floors":[14,22,22],"current_hp_per_floor":[68,68,68,68,68,26,48,52,52,52,44,44,35,35,57,29,69,75,66,66,4,4,28,33,0],"gold":105,"neow_bonus":"THREE_ENEMY_KILL","is_prod":false,"is_daily":false,"chose_seed":false,"campfire_upgraded":1,"win_rate":0,"timestamp":1546120183,"path_taken":["M","?","M","M","?","E","R","?","T","R","M","M","E","$","R","BOSS","M","M","?","?","$","R","M","E"],"build_version":"2018-12-25","purchased_purges":2,"victory":false,"max_hp_per_floor":[75,75,75,75,75,75,75,75,75,75,75,75,75,75,75,75,80,80,80,80,80,80,80,80,80],"card_choices":[{"not_picked":["Consume","Rebound"],"picked":"Self Repair","floor":1},{"not_picked":["Stack","Redo"],"picked":"Glacier","floor":3},{"not_picked":["Static Discharge","Force Field"],"picked":"Doom and Gloom","floor":4},{"not_picked":["Lockon","Coolheaded"],"picked":"Sunder","floor":6},{"not_picked":["Blizzard","Leap"],"picked":"Tempest","floor":8},{"not_picked":["Recycle","Steam Power"],"picked":"Redo","floor":11},{"not_picked":["Cold Snap","Turbo"],"picked":"Skim","floor":12},{"not_picked":["Rip and Tear","Melter"],"picked":"Cold Snap","floor":13},{"not_picked":["Reboot","Amplify"],"picked":"Creative AI","floor":16},{"not_picked":["Go for the Eyes","Gash"],"picked":"Auto Shields","floor":17},{"not_picked":["White Noise+1","Sweeping Beam"],"picked":"Ball Lightning","floor":18},{"not_picked":["Go for the Eyes","White Noise"],"picked":"Undo","floor":19},{"not_picked":["Chaos","Rebound+1"],"picked":"Chill","floor":21},{"not_picked":["Gash","Chill"],"picked":"Go for the Eyes","floor":24}],"player_experience":1057006,"relics_obtained":[{"floor":6,"key":"Centennial Puzzle"},{"floor":9,"key":"Oddly Smooth Stone"},{"floor":13,"key":"Smiling Mask"}],"event_choices":[{"damage_healed":0,"gold_gain":0,"player_choice":"Ignored","damage_taken":0,"max_hp_gain":0,"max_hp_loss":0,"event_name":"Shining Light","floor":2,"gold_loss":0},{"damage_healed":0,"gold_gain":0,"player_choice":"2 cards matched","damage_taken":0,"max_hp_gain":0,"max_hp_loss":0,"event_name":"Match and Keep!","floor":5,"gold_loss":0,"cards_obtained":["Dramatic Entrance","Leap"]},{"damage_healed":0,"gold_gain":0,"player_choice":"Bet on Owner","damage_taken":0,"max_hp_gain":0,"max_hp_loss":0,"event_name":"The Joust","floor":20,"gold_loss":50}],"is_beta":true,"boss_relics":[{"not_picked":["Black Star","Coffee Dripper"],"picked":"Tiny House"}],"items_purged_floors":[14,22],"is_endless":false,"potions_floor_spawned":[1,6,11,12,21],"killed_by":"Book of Stabbing","ascension_level":11}