{"path_per_floor":["M","M","M","M","?","?","M","$","T","R","E","R","M","M","R","B",null,"M","M","?","?","M","R","$","M","T","M","R","M","M","T","R","B",null,"M","M","?","M","M","R","$","?","T","R","?","M","M","M","R"],"character_chosen":"IRONCLAD","items_purchased":["Power Through","Shrug It Off","Cleave","Evolve"],"gold_per_floor":[112,123,136,150,150,150,170,6,6,6,41,41,53,67,67,162,162,180,192,192,192,210,210,84,99,124,137,137,148,159,205,205,309,309,322,341,341,356,370,370,210,210,236,236,236,249,269,287,287],"floor_reached":50,"campfire_rested":6,"playtime":8887,"current_hp_per_floor":[72,71,77,42,30,30,33,33,33,72,69,69,64,48,80,44,80,69,41,67,67,41,80,80,73,73,14,53,45,40,40,79,41,80,71,78,68,71,76,76,76,76,76,76,76,58,33,37,76],"items_purged":["Defend_R","Corruption","Bloodletting"],"gold":287,"score":428,"play_id":"bba37171-c16a-4d69-80e6-81cdaf5bc024","is_prod":false,"is_daily":false,"is_ascension_mode":false,"campfire_upgraded":3,"path_taken":["M","M","M","M","?","?","M","$","T","R","E","R","?","M","R","BOSS","M","M","?","?","?","R","$","M","T","M","R","M","M","?","R","BOSS","M","M","?","?","M","R","$","?","T","R","?","?","?","M","R","BOSS"],"build_version":"2018-02-22-PROD2","purchased_purges":3,"victory":false,"master_deck":["Bash+1","Demon Form","Headbutt+1","Power Through+1","Bloodletting+1","Wild Strike","Power Through","Shrug It Off+1","Rupture","Shrug It Off","Reaper","Inflame","Headbutt+1","Cleave","Iron Wave","Battle Trance","Intimidate","Iron Wave+1","Armaments+1","Cleave","Seeing Red+1","Shrug It Off+1","Inflame+1","Brutality","Rampage","Madness","Madness","Shrug It Off+1","Pommel Strike+1","Evolve","Wild Strike+1","Entrench+1"],"max_hp_per_floor":[80,80,80,80,80,80,80,80,80,80,80,80,80,80,80,80,80,80,80,80,80,80,80,80,80,80,80,80,80,80,80,80,80,80,80,80,80,80,80,80,80,80,80,80,80,80,80,80,80],"relics":["Burning Blood","Regal Pillow","Matryoshka","Ancient Tea Set","Pandora\u0027s Box","Dream Catcher","Lantern","Orichalcum","Whetstone","Mark of Pain","Omamori"],"card_choices":[{"not_picked":["Cleave","Carnage"],"picked":"Headbutt"},{"not_picked":["True Grit","Inflame"],"picked":"Power Through"},{"not_picked":["Iron Wave","Feel No Pain"],"picked":"Bloodletting"},{"not_picked":["Searing Blow","Clash"],"picked":"Bloodletting"},{"not_picked":["Perfected Strike","Heavy Blade"],"picked":"Wild Strike"},{"not_picked":["Impervious","Heavy Blade"],"picked":"Rupture"},{"not_picked":["Warcry","Corruption"],"picked":"Shrug It Off"},{"not_picked":["Impervious","Immolate"],"picked":"Reaper"},{"not_picked":["Havoc","Headbutt"],"picked":"Iron Wave"},{"not_picked":["Warcry","Clash"],"picked":"Armaments"},{"not_picked":["Shockwave","Iron Wave"],"picked":"Seeing Red"},{"not_picked":["Thunderclap","Anger"],"picked":"Shrug It Off"},{"not_picked":["Rampage","Disarm"],"picked":"Inflame"},{"not_picked":["Feed","Berserk"],"picked":"Brutality"},{"not_picked":["Battle Trance","Shrug It Off"],"picked":"Rampage"},{"not_picked":["Fire Breathing","Bloodletting"],"picked":"Shrug It Off"},{"not_picked":["Anger","Havoc"],"picked":"Pommel Strike"},{"not_picked":["Thunderclap","Twin Strike"],"picked":"Wild Strike"},{"not_picked":["Clothesline","Anger"],"picked":"Entrench"}],"player_experience":198836,"potions_floor_usage":[38,39,39,46,50],"damage_taken":[{"damage":14.0,"enemies":"Small Slimes","floor":1.0,"turns":5.0},{"damage":7.0,"enemies":"2 Louse","floor":2.0,"turns":3.0},{"damage":0.0,"enemies":"Cultist","floor":3.0,"turns":4.0},{"damage":41.0,"enemies":"Exordium Thugs","floor":4.0,"turns":8.0},{"damage":3.0,"enemies":"Exordium Wildlife","floor":7.0,"turns":4.0},{"damage":15.0,"enemies":"Gremlin Nob","floor":11.0,"turns":4.0},{"damage":11.0,"enemies":"Large Slime","floor":13.0,"turns":7.0},{"damage":22.0,"enemies":"Lots of Slimes","floor":14.0,"turns":7.0},{"damage":42.0,"enemies":"The Guardian","floor":16.0,"turns":12.0},{"damage":28.0,"enemies":"Shell Parasite","floor":18.0,"turns":7.0},{"damage":34.0,"enemies":"Spheric Guardian","floor":19.0,"turns":6.0},{"damage":46.0,"enemies":"Centurion and Healer","floor":22.0,"turns":9.0},{"damage":14.0,"enemies":"Snake Plant","floor":25.0,"turns":3.0},{"damage":65.0,"enemies":"Cultist and Chosen","floor":27.0,"turns":9.0},{"damage":23.0,"enemies":"Centurion and Healer","floor":29.0,"turns":5.0},{"damage":11.0,"enemies":"Snecko","floor":30.0,"turns":4.0},{"damage":60.0,"enemies":"Automaton","floor":33.0,"turns":8.0},{"damage":27.0,"enemies":"3 Shapes","floor":35.0,"turns":4.0},{"damage":9.0,"enemies":"Orb Walker","floor":36.0,"turns":4.0},{"damage":21,"enemies":"Maw","floor":38,"turns":7},{"damage":19,"enemies":"4 Shapes","floor":39,"turns":9},{"damage":35,"enemies":"3 Darklings","floor":46,"turns":6},{"damage":31,"enemies":"Sphere and 2 Shapes","floor":47,"turns":6},{"damage":18,"enemies":"4 Shapes","floor":48,"turns":5},{"damage":80,"enemies":"Awakened One","floor":50,"turns":3}],"event_choices":[{"event_name":"Scrap Ooze","player_choice":"success","floor":5.0,"damage_taken":12.0},{"event_name":"Living Wall","player_choice":"Grow","floor":6.0,"damage_taken":0.0},{"event_name":"The Library","player_choice":"Heal","floor":20.0,"damage_taken":0.0},{"event_name":"Vampires","player_choice":"Ignored","floor":21.0,"damage_taken":0.0},{"event_name":"Winding Halls","player_choice":"Embrace Madness","floor":37,"damage_taken":0},{"event_name":"Purifier","player_choice":"One Purge","floor":42,"damage_taken":0},{"event_name":"Accursed Blacksmith","player_choice":"Forge","floor":45,"damage_taken":0}],"boss_relics":[],"potions_floor_spawned":[2,3,4,11,16,22,27,29,30,35,36,39,46],"seed_played":"2004915169491316524","killed_by":"Awakened One","ascension_level":0,"is_trial":false}