{"path_per_floor":["M","?","M","?","M","R","E","M","T","M","?","M"],"character_chosen":"IRONCLAD","items_purchased":[],"gold_per_floor":[118,118,129,129,145,145,176,190,190,206,206,224],"floor_reached":13,"campfire_rested":0,"playtime":860,"current_hp_per_floor":[79,79,72,72,71,71,33,14,14,4,24,11],"items_purged":[],"gold":224,"score":87,"play_id":"4f3995d7-8dac-433d-a4c8-76d585092692","is_prod":false,"is_daily":false,"is_ascension_mode":false,"campfire_upgraded":1,"path_taken":["M","?","M","?","M","R","E","M","T","M","?","M","M"],"build_version":"2018-02-15-PROD1","purchased_purges":0,"victory":false,"master_deck":["Strike_R","Strike_R","Strike_R","Strike_R","Strike_R","Defend_R","Defend_R","Defend_R","Defend_R","Bash","Flex","Armaments+1","Clothesline+1","Flex","Pommel Strike","Rage","Thunderclap","Regret","Pommel Strike","Heavy Blade","Shrug It Off","Shrug It Off","Parasite","Berserk"],"max_hp_per_floor":[80,80,80,80,80,80,80,80,80,80,80,80],"relics":["Orrery","Dodecahedron","Peace Pipe","Mummified Hand"],"card_choices":[{"not_picked":["Anger","Pommel Strike"],"picked":"Flex"},{"not_picked":["Iron Wave","Pommel Strike"],"picked":"Armaments"},{"not_picked":["Blood for Blood","Warcry"],"picked":"Clothesline"},{"not_picked":["Second Wind","Pommel Strike"],"picked":"Flex"},{"not_picked":["Battle Trance","Thunderclap"],"picked":"Pommel Strike"},{"not_picked":["Reckless Charge","Body Slam"],"picked":"Rage"},{"not_picked":["Iron Wave","Sword Boomerang"],"picked":"Thunderclap"},{"not_picked":["Pummel","Flex"],"picked":"Pommel Strike"},{"not_picked":["Pommel Strike","Clash"],"picked":"Heavy Blade"},{"not_picked":["Infernal Blade","Shockwave"],"picked":"Shrug It Off"},{"not_picked":["Twin Strike","Rupture"],"picked":"Shrug It Off"},{"not_picked":["Flex","True Grit"],"picked":"Berserk"}],"player_experience":46451,"potions_floor_usage":[7,10,12],"damage_taken":[{"damage":1,"enemies":"Jaw Worm","floor":1,"turns":3},{"damage":7,"enemies":"Small Slimes","floor":3,"turns":4},{"damage":1,"enemies":"2 Louse","floor":5,"turns":3},{"damage":38,"enemies":"Lagavulin","floor":7,"turns":6},{"damage":19,"enemies":"Exordium Wildlife","floor":8,"turns":5},{"damage":10,"enemies":"Large Slime","floor":10,"turns":6},{"damage":13,"enemies":"Blue Slaver","floor":12,"turns":3},{"damage":13,"enemies":"Exordium Thugs","floor":13,"turns":1}],"event_choices":[{"event_name":"Living Wall","player_choice":"Grow","floor":2,"damage_taken":0},{"event_name":"Big Fish","player_choice":"Box","floor":4,"damage_taken":0},{"event_name":"Mushrooms","player_choice":"Healed and dodged fight","floor":11,"damage_taken":0}],"boss_relics":[],"potions_floor_spawned":[3,7,10],"seed_played":"-7926822500832531772","killed_by":"Exordium Thugs","ascension_level":0,"is_trial":false}