{"path_per_floor":["M","M","M","M","M","E","R","T","T","M","$","R","M","E","R","B",null,"M","?","?","?","M"],"character_chosen":"IRONCLAD","items_purchased":["Torii"],"gold_per_floor":[111,131,144,158,172,207,207,259,334,354,40,40,56,86,86,189,189,207,207,207,207,189],"floor_reached":23,"campfire_rested":1,"playtime":1328,"current_hp_per_floor":[78,80,80,80,80,56,56,56,56,65,65,65,71,44,68,42,80,68,68,68,60,45],"items_purged":[],"gold":189,"score":203,"play_id":"8696d26e-f663-465c-9986-9ef2331d7650","local_time":"20180320230011","is_prod":false,"is_daily":false,"is_ascension_mode":false,"campfire_upgraded":2,"timestamp":1521601211,"path_taken":["M","M","M","M","M","E","R","?","T","?","$","R","M","E","R","BOSS","M","?","?","?","M","E"],"build_version":"2018-03-15v3","purchased_purges":0,"victory":false,"master_deck":["Strike_R","Strike_R","Strike_R+1","Strike_R","Defend_R","Defend_R","Defend_R","Defend_R","Bash","Shrug It Off","Pommel Strike+1","Entrench+1","Metallicize+1","Shrug It Off","Warcry","Demon Form","Cleave","Bludgeon","Rampage+1","Heavy Blade","Writhe","Body Slam"],"max_hp_per_floor":[80,80,80,80,80,80,80,80,80,80,80,80,80,80,80,80,80,80,80,80,80,80],"relics":["Burning Blood","Whetstone","Pen Nib","Shuriken","Torii","Art of War","Eternal Feather","Juzu Bracelet"],"card_choices":[{"not_picked":["Flex","Anger"],"picked":"Shrug It Off"},{"not_picked":["Heavy Blade","Clash"],"picked":"Pommel Strike"},{"not_picked":["Dark Embrace","Feel No Pain"],"picked":"Entrench"},{"not_picked":["Twin Strike","Evolve"],"picked":"Metallicize"},{"not_picked":["Dual Wield","Spot Weakness"],"picked":"Shrug It Off"},{"not_picked":["Clothesline","Flex"],"picked":"Warcry"},{"not_picked":["Iron Wave","Burning Pact"],"picked":"Demon Form"},{"not_picked":["Spot Weakness","Bloodletting"],"picked":"Cleave"},{"not_picked":["Dark Embrace","Fiend Fire"],"picked":"Bludgeon"},{"not_picked":["Thunderclap","True Grit"],"picked":"Rampage"},{"not_picked":["Heavy Blade","Cleave"],"picked":"Body Slam"}],"player_experience":629861,"potions_floor_usage":[6,10,10,16,23],"damage_taken":[{"damage":8,"enemies":"Cultist","floor":1,"turns":5},{"damage":4,"enemies":"Small Slimes","floor":2,"turns":5},{"damage":2,"enemies":"Jaw Worm","floor":3,"turns":6},{"damage":6,"enemies":"2 Fungi Beasts","floor":4,"turns":4},{"damage":2,"enemies":"Looter","floor":5,"turns":4},{"damage":30,"enemies":"Gremlin Nob","floor":6,"turns":5},{"damage":15,"enemies":"Lots of Slimes","floor":10,"turns":7},{"damage":0,"enemies":"Large Slime","floor":13,"turns":5},{"damage":33,"enemies":"Lagavulin","floor":14,"turns":8},{"damage":32,"enemies":"Slime Boss","floor":16,"turns":8},{"damage":18,"enemies":"Shell Parasite","floor":18,"turns":7},{"damage":21,"enemies":"2 Thieves","floor":22,"turns":4},{"damage":51,"enemies":"Gremlin Leader","floor":23,"turns":5}],"event_choices":[{"event_name":"Transmorgrifier","player_choice":"Transform","floor":19,"damage_taken":0},{"event_name":"The Mausoleum","player_choice":"Yes","floor":20,"damage_taken":0},{"event_name":"Wheel of Change","player_choice":"Damage","floor":21,"damage_taken":0}],"boss_relics":[{"not_picked":["Pandora\u0027s Box","Black Star"],"picked":"Eternal Feather"}],"potions_floor_spawned":[2,3,4,14,22],"seed_played":"5410151701231834083","killed_by":"Gremlin Leader","ascension_level":0,"is_trial":false}