{"path_per_floor":["M","M","$","M","?","R","M","E","T","M","R","E","R","E","R","B",null,"M","$","?","M","?","R","M","E","T","R","?","M","E","M","R","B",null,"M","?","$","M","M","E","R","E","T","M","M","R","E","M","R","B"],"character_chosen":"IRONCLAD","items_purchased":["Lantern","Feel No Pain","Bottled Tornado"],"gold_per_floor":[19,38,38,57,57,57,71,105,105,115,115,149,149,177,177,277,277,291,71,71,89,89,89,105,139,139,139,167,184,216,233,233,334,334,351,351,31,45,55,89,89,123,123,143,154,154,189,208,208,208],"floor_reached":51,"campfire_rested":2,"playtime":2455,"current_hp_per_floor":[76,77,77,78,78,78,82,72,72,82,82,80,80,68,98,60,104,104,104,104,98,98,98,104,96,96,96,98,104,71,68,99,17,104,104,104,104,104,104,104,104,104,104,104,104,104,104,104,104,31],"items_purged":["Strike_R"],"gold":208,"score":963,"play_id":"f2b6dc15-6434-4e55-a016-9f8ae7054090","local_time":"20180422145422","is_prod":false,"is_daily":false,"chose_seed":false,"is_ascension_mode":true,"campfire_upgraded":5,"timestamp":1524423262,"path_taken":["M","M","$","M","?","R","?","E","T","M","R","E","R","E","R","BOSS","M","$","?","?","?","R","M","E","T","R","?","M","E","M","R","BOSS","M","?","$","M","M","E","R","E","T","?","M","R","E","M","R","BOSS"],"build_version":"2018-04-19","seed_source_timestamp":884698005930604,"purchased_purges":1,"victory":true,"master_deck":["Strike_R","Strike_R","Defend_R","Defend_R+1","Defend_R","Bash","Body Slam+1","Power Through+1","Feed+1","Clothesline","Spot Weakness+1","Disarm+1","Pommel Strike+1","Headbutt+1","Immolate+1","Power Through+1","Wild Strike+1","Thunderclap+1","Entrench","Body Slam+1","Bloodletting+1","Carnage+1","Rage+1","Feel No Pain+1","Shockwave","Burning Pact","Armaments+1","Heavy Blade+1","Barricade","True Grit+1","Feel No Pain","Reckless Charge+1","Shrug It Off+1","Shrug It Off+1","Limit Break","Feel No Pain","Wild Strike+1","True Grit+1"],"max_hp_per_floor":[80,80,80,80,80,80,84,88,88,92,92,96,96,100,100,104,104,104,104,104,104,104,104,104,104,104,104,104,104,104,104,104,104,104,104,104,104,104,104,104,104,104,104,104,104,104,104,104,104,104],"relics":["Burning Blood","Anchor","Omamori","Molten Egg 2","Bird Faced Urn","Orrery","Lantern","Orichalcum","War Paint","Mercury Hourglass","Red Mask","Girya","Cursed Key","Bottled Tornado","Kunai","Letter Opener","Matryoshka","Bag of Marbles"],"card_choices":[{"not_picked":["Perfected Strike","Flex"],"picked":"Body Slam","floor":1},{"not_picked":["Shrug It Off","Ghostly Armor"],"picked":"Power Through","floor":2},{"not_picked":["Disarm","Inflame"],"picked":"Feed","floor":4},{"not_picked":["Iron Wave","Intimidate"],"picked":"Clothesline","floor":7},{"not_picked":["Flex","Metallicize"],"picked":"Spot Weakness","floor":8},{"not_picked":["Sword Boomerang","Heavy Blade"],"picked":"Disarm","floor":10},{"not_picked":["Warcry","Cleave"],"picked":"Pommel Strike","floor":12},{"not_picked":["Whirlwind","Sever Soul"],"picked":"Headbutt","floor":14},{"not_picked":["Brutality","Bludgeon"],"picked":"Immolate","floor":16},{"not_picked":["True Grit","Pommel Strike"],"picked":"Power Through","floor":17},{"not_picked":["Anger","Iron Wave"],"picked":"Wild Strike","floor":17},{"not_picked":["Juggernaut","Heavy Blade"],"picked":"Thunderclap","floor":17},{"not_picked":["Flex","Infernal Blade"],"picked":"Entrench","floor":17},{"not_picked":["Corruption","Heavy Blade"],"picked":"Body Slam","floor":17},{"not_picked":["Thunderclap","Sword Boomerang"],"picked":"Bloodletting","floor":18},{"not_picked":["Cleave","Thunderclap"],"picked":"Carnage","floor":21},{"not_picked":["Perfected Strike","Whirlwind"],"picked":"Rage","floor":24},{"not_picked":["Blood for Blood","Rupture"],"picked":"Feel No Pain","floor":25},{"not_picked":["Thunderclap","Shrug It Off"],"picked":"Shockwave","floor":28},{"not_picked":["Blood for Blood","Combust"],"picked":"Burning Pact","floor":29},{"not_picked":["Clothesline","Iron Wave"],"picked":"Armaments","floor":30},{"not_picked":["Perfected Strike","Spot Weakness"],"picked":"Heavy Blade","floor":31},{"not_picked":["Double Tap","Berserk"],"picked":"Barricade","floor":33},{"not_picked":["Combust","Clothesline"],"picked":"True Grit","floor":35},{"not_picked":["Armaments","Thunderclap"],"picked":"Reckless Charge","floor":38},{"not_picked":["True Grit","Headbutt"],"picked":"Shrug It Off","floor":39},{"not_picked":["Infernal Blade","True Grit"],"picked":"Shrug It Off","floor":40},{"not_picked":["Havoc","Ghostly Armor"],"picked":"Limit Break","floor":42},{"not_picked":["Warcry","Inflame"],"picked":"Feel No Pain","floor":44},{"not_picked":["Perfected Strike","Disarm"],"picked":"Wild Strike","floor":45},{"not_picked":["Perfected Strike","Whirlwind"],"picked":"True Grit","floor":47}],"player_experience":282642,"potions_floor_usage":[8,24,30,30,45,45,47,50],"damage_taken":[{"damage":10,"enemies":"Small Slimes","floor":1,"turns":3},{"damage":5,"enemies":"2 Louse","floor":2,"turns":4},{"damage":5,"enemies":"Cultist","floor":4,"turns":4},{"damage":6,"enemies":"Exordium Wildlife","floor":7,"turns":4},{"damage":20,"enemies":"Gremlin Nob","floor":8,"turns":4},{"damage":0,"enemies":"2 Fungi Beasts","floor":10,"turns":3},{"damage":12,"enemies":"3 Sentries","floor":12,"turns":8},{"damage":22,"enemies":"Lagavulin","floor":14,"turns":9},{"damage":48,"enemies":"Slime Boss","floor":16,"turns":11},{"damage":3,"enemies":"Shell Parasite","floor":18,"turns":4},{"damage":12,"enemies":"Chosen","floor":21,"turns":7},{"damage":0,"enemies":"Sentry and Sphere","floor":24,"turns":3},{"damage":14,"enemies":"Slavers","floor":25,"turns":5},{"damage":4,"enemies":"Masked Bandits","floor":28,"turns":3},{"damage":1,"enemies":"Centurion and Healer","floor":29,"turns":9},{"damage":39,"enemies":"Gremlin Leader","floor":30,"turns":6},{"damage":11,"enemies":"Snecko","floor":31,"turns":4},{"damage":90,"enemies":"Champ","floor":33,"turns":14},{"damage":0,"enemies":"Orb Walker","floor":35,"turns":3},{"damage":0,"enemies":"3 Darklings","floor":38,"turns":4},{"damage":0,"enemies":"Flame Bruiser 2 Orb","floor":39,"turns":5},{"damage":3,"enemies":"Giant Head","floor":40,"turns":9},{"damage":3,"enemies":"2 Orb Walkers","floor":42,"turns":5},{"damage":2,"enemies":"4 Shapes","floor":44,"turns":2},{"damage":0,"enemies":"Spire Growth","floor":45,"turns":5},{"damage":0,"enemies":"Nemesis","floor":47,"turns":9},{"damage":0,"enemies":"3 Darklings","floor":48,"turns":6},{"damage":83,"enemies":"Time Eater","floor":50,"turns":9}],"event_choices":[{"event_name":"Living Wall","player_choice":"Grow","floor":5,"damage_taken":0},{"event_name":"Vampires","player_choice":"Ignored","floor":20,"damage_taken":0},{"event_name":"The Mausoleum","player_choice":"Yes","floor":22,"damage_taken":0},{"event_name":"Masked Bandits","player_choice":"Fought over 139 gold","floor":28,"damage_taken":0},{"event_name":"Wheel of Change","player_choice":"Card Removal","floor":36,"damage_taken":0}],"boss_relics":[{"not_picked":["Black Star","Runic Cube"],"picked":"Orrery"},{"not_picked":["Runic Pyramid","Runic Dome"],"picked":"Cursed Key"}],"potions_floor_spawned":[2,8,16,24,28,31,35,39,42,45],"seed_played":"-2643546415167435254","ascension_level":1,"is_trial":false}