{"gold_per_floor":[119,137,137,149,50,50,77,77,125,125,125,158,408,7,7,7],"floor_reached":16,"playtime":727,"items_purged":["Regret"],"score":189,"play_id":"a86584ee-dfc5-4b18-a68e-ff3de168f15d","local_time":"20180803221959","is_ascension_mode":true,"campfire_choices":[{"floor":6,"key":"REST"},{"data":"Neutralize","floor":10,"key":"SMITH"},{"floor":15,"key":"REST"}],"neow_cost":"NONE","seed_source_timestamp":1161974715576931,"circlet_count":0,"master_deck":["Defend_G","Defend_G","Defend_G","Defend_G","Defend_G","Strike_G","Strike_G","Strike_G","Strike_G","Survivor","Neutralize+1","AscendersBane","Infinite Blades","Riddle With Holes","Blur","Cloak And Dagger","Dagger Throw","Dagger Spray","Wraith Form v2","Deflect","Noxious Fumes","PiercingWail"],"relics":["Ring of the Snake","Juzu Bracelet","Strawberry","Blue Candle","Art of War","OrangePellets"],"potions_floor_usage":[12,12],"damage_taken":[{"damage":4,"enemies":"Small Slimes","floor":1,"turns":6},{"damage":1,"enemies":"Cultist","floor":2,"turns":5},{"damage":1,"enemies":"2 Louse","floor":4,"turns":4},{"damage":9,"enemies":"3 Sentries","floor":7,"turns":10},{"damage":31,"enemies":"Gremlin Nob","floor":12,"turns":6},{"damage":80,"enemies":"The Guardian","floor":16,"turns":15}],"seed_played":"6947179895050639968","potions_obtained":[{"floor":1,"key":"Fire Potion"},{"floor":7,"key":"SkillPotion"}],"is_trial":false,"path_per_floor":["M","M","?","M","$","R","E","?","T","R","T","E","?","$","R"],"character_chosen":"THE_SILENT","items_purchased":["Cloak And Dagger","Dagger Throw","Noxious Fumes","PiercingWail","OrangePellets"],"campfire_rested":2,"item_purchase_floors":[5,5,14,14,14],"current_hp_per_floor":[66,65,70,69,69,82,73,73,80,80,80,49,49,49,75,0],"gold":7,"neow_bonus":"TEN_PERCENT_HP_BONUS","is_prod":false,"is_daily":false,"chose_seed":false,"campfire_upgraded":1,"win_rate":0,"timestamp":1533349199,"path_taken":["M","M","?","M","$","R","E","?","T","R","?","E","?","?","R","BOSS"],"build_version":"2018-08-01","purchased_purges":1,"victory":false,"max_hp_per_floor":[77,77,82,82,82,82,82,82,89,89,89,89,89,89,89,89],"card_choices":[{"not_picked":["Escape Plan","Deflect"],"picked":"Infinite Blades","floor":1},{"not_picked":["Quick Slash","Calculated Gamble"],"picked":"Riddle With Holes","floor":2},{"not_picked":["Masterful Stab","Predator"],"picked":"Blur","floor":4},{"not_picked":["Setup","Reflex"],"picked":"Dagger Spray","floor":7},{"not_picked":["Flechettes","Bouncing Flask"],"picked":"Deflect","floor":12}],"player_experience":708036,"relics_obtained":[{"floor":7,"key":"Juzu Bracelet"},{"floor":9,"key":"Strawberry"},{"floor":11,"key":"Blue Candle"},{"floor":12,"key":"Art of War"}],"event_choices":[{"event_name":"Big Fish","player_choice":"Donut","floor":3,"damage_taken":0},{"event_name":"Living Wall","player_choice":"Change","floor":8,"damage_taken":0},{"event_name":"Golden Shrine","player_choice":"Desecrate","floor":13,"damage_taken":0}],"is_beta":true,"boss_relics":[],"items_purged_floors":[14],"is_endless":false,"potions_floor_spawned":[1,7],"killed_by":"The Guardian","ascension_level":11}