{"gold_per_floor":[119,135,210,223,240,275,275,305,305,7,19,19,83,102,102,204,204,216,228,94,94,56,56,81,81,81,81,81,108,108,126,126,226,226,240,11,11,111,0,25,25,60,84,84,7,27,27,27,27,27,27,27,16,46,46],"floor_reached":55,"playtime":2509,"items_purged":["Strike_R"],"score":841,"play_id":"59fb6058-f5a5-48e5-977e-dc81d3800c8e","local_time":"20190111222255","is_ascension_mode":true,"campfire_choices":[{"data":"Pommel Strike","floor":7,"key":"SMITH"},{"floor":12,"key":"REST"},{"data":"Feel No Pain","floor":15,"key":"SMITH"},{"floor":23,"key":"REST"},{"data":"Limit Break","floor":25,"key":"SMITH"},{"floor":27,"key":"REST"},{"data":"Spot Weakness","floor":30,"key":"SMITH"},{"floor":32,"key":"REST"},{"data":"Offering","floor":41,"key":"SMITH"},{"floor":44,"key":"REST"},{"floor":49,"key":"RECALL"},{"data":"Shockwave","floor":52,"key":"SMITH"}],"neow_cost":"NONE","seed_source_timestamp":183908999791935,"circlet_count":0,"master_deck":["Strike_R","Strike_R","Strike_R","Defend_R","Defend_R","Defend_R","Defend_R","Bash","Limit Break+1","Pommel Strike+1","Sword Boomerang","Shockwave+1","Metallicize","Immolate+1","Perfected Strike+1","Feel No Pain+1","Twin Strike+1","Anger+1","Clothesline+1","Juggernaut","Iron Wave+1","Spot Weakness+1","Disarm","Corruption","Warcry+1","Necronomicurse","Shrug It Off","True Grit+1","Feed+1","Cleave+1","Whirlwind+1","Offering+1","Barricade","Violence","Warcry+1","Feel No Pain","Shrug It Off"],"relics":["Burning Blood","Molten Egg 2","Shuriken","Dodecahedron","Membership Card","Velvet Choker","Red Skull","Letter Opener","Bottled Tornado","Necronomicon","Ice Cream","Snecko Eye","Bronze Scales","Dead Branch","Red Mask","Singing Bowl","Bag of Preparation","Ancient Tea Set","Mercury Hourglass"],"potions_floor_usage":[6,11,19,33,42,55,55],"damage_taken":[{"damage":1,"enemies":"Cultist","floor":1,"turns":3},{"damage":2,"enemies":"Small Slimes","floor":2,"turns":3},{"damage":9,"enemies":"2 Louse","floor":4,"turns":2},{"damage":1,"enemies":"2 Fungi Beasts","floor":5,"turns":4},{"damage":34,"enemies":"3 Sentries","floor":6,"turns":9},{"damage":25,"enemies":"Gremlin Nob","floor":8,"turns":5},{"damage":3,"enemies":"Exordium Wildlife","floor":11,"turns":2},{"damage":0,"enemies":"3 Louse","floor":14,"turns":1},{"damage":50,"enemies":"The Guardian","floor":16,"turns":9},{"damage":11,"enemies":"Spheric Guardian","floor":18,"turns":3},{"damage":9,"enemies":"3 Byrds","floor":19,"turns":5},{"damage":34,"enemies":"Slavers","floor":24,"turns":3},{"damage":18,"enemies":"Book of Stabbing","floor":29,"turns":3},{"damage":19,"enemies":"Snake Plant","floor":31,"turns":3},{"damage":9,"enemies":"Champ","floor":33,"turns":6},{"damage":2,"enemies":"3 Shapes","floor":35,"turns":4},{"damage":0,"enemies":"Mind Bloom Boss Battle","floor":38,"turns":2},{"damage":0,"enemies":"Giant Head","floor":40,"turns":6},{"damage":48,"enemies":"Reptomancer","floor":42,"turns":4},{"damage":0,"enemies":"3 Darklings","floor":46,"turns":2},{"damage":51,"enemies":"Time Eater","floor":50,"turns":7},{"damage":34,"enemies":"Shield and Spear","floor":54,"turns":3},{"damage":59,"enemies":"The Heart","floor":55,"turns":5}],"seed_played":"-7457896062295449651","potions_obtained":[{"floor":4,"key":"Poison Potion"},{"floor":8,"key":"Energy Potion"},{"floor":11,"key":"Weak Potion"},{"floor":16,"key":"Weak Potion"},{"floor":18,"key":"FearPotion"},{"floor":31,"key":"Fire Potion"},{"floor":35,"key":"GamblersBrew"},{"floor":40,"key":"Strength Potion"}],"is_trial":false,"path_per_floor":["M","M","?","M","M","E","R","E","T","$","M","R","?","M","R","B",null,"M","M","$","?","$","R","E","R","T","R","?","E","R","M","R","B",null,"M","$","?","?","?","E","R","E","T","R","$","M","?","?","R","B",null,"R","$","E","B"],"character_chosen":"IRONCLAD","items_purchased":["Feel No Pain","Membership Card","Twin Strike+1","Disarm","Corruption","Red Skull","Whirlwind+1","Offering","Bronze Scales","Barricade","Ancient Tea Set","Shrug It Off"],"campfire_rested":5,"item_purchase_floors":[10,10,10,20,20,20,36,36,36,36,45,53],"current_hp_per_floor":[80,80,69,66,71,43,43,24,24,24,27,51,51,57,57,13,80,75,72,72,57,57,82,54,54,54,79,63,51,51,38,63,60,85,85,85,85,85,85,87,87,47,47,73,73,79,79,79,79,34,85,85,85,59,0],"gold":46,"neow_bonus":"ONE_RANDOM_RARE_CARD","is_prod":false,"is_daily":false,"chose_seed":false,"campfire_upgraded":6,"win_rate":0,"timestamp":1547263375,"path_taken":["M","?","?","M","M","E","R","E","T","$","M","R","?","M","R","BOSS","M","M","$","?","$","R","E","R","T","R","?","E","R","M","R","BOSS","M","$","?","?","?","E","R","E","T","R","$","M","?","?","R","BOSS","R","$","E","BOSS"],"build_version":"2019-01-10","purchased_purges":1,"victory":false,"max_hp_per_floor":[80,80,80,80,80,80,80,80,80,80,80,80,80,80,80,80,80,80,80,80,85,85,85,85,85,85,85,85,85,85,85,85,85,85,85,85,85,85,85,87,87,89,89,89,89,89,89,85,85,85,85,85,85,87,87],"card_choices":[{"not_picked":["Infernal Blade","Headbutt"],"picked":"Pommel Strike","floor":1},{"not_picked":["Armaments","Body Slam"],"picked":"Sword Boomerang","floor":2},{"not_picked":["Ghostly Armor","Headbutt"],"picked":"Shockwave","floor":4},{"not_picked":["Fire Breathing","Iron Wave"],"picked":"Metallicize","floor":5},{"not_picked":["True Grit","Anger"],"picked":"Immolate","floor":6},{"not_picked":["Warcry","Shockwave"],"picked":"Perfected Strike+1","floor":8},{"not_picked":["True Grit","Second Wind"],"picked":"Anger+1","floor":11},{"not_picked":["Power Through","Rage"],"picked":"Clothesline+1","floor":14},{"not_picked":["Bludgeon+1","Barricade"],"picked":"Juggernaut","floor":16},{"not_picked":["Hemokinesis+1","Armaments+1"],"picked":"Iron Wave+1","floor":18},{"not_picked":["Warcry","Havoc"],"picked":"Spot Weakness","floor":19},{"not_picked":["Clash+1","Rage+1"],"picked":"Warcry+1","floor":24},{"not_picked":["Clothesline+1","Headbutt+1"],"picked":"Shrug It Off","floor":29},{"not_picked":["Pommel Strike+1","Clash+1"],"picked":"True Grit+1","floor":31},{"not_picked":["Reaper+1","Limit Break"],"picked":"Feed+1","floor":33},{"not_picked":["Rampage+1","Clash+1"],"picked":"Cleave+1","floor":35},{"not_picked":["Purity","Panacea"],"picked":"Violence","floor":37},{"not_picked":["Carnage+1","Searing Blow+1"],"picked":"Warcry+1","floor":38},{"not_picked":["Sever Soul+1","Perfected Strike+1","Rage+1"],"picked":"Singing Bowl","floor":40},{"not_picked":["Rampage+1","Hemokinesis+1","Evolve+1"],"picked":"Singing Bowl","floor":42},{"not_picked":["Cleave+1","Heavy Blade+1"],"picked":"Feel No Pain","floor":46},{"not_picked":["Headbutt+1","Heavy Blade+1","Sever Soul+1"],"picked":"Singing Bowl","floor":54}],"player_experience":1238083,"relics_obtained":[{"floor":6,"key":"Molten Egg 2"},{"floor":8,"key":"Shuriken"},{"floor":9,"key":"Dodecahedron"},{"floor":24,"key":"Letter Opener"},{"floor":26,"key":"Bottled Tornado"},{"floor":28,"key":"Necronomicon"},{"floor":29,"key":"Ice Cream"},{"floor":38,"key":"Dead Branch"},{"floor":40,"key":"Singing Bowl"},{"floor":42,"key":"Bag of Preparation"},{"floor":54,"key":"Mercury Hourglass"}],"event_choices":[{"damage_healed":0,"gold_gain":75,"player_choice":"Gather Gold","damage_taken":11,"max_hp_gain":0,"max_hp_loss":0,"event_name":"World of Goop","floor":3,"gold_loss":0},{"damage_healed":0,"gold_gain":64,"player_choice":"Gained Gold","damage_taken":0,"max_hp_gain":0,"max_hp_loss":0,"event_name":"Golden Wing","floor":13,"gold_loss":0},{"damage_healed":0,"gold_gain":0,"player_choice":"Shed Blood","damage_taken":20,"max_hp_gain":5,"max_hp_loss":0,"event_name":"Forgotten Altar","floor":21,"gold_loss":0},{"damage_healed":0,"gold_gain":0,"player_choice":"Obtained Book","damage_taken":16,"max_hp_gain":0,"max_hp_loss":0,"event_name":"Cursed Tome","floor":28,"gold_loss":0},{"damage_healed":0,"gold_gain":0,"player_choice":"Memory 1","damage_taken":0,"max_hp_gain":0,"max_hp_loss":0,"event_name":"SensoryStone","floor":37,"gold_loss":0},{"damage_healed":0,"gold_gain":0,"player_choice":"Fight","damage_taken":0,"max_hp_gain":0,"max_hp_loss":0,"event_name":"MindBloom","floor":38,"gold_loss":0},{"damage_healed":0,"gold_gain":0,"player_choice":"Paid","damage_taken":0,"relics_obtained":["Red Mask"],"max_hp_gain":0,"max_hp_loss":0,"event_name":"Tomb of Lord Red Mask","floor":39,"gold_loss":111},{"cards_removed":["Strike_R"],"damage_healed":0,"gold_gain":0,"player_choice":"Removed Attack","damage_taken":0,"max_hp_gain":0,"max_hp_loss":0,"event_name":"Falling","floor":47,"gold_loss":0},{"damage_healed":0,"gold_gain":0,"player_choice":"Max HP","damage_taken":0,"max_hp_gain":0,"max_hp_loss":4,"event_name":"Winding Halls","floor":48,"gold_loss":0}],"is_beta":true,"boss_relics":[{"not_picked":["Tiny House","Runic Cube"],"picked":"Velvet Choker"},{"not_picked":["Eternal Feather","Empty Cage"],"picked":"Snecko Eye"}],"items_purged_floors":[22],"is_endless":false,"potions_floor_spawned":[4,8,11,16,18,31,35,40],"killed_by":"The Heart","ascension_level":2}