{"path_per_floor":["M","M","?","?","?","R","M","$","T","M","M","M","R","M","R","B",null,"M","M","$","?","M","R","M","?","T","M","M","$","R","T","R"],"character_chosen":"IRONCLAD","items_purchased":["Warcry","Metallicize","Blood Vial","Armaments"],"gold_per_floor":[118,131,131,131,131,131,143,40,40,55,74,86,86,106,106,205,205,221,207,5,5,23,23,39,39,39,55,71,71,71,144,144,144],"floor_reached":33,"campfire_rested":2,"playtime":1314,"item_purchase_floors":[8,8,20,20],"current_hp_per_floor":[83,87,87,92,74,74,80,80,80,78,62,66,66,69,69,31,92,73,62,62,44,36,65,58,58,58,42,33,33,62,62,62,0],"items_purged":[],"gold":144,"score":291,"play_id":"098a1d0f-86ca-472a-ad15-70dcbf0b5a19","local_time":"20180617131210","is_prod":false,"is_daily":false,"chose_seed":false,"is_ascension_mode":false,"campfire_upgraded":4,"win_rate":0,"timestamp":1529255530,"campfire_choices":[{"data":"Searing Blow+1","floor":6,"key":"SMITH"},{"data":"Searing Blow+2","floor":13,"key":"SMITH"},{"data":"Searing Blow+3","floor":15,"key":"SMITH"},{"floor":23,"key":"REST"},{"floor":30,"key":"REST"},{"data":"Demon Form","floor":32,"key":"SMITH"}],"path_taken":["M","M","?","?","?","R","M","?","T","M","?","?","R","M","R","BOSS","M","M","$","?","M","R","M","?","T","?","M","$","R","?","R","BOSS"],"build_version":"2018-06-14v2","seed_source_timestamp":230606896084355,"purchased_purges":0,"victory":false,"master_deck":["Defend_R+1","Defend_R","Defend_R","Defend_R","Bash","Uppercut","Searing Blow+4","Whirlwind","Warcry","Metallicize","Thunderclap","Metallicize","True Grit","Dual Wield","Demon Form+1","Shrug It Off","Power Through+1","Armaments","Pummel","Pommel Strike+1","Bite","Bite","Bite","Bite","Bite","Twin Strike+1","Shrug It Off"],"max_hp_per_floor":[87,87,87,92,92,92,92,92,92,92,92,92,92,92,92,92,92,92,92,92,97,97,97,97,97,97,97,97,97,97,97,97,97],"special_seed":17699,"relics":["Burning Blood","Strawberry","Bottled Tornado","Philosopher\u0027s Stone","Self Forming Clay","Kunai"],"card_choices":[{"not_picked":["Armaments","Clothesline"],"picked":"Uppercut","floor":1},{"not_picked":["Clash","Body Slam"],"picked":"Searing Blow","floor":2},{"not_picked":["Clash","Flex"],"picked":"Whirlwind","floor":7},{"not_picked":["Seeing Red","Rampage"],"picked":"Thunderclap","floor":10},{"not_picked":["Heavy Blade","Pommel Strike"],"picked":"Metallicize","floor":11},{"not_picked":["Wild Strike","Warcry"],"picked":"True Grit","floor":12},{"not_picked":["Thunderclap","Uppercut"],"picked":"Dual Wield","floor":14},{"not_picked":["Berserk","Fiend Fire"],"picked":"Demon Form","floor":16},{"not_picked":["Cleave","Dual Wield"],"picked":"Shrug It Off","floor":18},{"not_picked":["Disarm+1","Pommel Strike"],"picked":"Power Through+1","floor":19},{"not_picked":["Anger+1","Clothesline"],"picked":"Pummel","floor":22},{"not_picked":["Flex+1","Twin Strike"],"picked":"Pommel Strike+1","floor":24},{"not_picked":["Corruption","Body Slam"],"picked":"Twin Strike+1","floor":27},{"not_picked":["Havoc","Iron Wave"],"picked":"Shrug It Off","floor":28}],"player_experience":443566,"potions_floor_usage":[16,22,27,33,33],"damage_taken":[{"damage":10,"enemies":"2 Louse","floor":1,"turns":3},{"damage":0,"enemies":"Small Slimes","floor":2,"turns":3},{"damage":0,"enemies":"Jaw Worm","floor":7,"turns":3},{"damage":8,"enemies":"3 Louse","floor":10,"turns":5},{"damage":22,"enemies":"Exordium Wildlife","floor":11,"turns":4},{"damage":2,"enemies":"Large Slime","floor":12,"turns":5},{"damage":3,"enemies":"Exordium Thugs","floor":14,"turns":5},{"damage":44,"enemies":"Slime Boss","floor":16,"turns":12},{"damage":25,"enemies":"Shell Parasite","floor":18,"turns":6},{"damage":17,"enemies":"2 Thieves","floor":19,"turns":4},{"damage":16,"enemies":"3 Cultists","floor":22,"turns":6},{"damage":15,"enemies":"Cultist and Chosen","floor":24,"turns":8},{"damage":38,"enemies":"Sentry and Sphere","floor":27,"turns":8},{"damage":23,"enemies":"Chosen and Byrds","floor":28,"turns":5},{"damage":76,"enemies":"Automaton","floor":33,"turns":6}],"relics_obtained":[{"floor":9,"key":"Bottled Tornado"},{"floor":26,"key":"Self Forming Clay"},{"floor":31,"key":"Kunai"}],"event_choices":[{"event_name":"Living Wall","player_choice":"Grow","floor":3,"damage_taken":0},{"event_name":"Big Fish","player_choice":"Donut","floor":4,"damage_taken":0},{"event_name":"Shining Light","player_choice":"Entered Light","floor":5,"damage_taken":0},{"event_name":"Forgotten Altar","player_choice":"Shed Blood","floor":21,"damage_taken":0},{"event_name":"Vampires","player_choice":"Became a vampire (Vial)","floor":25,"damage_taken":0}],"boss_relics":[{"not_picked":["Runic Cube","Snecko Eye"],"picked":"Philosopher\u0027s Stone"}],"items_purged_floors":[],"is_endless":true,"potions_floor_spawned":[1,7,10,14,19,24,28],"seed_played":"8383360602238822871","killed_by":"Automaton","ascension_level":0,"potions_obtained":[{"floor":1,"key":"AttackPotion"},{"floor":7,"key":"Swift Potion"},{"floor":10,"key":"Ancient Potion"},{"floor":19,"key":"PowerPotion"},{"floor":24,"key":"FearPotion"},{"floor":28,"key":"PowerPotion"}],"is_trial":false}