{"path_per_floor":["M","M","M","$","?","R","M","M","T","?","R","?","M","?","R","B",null,"M","M","M","?","T","R","M","R","T","R","M","M","$","M","R","B",null,"M","?","M","M","?","R","M","$","T","M"],"character_chosen":"IRONCLAD","items_purchased":["Shrug It Off","Happy Flower","Block Potion","Fire Potion","Blood for Blood","Rupture"],"gold_per_floor":[117,133,153,30,30,30,49,61,61,136,136,136,153,103,103,207,207,224,234,247,247,247,247,264,264,564,564,578,594,339,352,352,455,455,468,468,484,500,546,546,563,199,278,290],"floor_reached":45,"campfire_rested":3,"playtime":3284,"current_hp_per_floor":[87,88,80,80,62,62,64,67,67,56,82,75,74,74,74,38,88,86,88,74,74,74,74,77,77,77,77,76,78,78,72,88,36,88,72,72,77,78,43,69,31,31,31,35],"items_purged":["Defend_R","Strike_R","Defend_R"],"gold":290,"score":361,"play_id":"61d66227-b81d-40a0-b5d3-2c2d65c82ef4","is_prod":false,"is_daily":false,"is_ascension_mode":false,"campfire_upgraded":5,"path_taken":["M","?","M","$","?","R","M","M","T","?","R","?","M","?","R","BOSS","M","?","?","?","?","R","M","R","T","R","M","M","$","M","R","BOSS","M","?","?","M","?","R","M","$","T","M","?"],"build_version":"2018-02-22-PROD2","purchased_purges":3,"victory":false,"master_deck":["Strike_R+1","Strike_R+1","Defend_R","Bash","Hemokinesis","Uppercut+1","Shrug It Off+1","Pommel Strike","Shrug It Off+1","Armaments+1","Twin Strike","Flex+1","Cleave","Heavy Blade+1","Heavy Blade","Anger+1","Warcry+1","Hemokinesis+1","Flex","Dropkick","Blood for Blood","Rupture"],"max_hp_per_floor":[88,88,88,88,88,88,88,88,88,88,88,88,88,88,88,88,88,88,88,88,88,88,88,88,88,88,88,88,88,88,88,88,88,88,88,88,88,88,88,88,88,88,88,88],"relics":["Black Blood","Mummified Hand","Velvet Choker","Art of War","Old Coin","Happy Flower","Ice Cream","Kunai"],"card_choices":[{"not_picked":["Iron Wave","Clash"],"picked":"Hemokinesis"},{"not_picked":["Pommel Strike","Wild Strike"],"picked":"Uppercut"},{"not_picked":["Bloodletting","Fire Breathing"],"picked":"Pommel Strike"},{"not_picked":["Pommel Strike","Body Slam"],"picked":"Shrug It Off"},{"not_picked":["Power Through","Twin Strike"],"picked":"Armaments"},{"not_picked":["Hemokinesis","Body Slam"],"picked":"Twin Strike"},{"not_picked":["Power Through","Shrug It Off"],"picked":"Flex"},{"not_picked":["Feel No Pain","Dual Wield"],"picked":"Heavy Blade"},{"not_picked":["Warcry","Juggernaut"],"picked":"Heavy Blade"},{"not_picked":["Perfected Strike","Heavy Blade"],"picked":"Anger"},{"not_picked":["Clothesline","Corruption"],"picked":"Warcry"},{"not_picked":["Clothesline","Rage"],"picked":"Hemokinesis"},{"not_picked":["Sentinel","True Grit"],"picked":"Flex"},{"not_picked":["Clothesline","Cleave"],"picked":"Dropkick"}],"player_experience":245948,"potions_floor_usage":[13,18,19,20,29,31,31,33,35,44,44],"damage_taken":[{"damage":7,"enemies":"Cultist","floor":1,"turns":5},{"damage":5,"enemies":"Small Slimes","floor":2,"turns":3},{"damage":14,"enemies":"Jaw Worm","floor":3,"turns":4},{"damage":4,"enemies":"3 Louse","floor":7,"turns":3},{"damage":3,"enemies":"2 Fungi Beasts","floor":8,"turns":2},{"damage":7,"enemies":"Large Slime","floor":13,"turns":6},{"damage":42,"enemies":"The Guardian","floor":16,"turns":15},{"damage":8,"enemies":"Spheric Guardian","floor":18,"turns":4},{"damage":0,"enemies":"Chosen","floor":19,"turns":3},{"damage":20,"enemies":"Centurion and Healer","floor":20,"turns":5},{"damage":3,"enemies":"Snecko","floor":24,"turns":5},{"damage":7,"enemies":"3 Cultists","floor":28,"turns":5},{"damage":4,"enemies":"Chosen and Byrds","floor":29,"turns":5},{"damage":12,"enemies":"Slaver and Parasite","floor":31,"turns":4},{"damage":58,"enemies":"Automaton","floor":33,"turns":8},{"damage":26,"enemies":"3 Shapes","floor":35,"turns":7},{"damage":5,"enemies":"Orb Walker","floor":37,"turns":3},{"damage":9,"enemies":"3 Darklings","floor":38,"turns":8},{"damage":45,"enemies":"Mysterious Sphere","floor":39,"turns":5},{"damage":48,"enemies":"4 Shapes","floor":41,"turns":6},{"damage":6,"enemies":"Maw","floor":44,"turns":7},{"damage":35,"enemies":"3 Darklings","floor":45,"turns":4}],"event_choices":[{"event_name":"Shining Light","player_choice":"Entered Light","floor":5,"damage_taken":0},{"event_name":"World of Goop","player_choice":"Gather Gold","floor":10,"damage_taken":0},{"event_name":"Golden Wing","player_choice":"Card Removal","floor":12,"damage_taken":0},{"event_name":"The Cleric","player_choice":"Card Removal","floor":14,"damage_taken":0},{"event_name":"The Library","player_choice":"Read","floor":21,"damage_taken":0},{"event_name":"Mysterious Sphere","player_choice":"Fight","floor":39,"damage_taken":0}],"boss_relics":[{"not_picked":["Philosopher\u0027s Stone","Question Card"],"picked":"Velvet Choker"},{"not_picked":["Sozu","Mark of Pain"],"picked":"Black Blood"}],"potions_floor_spawned":[2,7,8,16,18,24,28,29,33,39],"seed_played":"5396014036735839023","killed_by":"3 Darklings","ascension_level":0,"is_trial":false}