{"path_per_floor":["M","M","M","M","?","E","M","R","T","?","T","?","M","M","R"],"character_chosen":"IRONCLAD","items_purchased":[],"gold_per_floor":[109,122,138,148,148,211,231,231,231,331,331,331,345,366,366,366],"floor_reached":16,"campfire_rested":2,"playtime":397,"current_hp_per_floor":[75,80,80,45,45,26,32,54,54,54,54,54,50,53,74,0],"items_purged":[],"gold":366,"score":104,"play_id":"8ab34ace-1a0d-49ab-be1b-b1407844449a","local_time":"20180421230619","is_prod":false,"is_daily":false,"chose_seed":false,"is_ascension_mode":false,"campfire_upgraded":0,"timestamp":1524366379,"path_taken":["M","M","M","M","?","E","M","R","T","?","?","?","M","M","R","BOSS"],"build_version":"2018-04-19","seed_source_timestamp":829892550510907,"purchased_purges":0,"victory":false,"master_deck":["Strike_R","Strike_R","Strike_R","Strike_R","Strike_R","Defend_R","Defend_R","Defend_R","Defend_R","Bash","Cleave","Sentinel","Headbutt","Metallicize","Disarm","Flex","Power Through","Shrug It Off"],"max_hp_per_floor":[80,80,80,80,74,74,74,74,74,74,74,74,74,74,74,74],"relics":["Burning Blood","Bag of Preparation","Golden Idol","Tiny Chest","Blood Vial","Mercury Hourglass"],"card_choices":[{"not_picked":["True Grit","Blood for Blood"],"picked":"Cleave","floor":1},{"not_picked":["Clash","Iron Wave"],"picked":"Sentinel","floor":2},{"not_picked":["Cleave","Heavy Blade"],"picked":"Headbutt","floor":3},{"not_picked":["Twin Strike","Sword Boomerang"],"picked":"Metallicize","floor":4},{"not_picked":["Rage","Bludgeon"],"picked":"Disarm","floor":6},{"not_picked":["Havoc","Headbutt"],"picked":"Flex","floor":7},{"not_picked":["Armaments","Twin Strike"],"picked":"Power Through","floor":13},{"not_picked":["Clash","Shockwave"],"picked":"Shrug It Off","floor":14}],"player_experience":279434,"potions_floor_usage":[7],"damage_taken":[{"damage":11,"enemies":"Jaw Worm","floor":1,"turns":2},{"damage":0,"enemies":"Small Slimes","floor":2,"turns":2},{"damage":5,"enemies":"Cultist","floor":3,"turns":4},{"damage":41,"enemies":"Large Slime","floor":4,"turns":6},{"damage":25,"enemies":"Gremlin Nob","floor":6,"turns":5},{"damage":0,"enemies":"Lots of Slimes","floor":7,"turns":1},{"damage":12,"enemies":"3 Louse","floor":13,"turns":2},{"damage":5,"enemies":"Looter","floor":14,"turns":3},{"damage":79,"enemies":"Slime Boss","floor":16,"turns":11}],"event_choices":[{"event_name":"Golden Idol","player_choice":"Lose Max HP","floor":5,"damage_taken":0},{"event_name":"Golden Shrine","player_choice":"Pray","floor":10,"damage_taken":0},{"event_name":"Accursed Blacksmith","player_choice":"Ignore","floor":12,"damage_taken":0}],"boss_relics":[],"potions_floor_spawned":[3,6,13],"seed_played":"-977948372008420198","killed_by":"Slime Boss","ascension_level":0,"is_trial":false}