{"gold_per_floor":[115,127,7,24,24,24,59,74,74,74,86,86,10,20,20,121,121,132,132,142,142,161,161,192,192,192,192],"floor_reached":27,"playtime":1416,"items_purged":[],"score":386,"play_id":"dc450693-3682-4227-8878-284141b99856","local_time":"20181218205659","is_ascension_mode":true,"campfire_choices":[{"data":"Defragment","floor":6,"key":"SMITH"},{"data":"Blind","floor":10,"key":"SMITH"},{"floor":12,"key":"REST"},{"data":"Zap","floor":15,"key":"SMITH"},{"data":"Consume","floor":23,"key":"SMITH"},{"data":"Echo Form","floor":25,"key":"SMITH"}],"neow_cost":"NONE","seed_source_timestamp":290993594075479,"circlet_count":0,"master_deck":["AscendersBane","Defend_B","Defend_B","Defend_B","Defend_B","Zap+1","Dualcast","Blind+1","Scrape","Ball Lightning","Defragment+1","Ball Lightning","Chill","Capacitor","Undo","Coolheaded","Static Discharge","Conserve Battery","Echo Form+1","Steam","Bite","Bite","Bite","Bite","Bite","Consume+1","BootSequence"],"relics":["Cracked Core","Potion Belt","Inserter","Letter Opener","Shuriken"],"potions_floor_usage":[7,18,18,24,27,27,27,27],"damage_taken":[{"damage":0,"enemies":"Cultist","floor":1,"turns":4},{"damage":2,"enemies":"Jaw Worm","floor":2,"turns":4},{"damage":8,"enemies":"2 Louse","floor":4,"turns":2},{"damage":15,"enemies":"3 Sentries","floor":7,"turns":6},{"damage":7,"enemies":"Exordium Wildlife","floor":8,"turns":3},{"damage":11,"enemies":"Blue Slaver","floor":11,"turns":3},{"damage":11,"enemies":"Exordium Thugs","floor":14,"turns":5},{"damage":29,"enemies":"Slime Boss","floor":16,"turns":10},{"damage":12,"enemies":"3 Byrds","floor":18,"turns":5},{"damage":20,"enemies":"Chosen","floor":20,"turns":6},{"damage":6,"enemies":"Centurion and Healer","floor":22,"turns":10},{"damage":27,"enemies":"Book of Stabbing","floor":24,"turns":9},{"damage":54,"enemies":"Gremlin Leader","floor":27,"turns":4}],"seed_played":"5485235704781630963","potions_obtained":[{"floor":1,"key":"AttackPotion"},{"floor":2,"key":"Block Potion"},{"floor":8,"key":"SpeedPotion"},{"floor":14,"key":"SteroidPotion"},{"floor":16,"key":"SkillPotion"},{"floor":18,"key":"GamblersBrew"},{"floor":22,"key":"EntropicBrew"},{"floor":24,"key":"Strength Potion"}],"is_trial":false,"path_per_floor":["M","M","$","M","$","R","E","M","T","R","M","R","$","M","R","B",null,"M","?","M","?","M","R","E","R","T","E"],"character_chosen":"DEFECT","items_purchased":["Defragment","Ball Lightning","Static Discharge"],"campfire_rested":1,"item_purchase_floors":[3,3,13],"current_hp_per_floor":[68,66,66,58,58,58,43,36,36,36,25,47,47,36,36,7,58,46,46,36,52,52,52,37,37,37,0],"gold":192,"neow_bonus":"RANDOM_COLORLESS","is_prod":false,"is_daily":false,"chose_seed":false,"campfire_upgraded":5,"win_rate":0,"timestamp":1545184619,"path_taken":["M","M","?","M","$","R","E","M","T","R","M","R","$","M","R","BOSS","M","?","M","?","M","R","E","R","T","E"],"build_version":"2018-12-17","purchased_purges":0,"victory":false,"max_hp_per_floor":[75,75,75,75,75,75,75,75,75,75,75,75,75,75,75,75,75,75,52,52,52,52,52,52,52,52,52],"card_choices":[{"not_picked":["Fusion","Turbo"],"picked":"Scrape","floor":1},{"not_picked":["Compile Driver","Rip and Tear"],"picked":"Ball Lightning","floor":2},{"not_picked":["Gash","Fusion"],"picked":"Chill","floor":4},{"not_picked":["Loop","Heatsinks"],"picked":"Capacitor","floor":7},{"not_picked":["Stack","Cold Snap"],"picked":"Undo","floor":8},{"not_picked":["Chaos","Leap"],"picked":"Coolheaded","floor":11},{"not_picked":["Gash","Sweeping Beam"],"picked":"Conserve Battery","floor":14},{"not_picked":["Buffer","Machine Learning"],"picked":"Echo Form","floor":16},{"not_picked":["Sweeping Beam","Ball Lightning"],"picked":"Steam","floor":18},{"not_picked":["Gash","Reprogram","Turbo"],"picked":"SKIP","floor":20},{"not_picked":["Double Energy","Self Repair"],"picked":"Consume","floor":22},{"not_picked":["Barrage+1","Fusion+1"],"picked":"BootSequence","floor":24}],"player_experience":1006548,"relics_obtained":[{"floor":7,"key":"Potion Belt"},{"floor":24,"key":"Letter Opener"},{"floor":26,"key":"Shuriken"}],"event_choices":[{"damage_healed":0,"gold_gain":0,"player_choice":"Became a vampire","damage_taken":0,"max_hp_gain":0,"max_hp_loss":23,"event_name":"Vampires","floor":19,"gold_loss":0,"cards_obtained":["Bite","Bite","Bite","Bite","Bite"]},{"damage_healed":17,"gold_gain":0,"player_choice":"Heal","damage_taken":0,"max_hp_gain":0,"max_hp_loss":0,"event_name":"The Library","floor":21,"gold_loss":0}],"is_beta":true,"boss_relics":[{"not_picked":["Orrery","Snecko Eye"],"picked":"Inserter"}],"items_purged_floors":[],"is_endless":false,"potions_floor_spawned":[1,2,8,14,16,18,22,24],"killed_by":"Gremlin Leader","ascension_level":11}