{"path_per_floor":["M","M","M","M","M","R","M","R","T","R","$","?","M","$","R","B",null,"M","M","M","?","M","R","T"],"character_chosen":"IRONCLAD","items_purchased":["Lantern","Shrug It Off"],"gold_per_floor":[118,132,143,155,173,173,189,189,189,189,21,121,139,64,64,160,160,141,157,173,173,193,193,219,219],"floor_reached":25,"campfire_rested":4,"playtime":1043,"current_hp_per_floor":[72,71,72,51,22,43,36,57,57,57,57,57,57,57,72,15,58,56,49,62,62,35,56,56,0],"items_purged":["Strike_R"],"gold":219,"score":246,"play_id":"c422c5c3-c19c-40f0-8b15-62a00c23173b","local_time":"20180325155604","is_prod":false,"is_daily":false,"is_ascension_mode":true,"campfire_upgraded":0,"timestamp":1522007764,"path_taken":["M","M","M","M","?","R","?","R","T","R","$","?","M","?","R","BOSS","M","M","?","?","M","R","?","M"],"build_version":"2018-03-22v2","purchased_purges":1,"victory":false,"master_deck":["Strike_R","Strike_R","Strike_R","Strike_R","Defend_R","Defend_R","Defend_R","Defend_R","Bash","Double Tap","Rampage","True Grit","Metallicize","Second Wind","Clothesline","Shrug It Off","Reaper","Shrug It Off+1","Feel No Pain"],"max_hp_per_floor":[72,72,72,72,72,72,72,72,72,72,72,72,72,72,72,72,72,72,72,72,72,72,72,72,72],"relics":["Burning Blood","Shovel","Vajra","Lantern","Sozu","Bag of Marbles","Singing Bowl"],"card_choices":[{"not_picked":["Dark Embrace","Brutality"],"picked":"Double Tap","floor":0},{"not_picked":["Bloodletting","Combust"],"picked":"Rampage","floor":1},{"not_picked":["Iron Wave","Reaper"],"picked":"True Grit","floor":2},{"not_picked":["Reckless Charge","True Grit"],"picked":"Metallicize","floor":3},{"not_picked":["True Grit","Clothesline"],"picked":"Second Wind","floor":4},{"not_picked":["Flex","Thunderclap"],"picked":"Clothesline","floor":5},{"not_picked":["Impervious","Limit Break"],"picked":"Reaper","floor":16},{"not_picked":["Anger","Iron Wave"],"picked":"Shrug It Off","floor":19},{"not_picked":["Evolve","Shrug It Off"],"picked":"Feel No Pain","floor":20}],"player_experience":690775,"potions_floor_usage":[4,13,16,18],"damage_taken":[{"damage":6,"enemies":"Cultist","floor":1,"turns":3},{"damage":7,"enemies":"Jaw Worm","floor":2,"turns":3},{"damage":1,"enemies":"Small Slimes","floor":3,"turns":3},{"damage":39,"enemies":"Exordium Wildlife","floor":4,"turns":6},{"damage":35,"enemies":"Gremlin Gang","floor":5,"turns":7},{"damage":13,"enemies":"Exordium Thugs","floor":7,"turns":4},{"damage":6,"enemies":"Exordium Wildlife","floor":13,"turns":5},{"damage":63,"enemies":"Hexaghost","floor":16,"turns":11},{"damage":24,"enemies":"2 Thieves","floor":18,"turns":4},{"damage":13,"enemies":"Shell Parasite","floor":19,"turns":7},{"damage":13,"enemies":"Centurion and Healer","floor":20,"turns":10},{"damage":33,"enemies":"Sentry and Sphere","floor":22,"turns":10},{"damage":74,"enemies":"3 Cultists","floor":25,"turns":7}],"event_choices":[{"event_name":"Golden Shrine","player_choice":"Pray","floor":12,"damage_taken":0},{"event_name":"The Mausoleum","player_choice":"Yes","floor":21,"damage_taken":0}],"boss_relics":[{"not_picked":["Lizard Tail","Orrery"],"picked":"Sozu"}],"potions_floor_spawned":[1,2,3,7,13,18],"seed_played":"-4963632592152048008","killed_by":"3 Cultists","ascension_level":5,"is_trial":false}