{"path_per_floor":["M","M","?","?","M","E","M","M","T","E","M","R","M","M","R","B",null,"M","?","M","M","$","E","R","M","T","M","$","?","?","?","R"],"character_chosen":"IRONCLAD","items_purchased":["Flex","Perfected Strike","Metallicize","Ice Cream"],"gold_per_floor":[113,127,127,127,141,175,195,209,209,243,256,256,275,292,292,395,395,406,406,395,413,260,295,295,312,312,323,1,1,1,1,1],"floor_reached":33,"campfire_rested":2,"playtime":1997,"current_hp_per_floor":[75,72,77,70,71,55,54,60,60,45,50,50,53,52,77,26,85,85,85,82,81,81,47,47,43,43,35,35,19,19,19,37],"items_purged":["Defend_R"],"gold":1,"score":307,"play_id":"59dc3931-0583-4eef-910e-1907316155b2","local_time":"20180304170152","is_prod":false,"is_daily":false,"is_ascension_mode":false,"campfire_upgraded":2,"timestamp":1520200912,"path_taken":["M","M","?","?","M","E","?","M","T","E","M","R","M","M","R","BOSS","M","?","M","M","$","E","R","M","T","M","$","?","?","?","R","BOSS"],"build_version":"2018-03-01-PROD1","purchased_purges":1,"victory":false,"master_deck":["Defend_R","Bash+1","Evolve+1","Whirlwind","Power Through","Feel No Pain","Bloodletting","Armaments","Iron Wave","Shrug It Off","Offering+1","Shrug It Off","Warcry","Headbutt","Second Wind","Flex","Perfected Strike","Rupture","Flex","Thunderclap+1","Metallicize","Bite","Bite","Bite","Bite+1","Bite","Injury"],"max_hp_per_floor":[80,80,85,85,85,85,85,85,85,85,85,85,85,85,85,85,85,85,85,85,85,85,85,85,85,85,85,85,90,63,63,63],"relics":["Burning Blood","Calipers","Thread and Needle","Pantograph","Mark of Pain","Pen Nib","Red Skull","Ice Cream"],"card_choices":[{"not_picked":["Blood for Blood","Twin Strike"],"picked":"Evolve"},{"not_picked":["Anger","Havoc"],"picked":"Whirlwind"},{"not_picked":["Shrug It Off","Thunderclap"],"picked":"Power Through"},{"not_picked":["Twin Strike","Corruption"],"picked":"Feel No Pain"},{"not_picked":["Twin Strike","Feel No Pain"],"picked":"Bloodletting"},{"not_picked":["Pommel Strike","Warcry"],"picked":"Armaments"},{"not_picked":["Flex","Armaments"],"picked":"Iron Wave"},{"not_picked":["Perfected Strike","Bloodletting"],"picked":"Shrug It Off"},{"not_picked":["Dark Embrace","Bludgeon"],"picked":"Offering"},{"not_picked":["Clothesline","Whirlwind"],"picked":"Shrug It Off"},{"not_picked":["Anger","Rupture"],"picked":"Headbutt"},{"not_picked":["Twin Strike","Uppercut"],"picked":"Second Wind"},{"not_picked":["Anger","Havoc"],"picked":"Rupture"},{"not_picked":["Iron Wave","Whirlwind"],"picked":"Flex"},{"not_picked":["Flex","Sword Boomerang"],"picked":"Thunderclap"}],"player_experience":399117,"potions_floor_usage":[6,6,10,11,23,25,33],"damage_taken":[{"damage":11,"enemies":"Jaw Worm","floor":1,"turns":4},{"damage":9,"enemies":"Small Slimes","floor":2,"turns":4},{"damage":5,"enemies":"2 Louse","floor":5,"turns":4},{"damage":22,"enemies":"Lagavulin","floor":6,"turns":8},{"damage":7,"enemies":"Gremlin Gang","floor":7,"turns":2},{"damage":0,"enemies":"Large Slime","floor":8,"turns":7},{"damage":21,"enemies":"Gremlin Nob","floor":10,"turns":5},{"damage":1,"enemies":"Lots of Slimes","floor":11,"turns":2},{"damage":3,"enemies":"3 Louse","floor":13,"turns":4},{"damage":7,"enemies":"Large Slime","floor":14,"turns":8},{"damage":65,"enemies":"The Guardian","floor":16,"turns":14},{"damage":4,"enemies":"3 Byrds","floor":18,"turns":7},{"damage":9,"enemies":"2 Thieves","floor":20,"turns":4},{"damage":7,"enemies":"3 Cultists","floor":21,"turns":4},{"damage":40,"enemies":"Slavers","floor":23,"turns":8},{"damage":10,"enemies":"Cultist and Chosen","floor":25,"turns":6},{"damage":14,"enemies":"Snake Plant","floor":27,"turns":3},{"damage":81,"enemies":"Collector","floor":33,"turns":7}],"event_choices":[{"event_name":"Big Fish","player_choice":"Donut","floor":3,"damage_taken":0},{"event_name":"Golden Wing","player_choice":"Card Removal","floor":4,"damage_taken":0},{"event_name":"Transmorgrifier","player_choice":"Transform","floor":19,"damage_taken":0},{"event_name":"Forgotten Altar","player_choice":"Shed Blood","floor":29,"damage_taken":0},{"event_name":"Vampires","player_choice":"Became a vampire","floor":30,"damage_taken":0},{"event_name":"Accursed Blacksmith","player_choice":"Forge","floor":31,"damage_taken":0}],"boss_relics":[{"not_picked":["Black Star","Astrolabe"],"picked":"Mark of Pain"}],"potions_floor_spawned":[1,2,8,10,14,18,27],"seed_played":"6549512973555806520","killed_by":"Collector","ascension_level":0,"is_trial":false}