{"path_per_floor":["M","?","?","?","M","R","E","R","T","M","R","$","M","E","R","B",null,"M","$","M","?","?","E","R","E","T","$","M","M","?","M","R"],"character_chosen":"THE_SILENT","items_purchased":["Infinite Blades","Lantern","Mind Blast"],"gold_per_floor":[16,16,16,16,33,33,63,63,63,76,76,7,26,85,85,187,187,200,46,57,57,57,82,82,113,140,35,55,69,69,88,88],"floor_reached":33,"campfire_rested":3,"playtime":1874,"current_hp_per_floor":[83,83,83,66,66,66,40,40,40,40,67,67,65,54,81,80,91,91,91,84,84,84,56,56,16,16,16,15,13,13,7,25],"items_purged":[],"gold":88,"score":348,"play_id":"bf11ecc6-9873-4f43-8ed3-0547b21e60a4","local_time":"20180304130532","is_prod":false,"is_daily":false,"is_ascension_mode":true,"campfire_upgraded":2,"timestamp":1520186732,"path_taken":["M","?","?","?","M","R","E","R","T","M","R","?","M","E","R","BOSS","M","$","M","?","?","E","R","E","T","?","M","M","?","M","R","BOSS"],"build_version":"2018-03-01-PROD1","purchased_purges":0,"victory":false,"master_deck":["Defend_G","Defend_G","Defend_G","Defend_G+1","Defend_G","Survivor","Neutralize+1","Cloak And Dagger+1","Skewer+1","Cloak And Dagger+1","Infinite Blades+1","Glass Knife","Heel Hook","Storm of Steel","Blur","Backflip","Backflip+1","Accuracy","Mind Blast","Skewer","Bite","Bite","Bite","Bite","Bite","Slice+1"],"max_hp_per_floor":[84,84,84,84,84,84,91,91,91,91,91,91,91,91,91,91,91,91,91,91,91,91,91,91,91,91,91,91,91,63,63,63],"relics":["Ring of the Snake","Strawberry","Dead Branch","Tiny Chest","The Specimen","Lantern","Girya","Letter Opener","Bronze Scales"],"card_choices":[{"not_picked":["Dodge and Roll","Poisoned Stab"],"picked":"Cloak And Dagger"},{"not_picked":["Dodge and Roll","Dagger Spray"],"picked":"Skewer"},{"not_picked":["Backflip","Riddle With Holes"],"picked":"Cloak And Dagger"},{"not_picked":["Dodge and Roll","Setup"],"picked":"Glass Knife"},{"not_picked":["Malaise","Glass Knife"],"picked":"Heel Hook"},{"not_picked":["Wraith Form","Grand Finale"],"picked":"Storm of Steel"},{"not_picked":["Deflect","Backflip"],"picked":"Blur"},{"not_picked":["Leg Sweep","Dagger Spray"],"picked":"Backflip"},{"not_picked":["Reflex","Caltrops"],"picked":"Backflip"},{"not_picked":["Backflip","Slice"],"picked":"Accuracy"},{"not_picked":["Prepared","Predator"],"picked":"Skewer"},{"not_picked":["Acrobatics","Quick Slash"],"picked":"Slice"}],"player_experience":387036,"potions_floor_usage":[16,23,25],"damage_taken":[{"damage":1,"enemies":"Jaw Worm","floor":1,"turns":6},{"damage":0,"enemies":"Cultist","floor":5,"turns":3},{"damage":33,"enemies":"Lagavulin","floor":7,"turns":7},{"damage":0,"enemies":"Small Slimes","floor":10,"turns":3},{"damage":2,"enemies":"Blue Slaver","floor":13,"turns":3},{"damage":11,"enemies":"3 Sentries","floor":14,"turns":4},{"damage":1,"enemies":"Slime Boss","floor":16,"turns":9},{"damage":0,"enemies":"Chosen","floor":18,"turns":4},{"damage":7,"enemies":"Spheric Guardian","floor":20,"turns":4},{"damage":28,"enemies":"Book of Stabbing","floor":23,"turns":6},{"damage":40,"enemies":"Gremlin Leader","floor":25,"turns":8},{"damage":1,"enemies":"3 Cultists","floor":28,"turns":4},{"damage":2,"enemies":"Chosen and Byrds","floor":29,"turns":6},{"damage":14,"enemies":"Sentry and Sphere","floor":31,"turns":5},{"damage":55,"enemies":"Automaton","floor":33,"turns":6}],"event_choices":[{"event_name":"Upgrade Shrine","player_choice":"Upgraded","floor":2,"damage_taken":0},{"event_name":"Purifier","player_choice":"One Purge","floor":3,"damage_taken":0},{"event_name":"Shining Light","player_choice":"Entered Light","floor":4,"damage_taken":0},{"event_name":"Beggar","player_choice":"Ignored","floor":21,"damage_taken":0},{"event_name":"Upgrade Shrine","player_choice":"Upgraded","floor":22,"damage_taken":0},{"event_name":"Vampires","player_choice":"Became a vampire","floor":30,"damage_taken":0}],"boss_relics":[{"not_picked":["Snecko Eye","Runic Dome"],"picked":"The Specimen"}],"potions_floor_spawned":[7,16,18,25],"seed_played":"-1245781312789492726","killed_by":"Automaton","ascension_level":2,"is_trial":false}