{"gold_per_floor":[109,126,76,76,91,91,153,153,153,153,184,184,184,197,197,296,296,307,307,407,426,75,75,75,75,98,125,141,141,240,275,275,371,371,382,382,65,80,1079,1079,1079,1079,1079,1079,2,37,57,110,110,110,110,110,9,39,39],"floor_reached":55,"playtime":2589,"items_purged":["Strike_G","Normality"],"score":1009,"play_id":"4f114e8d-6f00-4b59-8f3e-09ffb413df7d","local_time":"20190122204058","is_ascension_mode":true,"campfire_choices":[{"data":"Neutralize","floor":6,"key":"SMITH"},{"data":"Deadly Poison","floor":8,"key":"SMITH"},{"data":"Poisoned Stab","floor":10,"key":"SMITH"},{"floor":13,"key":"REST"},{"data":"Terror","floor":15,"key":"SMITH"},{"data":"Dash","floor":23,"key":"SMITH"},{"data":"Caltrops","floor":25,"key":"SMITH"},{"floor":32,"key":"REST"},{"data":"Wraith Form v2","floor":40,"key":"SMITH"},{"floor":44,"key":"REST"},{"floor":49,"key":"RECALL"},{"data":"Well Laid Plans","floor":52,"key":"SMITH"}],"neow_cost":"NONE","seed_source_timestamp":190717264848662,"circlet_count":0,"master_deck":["Defend_G+1","Defend_G","Defend_G","Defend_G+1","Defend_G+1","Strike_G","Strike_G","Strike_G","Survivor","Neutralize+1","Poisoned Stab+1","Terror+1","Masterful Stab","Deadly Poison+1","Acrobatics+1","Catalyst+1","Adrenaline+1","Dash+1","Backflip+1","Blade Dance+1","Crippling Poison+1","Cloak And Dagger+1","Caltrops+1","Clumsy","Deadly Poison+1","Parasite","Masterful Stab+1","Wraith Form v2+1","Strike_G","Well Laid Plans+1","Escape Plan+1","Blade Dance+1","Normality","Pain","Noxious Fumes","Bandage Up+1","Deflect+1","Wraith Form v2+1","Secret Technique+1","Expertise+1","Backstab","Dodge and Roll+1","Deflect+1","Blade Dance+1"],"relics":["Ring of the Snake","NeowsBlessing","Juzu Bracelet","Toxic Egg 2","Sundial","Cursed Key","Nunchaku","Dodecahedron","Blood Vial","Kunai","War Paint","The Specimen","Ornamental Fan","Red Mask","Busted Crown","Medical Kit","Calipers","DollysMirror","Dream Catcher","Ice Cream","Lantern"],"potions_floor_usage":[20,31,42,48,50,50,55],"damage_taken":[{"damage":0,"enemies":"Cultist","floor":1,"turns":1},{"damage":0,"enemies":"2 Louse","floor":2,"turns":1},{"damage":0,"enemies":"Small Slimes","floor":5,"turns":1},{"damage":27,"enemies":"Gremlin Nob","floor":7,"turns":4},{"damage":22,"enemies":"3 Sentries","floor":11,"turns":8},{"damage":0,"enemies":"2 Fungi Beasts","floor":14,"turns":3},{"damage":19,"enemies":"Hexaghost","floor":16,"turns":7},{"damage":0,"enemies":"Spheric Guardian","floor":18,"turns":3},{"damage":5,"enemies":"Colosseum Slavers","floor":20,"turns":6},{"damage":2,"enemies":"Colosseum Nobs","floor":20,"turns":4},{"damage":0,"enemies":"Chosen","floor":21,"turns":3},{"damage":2,"enemies":"Gremlin Leader","floor":27,"turns":4},{"damage":7,"enemies":"Centurion and Healer","floor":28,"turns":5},{"damage":4,"enemies":"Masked Bandits","floor":31,"turns":3},{"damage":22,"enemies":"Automaton","floor":33,"turns":7},{"damage":0,"enemies":"3 Shapes","floor":35,"turns":3},{"damage":13,"enemies":"3 Darklings","floor":38,"turns":5},{"damage":17,"enemies":"Giant Head","floor":42,"turns":6},{"damage":15,"enemies":"Nemesis","floor":46,"turns":9},{"damage":1,"enemies":"Sphere and 2 Shapes","floor":47,"turns":7},{"damage":2,"enemies":"2 Orb Walkers","floor":48,"turns":6},{"damage":25,"enemies":"Donu and Deca","floor":50,"turns":10},{"damage":35,"enemies":"Shield and Spear","floor":54,"turns":7},{"damage":70,"enemies":"The Heart","floor":55,"turns":2}],"seed_played":"593895517056993748","potions_obtained":[{"floor":11,"key":"FearPotion"},{"floor":14,"key":"SmokeBomb"},{"floor":16,"key":"Block Potion"},{"floor":20,"key":"SmokeBomb"},{"floor":21,"key":"Ancient Potion"},{"floor":27,"key":"Poison Potion"},{"floor":35,"key":"SpeedPotion"},{"floor":48,"key":"Explosive Potion"}],"is_trial":false,"path_per_floor":["?","?","?","?","?","?","?","T","?","?","?","?","?","?"],"character_chosen":"THE_SILENT","items_purchased":["Blood Vial","Cloak And Dagger+1","Caltrops","Well Laid Plans","Medical Kit","Escape Plan+1","Calipers","Noxious Fumes","Bandage Up+1","Deflect+1","DollysMirror","GhostInAJar","Secret Technique+1","Dodge and Roll+1","Deflect+1"],"campfire_rested":3,"item_purchase_floors":[22,22,22,37,37,37,45,45,45,45,45,45,45,53,53],"current_hp_per_floor":[63,63,63,68,68,68,41,41,41,41,19,19,41,41,41,22,62,62,62,55,55,55,55,55,55,55,55,50,50,50,48,70,50,69,71,71,71,60,60,60,60,45,45,67,67,60,67,73,73,56,70,70,70,40,0],"gold":39,"neow_bonus":"THREE_ENEMY_KILL","is_prod":false,"is_daily":false,"chose_seed":false,"campfire_upgraded":8,"win_rate":0,"timestamp":1548207658,"path_taken":["M","M","?","?","M","R","?","R","T","R","E","?","R","M","R","BOSS","M","?","?","M","$","R","?","R","T","E","M","?","?","?","R","BOSS","M","?","$","M","?","R","?","E","T","R","$","E","M","?","R","BOSS","R","$","E","BOSS"],"build_version":"2019-01-22","purchased_purges":2,"victory":false,"max_hp_per_floor":[70,70,70,75,75,75,75,75,75,75,75,75,75,75,75,75,75,75,75,75,75,75,75,75,75,75,75,75,75,75,75,75,75,75,75,75,75,75,75,75,75,75,75,75,75,75,75,75,75,75,75,75,75,75,75],"card_choices":[{"not_picked":["Bane","Slice"],"picked":"Poisoned Stab","floor":1},{"not_picked":["Catalyst","Slice"],"picked":"Terror","floor":2},{"not_picked":["Dodge and Roll","Deflect"],"picked":"Masterful Stab","floor":5},{"not_picked":["Sucker Punch","Slice"],"picked":"Deadly Poison","floor":7},{"not_picked":["Heel Hook","Tactician+1"],"picked":"Acrobatics+1","floor":11},{"not_picked":["Choke","Masterful Stab"],"picked":"Catalyst+1","floor":14},{"not_picked":["Envenom","Burst+1"],"picked":"Adrenaline+1","floor":16},{"not_picked":["Outmaneuver+1","Bane"],"picked":"Dash","floor":18},{"not_picked":["Choke","Concentrate+1"],"picked":"Blade Dance+1","floor":20},{"not_picked":["Acrobatics+1","Flying Knee"],"picked":"Crippling Poison+1","floor":21},{"not_picked":["Bane","Dodge and Roll+1"],"picked":"Deadly Poison+1","floor":27},{"not_picked":["Flying Knee","Slice"],"picked":"Acrobatics+1","floor":28},{"not_picked":["Accuracy+1","Poisoned Stab"],"picked":"Masterful Stab+1","floor":31},{"not_picked":["Malaise+1","Grand Finale"],"picked":"Wraith Form v2","floor":33},{"not_picked":["Flechettes"],"picked":"SKIP","floor":35},{"not_picked":[],"picked":"Blade Dance+1","floor":38},{"not_picked":[],"picked":"Expertise+1","floor":46},{"not_picked":["Outmaneuver+1"],"picked":"SKIP","floor":47},{"not_picked":[],"picked":"Backstab","floor":48},{"not_picked":[],"picked":"Blade Dance+1","floor":54}],"player_experience":1301010,"relics_obtained":[{"floor":7,"key":"Juzu Bracelet"},{"floor":9,"key":"Toxic Egg 2"},{"floor":11,"key":"Sundial"},{"floor":20,"key":"Nunchaku"},{"floor":20,"key":"Dodecahedron"},{"floor":26,"key":"War Paint"},{"floor":27,"key":"The Specimen"},{"floor":29,"key":"Ornamental Fan"},{"floor":31,"key":"Red Mask"},{"floor":46,"key":"Dream Catcher"},{"floor":48,"key":"Ice Cream"},{"floor":54,"key":"Lantern"}],"event_choices":[{"cards_removed":["Strike_G"],"damage_healed":0,"gold_gain":0,"player_choice":"Card Removal","damage_taken":0,"max_hp_gain":0,"max_hp_loss":0,"event_name":"The Cleric","floor":3,"gold_loss":50},{"damage_healed":0,"gold_gain":0,"player_choice":"Donut","damage_taken":0,"max_hp_gain":5,"max_hp_loss":0,"event_name":"Big Fish","floor":4,"gold_loss":0},{"damage_healed":0,"gold_gain":30,"player_choice":"Searched \u00272\u0027 times","damage_taken":0,"max_hp_gain":0,"max_hp_loss":0,"event_name":"Dead Adventurer","floor":7,"gold_loss":0},{"damage_healed":0,"gold_gain":0,"player_choice":"Grow","damage_taken":0,"max_hp_gain":0,"max_hp_loss":0,"event_name":"Living Wall","floor":12,"gold_loss":0,"cards_upgraded":["Defend_G"]},{"damage_healed":0,"gold_gain":0,"player_choice":"Read","damage_taken":0,"max_hp_gain":0,"max_hp_loss":0,"event_name":"The Library","floor":19,"gold_loss":0,"cards_obtained":["Backflip"]},{"damage_healed":0,"gold_gain":0,"player_choice":"Fight","damage_taken":0,"max_hp_gain":0,"max_hp_loss":0,"event_name":"Colosseum","floor":20,"gold_loss":0},{"damage_healed":0,"gold_gain":0,"player_choice":"Fought Nobs","damage_taken":0,"max_hp_gain":0,"max_hp_loss":0,"event_name":"Colosseum","floor":20,"gold_loss":0},{"damage_healed":0,"gold_gain":0,"player_choice":"Opened","damage_taken":0,"relics_obtained":["Kunai"],"max_hp_gain":0,"max_hp_loss":0,"event_name":"The Mausoleum","floor":24,"gold_loss":0,"cards_obtained":["Writhe"]},{"damage_healed":0,"gold_gain":99,"player_choice":"Stole From Cult","damage_taken":0,"max_hp_gain":0,"max_hp_loss":0,"event_name":"Nest","floor":30,"gold_loss":0},{"damage_healed":0,"gold_gain":0,"player_choice":"Fought Bandits","damage_taken":0,"max_hp_gain":0,"max_hp_loss":0,"event_name":"Masked Bandits","floor":31,"gold_loss":0},{"cards_removed":["Writhe"],"damage_healed":0,"gold_gain":0,"player_choice":"Took Card","damage_taken":0,"max_hp_gain":0,"max_hp_loss":0,"event_name":"NoteForYourself","floor":36,"gold_loss":0,"cards_obtained":["Strike_G"]},{"damage_healed":0,"gold_gain":999,"player_choice":"Gold","damage_taken":0,"max_hp_gain":0,"max_hp_loss":0,"event_name":"MindBloom","floor":39,"gold_loss":0,"cards_obtained":["Normality","Normality"]},{"cards_removed":["Acrobatics"],"damage_healed":0,"gold_gain":0,"player_choice":"Removed Skill","damage_taken":0,"max_hp_gain":0,"max_hp_loss":0,"event_name":"Falling","floor":41,"gold_loss":0},{"damage_healed":0,"gold_gain":0,"player_choice":"Fight","damage_taken":0,"max_hp_gain":0,"max_hp_loss":0,"event_name":"Mysterious Sphere","floor":48,"gold_loss":0}],"is_beta":true,"boss_relics":[{"not_picked":["Lizard Tail","HoveringKite"],"picked":"Cursed Key"},{"not_picked":["Calling Bell","White Beast Statue"],"picked":"Busted Crown"}],"items_purged_floors":[22,45],"is_endless":false,"potions_floor_spawned":[11,14,16,20,21,27,28,35,42,48],"killed_by":"The Heart","ascension_level":7}