{"path_per_floor":["M","M","?","M","M","R","M","R","T","M","?","M","R","$","R","B",null,"M","?","?","M","M","R","M"],"character_chosen":"THE_SILENT","items_purchased":["Bag of Preparation"],"gold_per_floor":[118,133,133,148,163,163,183,183,208,224,279,294,294,66,66,171,171,183,83,83,101,111,111,121],"floor_reached":25,"campfire_rested":3,"playtime":1496,"current_hp_per_floor":[70,70,63,63,57,57,49,70,70,70,51,47,47,47,70,46,70,55,55,42,25,7,44,6],"items_purged":["Strike_G"],"gold":121,"score":217,"play_id":"3ab98f46-85aa-44b1-a718-d05933e58f3d","local_time":"20180303161523","is_prod":false,"is_daily":false,"is_ascension_mode":true,"campfire_upgraded":2,"timestamp":1520111723,"path_taken":["M","M","?","?","M","R","M","R","T","?","?","M","R","?","R","BOSS","M","?","?","M","M","R","M","M"],"build_version":"2018-03-01-PROD1","purchased_purges":1,"victory":false,"master_deck":["Defend_G","Defend_G","Defend_G","Defend_G","Strike_G","Strike_G","Strike_G","Strike_G","Survivor","Neutralize+1","Cloak And Dagger","Dagger Throw","Caltrops","Cloak And Dagger","Flying Knee","Burst+1","Acrobatics","Outmaneuver","Quick Slash","A Thousand Cuts","Deflect+1","J.A.X.","Poisoned Stab","Slice","Blade Dance+1","Concentrate"],"max_hp_per_floor":[70,70,70,70,70,70,70,70,70,70,70,70,70,70,70,70,70,70,70,75,75,75,75,75],"relics":["Ring of the Snake","NeowsBlessing","Dream Catcher","Regal Pillow","Bag of Preparation","Runic Pyramid"],"card_choices":[{"not_picked":["Slice","Dagger Spray"],"picked":"Cloak And Dagger"},{"not_picked":["Riddle With Holes","Prepared"],"picked":"Dagger Throw"},{"not_picked":["Eviscerate","Setup"],"picked":"Caltrops"},{"not_picked":["Quick Slash","Storm of Steel"],"picked":"Cloak And Dagger"},{"not_picked":["Catalyst","Leg Sweep"],"picked":"Flying Knee"},{"not_picked":["Cloak And Dagger","Deadly Poison"],"picked":"Burst"},{"not_picked":["Backflip","Blade Dance"],"picked":"Acrobatics"},{"not_picked":["Distraction","Prepared"],"picked":"Outmaneuver"},{"not_picked":["Cloak And Dagger","Endless Agony"],"picked":"Quick Slash"},{"not_picked":["Venomology","Burst"],"picked":"A Thousand Cuts"},{"not_picked":["Dagger Spray","Deadly Poison"],"picked":"Deflect"},{"not_picked":["Cloak And Dagger","Die Die Die"],"picked":"Poisoned Stab"},{"not_picked":["Deadly Poison","Poisoned Stab"],"picked":"Slice"},{"not_picked":["Sucker Punch","PiercingWail"],"picked":"Blade Dance"},{"not_picked":["Dagger Spray","Dagger Throw"],"picked":"Concentrate"}],"player_experience":364466,"potions_floor_usage":[7,12,16,16,18,22,24,25],"damage_taken":[{"damage":0,"enemies":"Jaw Worm","floor":1,"turns":1},{"damage":0,"enemies":"Cultist","floor":2,"turns":1},{"damage":0,"enemies":"Small Slimes","floor":4,"turns":1},{"damage":6,"enemies":"Looter","floor":5,"turns":4},{"damage":8,"enemies":"Gremlin Gang","floor":7,"turns":6},{"damage":0,"enemies":"Exordium Wildlife","floor":10,"turns":4},{"damage":19,"enemies":"3 Sentries","floor":11,"turns":10},{"damage":4,"enemies":"Large Slime","floor":12,"turns":6},{"damage":24,"enemies":"Hexaghost","floor":16,"turns":9},{"damage":15,"enemies":"Chosen","floor":18,"turns":5},{"damage":17,"enemies":"3 Byrds","floor":21,"turns":5},{"damage":18,"enemies":"Snake Plant","floor":22,"turns":5},{"damage":38,"enemies":"3 Cultists","floor":24,"turns":5},{"damage":11,"enemies":"Cultist and Chosen","floor":25,"turns":4}],"event_choices":[{"event_name":"Golden Wing","player_choice":"Card Removal","floor":3,"damage_taken":0},{"event_name":"Dead Adventurer","player_choice":"Searched \u00271\u0027 times","floor":11,"damage_taken":0},{"event_name":"Drug Dealer","player_choice":"Got JAXXED","floor":19,"damage_taken":0},{"event_name":"Forgotten Altar","player_choice":"Shed Blood","floor":20,"damage_taken":0}],"boss_relics":[{"not_picked":["Astrolabe","Sozu"],"picked":"Runic Pyramid"}],"potions_floor_spawned":[2,7,10,11,16,18,21,22],"seed_played":"7454470102630033121","killed_by":"Cultist and Chosen","ascension_level":2,"is_trial":false}