{"path_per_floor":["M","?","$","M","M","R","?","R","T","R","M","M","E","M","R","B",null,"M","$","?","M","M","R","E","$","T","R","E","M","R","M","R"],"character_chosen":"IRONCLAD","items_purchased":["Dropkick","Battle Trance","Bronze Scales","Rage"],"gold_per_floor":[115,115,45,59,76,76,136,136,162,162,180,199,233,245,245,350,350,360,63,63,73,92,92,126,48,118,118,143,161,161,178,178,178],"floor_reached":33,"campfire_rested":5,"playtime":1274,"current_hp_per_floor":[78,78,78,78,76,76,76,76,76,76,73,67,54,46,70,37,80,71,71,71,51,33,57,27,27,27,51,31,34,58,37,61,0],"items_purged":["Strike_R"],"gold":178,"score":330,"play_id":"cedb0215-d84c-49f7-bc5d-040583c1cd6a","local_time":"20180408172645","is_prod":false,"is_daily":false,"is_ascension_mode":true,"campfire_upgraded":3,"timestamp":1523222805,"path_taken":["M","?","$","M","M","R","?","R","T","R","M","M","E","M","R","BOSS","M","$","?","M","M","R","E","$","T","R","E","M","R","M","R","BOSS"],"build_version":"2018-04-05","purchased_purges":1,"victory":false,"master_deck":["Strike_R","Strike_R","Strike_R","Defend_R","Defend_R","Bash","Shrug It Off","Dropkick+1","True Grit+1","Corruption+1","Shockwave","Whirlwind","True Grit+1","Armaments+1","Headbutt+1","Rampage","Battle Trance","Feed","Rage","Whirlwind"],"max_hp_per_floor":[80,80,80,80,80,80,80,80,80,80,80,80,80,80,80,80,80,80,80,80,80,80,80,80,80,80,80,80,83,83,83,83,83],"relics":["Sozu","Tiny Chest","Omamori","Pen Nib","Astrolabe","Bronze Scales","Ancient Tea Set","Toolbox","Anchor"],"card_choices":[{"not_picked":["Flex","Headbutt"],"picked":"Shrug It Off","floor":1},{"not_picked":["Perfected Strike","Clash"],"picked":"True Grit","floor":4},{"not_picked":["Headbutt","Perfected Strike"],"picked":"Corruption","floor":5},{"not_picked":["Flex","Warcry"],"picked":"Evolve","floor":11},{"not_picked":["Thunderclap","Anger"],"picked":"Shockwave","floor":12},{"not_picked":["Spot Weakness","Reckless Charge"],"picked":"Whirlwind","floor":13},{"not_picked":["Searing Blow","True Grit"],"picked":"Rampage","floor":18},{"not_picked":["Body Slam","Spot Weakness"],"picked":"Feed","floor":24},{"not_picked":["Armaments","Iron Wave"],"picked":"Whirlwind","floor":31}],"player_experience":141720,"potions_floor_usage":[],"damage_taken":[{"damage":2,"enemies":"2 Louse","floor":1,"turns":2},{"damage":0,"enemies":"Cultist","floor":4,"turns":2},{"damage":2,"enemies":"Jaw Worm","floor":5,"turns":3},{"damage":3,"enemies":"Blue Slaver","floor":11,"turns":3},{"damage":6,"enemies":"Exordium Wildlife","floor":12,"turns":4},{"damage":13,"enemies":"Lagavulin","floor":13,"turns":6},{"damage":8,"enemies":"Looter","floor":14,"turns":3},{"damage":33,"enemies":"Hexaghost","floor":16,"turns":10},{"damage":9,"enemies":"Shell Parasite","floor":18,"turns":6},{"damage":20,"enemies":"2 Thieves","floor":21,"turns":4},{"damage":18,"enemies":"Snake Plant","floor":22,"turns":3},{"damage":30,"enemies":"Book of Stabbing","floor":24,"turns":6},{"damage":24,"enemies":"Gremlin Leader","floor":28,"turns":7},{"damage":0,"enemies":"Chosen and Byrds","floor":29,"turns":5},{"damage":21,"enemies":"Sentry and Sphere","floor":31,"turns":5},{"damage":73,"enemies":"Automaton","floor":33,"turns":10}],"event_choices":[{"event_name":"Bonfire Elementals","player_choice":"BASIC","floor":2,"damage_taken":0},{"event_name":"Dead Adventurer","player_choice":"Searched \u00272\u0027 times","floor":7,"damage_taken":0},{"event_name":"Drug Dealer","player_choice":"Ignored","floor":20,"damage_taken":0}],"boss_relics":[{"not_picked":["Runic Cube","White Beast Statue"],"picked":"Astrolabe"}],"potions_floor_spawned":[5,11,12,13,14,18,22,29],"seed_played":"-8751182656253968458","killed_by":"Automaton","ascension_level":3,"is_trial":false}