{"path_per_floor":["M","M","M","M","?","R","M","R","T","M","E","R","E","$","R","B",null,"M","M","$","?","M","R","M","M","T","E","R","M","$","M","R","B",null,"M","?","?","$","M","R"],"character_chosen":"IRONCLAD","items_purchased":["Apotheosis","Clash","Offering","Corruption","Flex"],"gold_per_floor":[115,134,144,164,164,164,181,181,181,201,226,226,253,178,178,280,280,291,310,73,73,88,88,99,110,110,138,138,158,16,31,31,135,135,146,146,146,26,36,36,36],"floor_reached":41,"campfire_rested":2,"playtime":1856,"current_hp_per_floor":[80,80,78,74,90,90,71,71,71,66,72,72,61,61,61,30,90,82,88,88,88,88,88,81,57,67,24,54,60,60,53,83,67,100,91,91,78,78,73,73,0],"items_purged":["Defend_R"],"gold":36,"score":475,"play_id":"a256ab16-ae2c-4ad8-8045-4ec2bccb7b52","local_time":"20180325182627","is_prod":false,"is_daily":false,"is_ascension_mode":false,"campfire_upgraded":6,"timestamp":1522016787,"path_taken":["M","M","M","M","?","R","M","R","T","M","E","R","E","$","R","BOSS","M","M","$","?","M","R","M","M","T","E","R","M","$","?","R","BOSS","M","?","?","$","M","R","E"],"build_version":"2018-03-25","purchased_purges":2,"victory":false,"master_deck":["Strike_R","Strike_R","Strike_R","Strike_R","Strike_R","Defend_R","Defend_R","Defend_R","Bash","Flex+1","Clash","Headbutt","Rampage+1","True Grit+1","Rage+1","Double Tap+1","Dark Embrace","Feel No Pain","Apotheosis+1","Clash","Flex+1","Disarm+1","Offering+1","Rupture+1","Demon Form","Madness","Madness","Corruption","Flex","Seeing Red+1"],"max_hp_per_floor":[80,80,80,80,90,90,90,90,90,90,90,90,90,90,90,90,90,90,90,90,90,90,90,90,90,100,100,100,100,100,100,100,100,100,100,100,100,100,100,100,100],"relics":["Burning Blood","Calipers","Gremlin Horn","Lantern","Sozu","Pear","Bag of Marbles","Mark of Pain"],"card_choices":[{"not_picked":["Perfected Strike","Pommel Strike"],"picked":"Flex","floor":1},{"not_picked":["Anger","Battle Trance"],"picked":"Clash","floor":2},{"not_picked":["Sword Boomerang","Hemokinesis"],"picked":"Headbutt","floor":3},{"not_picked":["Bloodletting","Headbutt"],"picked":"Barricade","floor":4},{"not_picked":["Armaments","Perfected Strike"],"picked":"Rampage","floor":7},{"not_picked":["Iron Wave","Rampage"],"picked":"True Grit","floor":10},{"not_picked":["Warcry","Body Slam"],"picked":"Rage","floor":11},{"not_picked":["Bloodletting","True Grit"],"picked":"Double Tap","floor":13},{"not_picked":["Brutality","Double Tap"],"picked":"Dark Embrace","floor":16},{"not_picked":["Cleave","Thunderclap"],"picked":"Feel No Pain","floor":18},{"not_picked":["Dropkick","Pommel Strike"],"picked":"Flex","floor":22},{"not_picked":["Carnage","Clash"],"picked":"Disarm","floor":25},{"not_picked":["Headbutt","Body Slam"],"picked":"Rupture","floor":31},{"not_picked":["Feed","Juggernaut"],"picked":"Demon Form","floor":33},{"not_picked":["Flex","Clothesline"],"picked":"Seeing Red","floor":39}],"player_experience":0,"potions_floor_usage":[11,16,16,24],"damage_taken":[{"damage":0,"enemies":"2 Louse","floor":1,"turns":3},{"damage":1,"enemies":"Cultist","floor":2,"turns":3},{"damage":8,"enemies":"Jaw Worm","floor":3,"turns":3},{"damage":10,"enemies":"Looter","floor":4,"turns":3},{"damage":25,"enemies":"Gremlin Gang","floor":7,"turns":4},{"damage":11,"enemies":"Large Slime","floor":10,"turns":5},{"damage":0,"enemies":"Gremlin Nob","floor":11,"turns":2},{"damage":17,"enemies":"3 Sentries","floor":13,"turns":6},{"damage":37,"enemies":"The Guardian","floor":16,"turns":7},{"damage":14,"enemies":"Shell Parasite","floor":18,"turns":4},{"damage":0,"enemies":"Chosen","floor":19,"turns":3},{"damage":6,"enemies":"3 Cultists","floor":22,"turns":5},{"damage":13,"enemies":"Cultist and Chosen","floor":24,"turns":8},{"damage":30,"enemies":"Slaver and Parasite","floor":25,"turns":5},{"damage":49,"enemies":"Gremlin Leader","floor":27,"turns":7},{"damage":0,"enemies":"Centurion and Healer","floor":29,"turns":4},{"damage":13,"enemies":"3 Cultists","floor":31,"turns":4},{"damage":22,"enemies":"Champ","floor":33,"turns":10},{"damage":15,"enemies":"Orb Walker","floor":35,"turns":3},{"damage":11,"enemies":"3 Shapes","floor":39,"turns":4},{"damage":80,"enemies":"Giant Head","floor":41,"turns":7}],"event_choices":[{"event_name":"Bonfire Elementals","player_choice":"RARE","floor":5,"damage_taken":0},{"event_name":"Accursed Blacksmith","player_choice":"Forge","floor":21,"damage_taken":0},{"event_name":"SecretPortal","player_choice":"Rejected Portal.","floor":36,"damage_taken":0},{"event_name":"Winding Halls","player_choice":"Embrace Madness","floor":37,"damage_taken":0}],"boss_relics":[{"not_picked":["Astrolabe","Eternal Feather"],"picked":"Sozu"},{"not_picked":["Orrery","Snecko Eye"],"picked":"Mark of Pain"}],"potions_floor_spawned":[4,10,11,16,19,22,25,27,31,35,39],"seed_played":"2084697172180549316","killed_by":"Giant Head","ascension_level":0,"is_trial":false}