{"gold_per_floor":[115,134,149,164,13,13,40,40,95,124,136,166,166,186,186,291,291,307,319,336,251,96,131,131,146,173,184,184,184,196,208,208,303,303,322,322,33,51,51,51,81,81,81,112,15,29,29,45,45,45],"floor_reached":51,"playtime":2904,"items_purged":[],"score":1236,"play_id":"a1d577c2-0fab-4674-acc7-4d1c697e0e43","local_time":"20181227225314","is_ascension_mode":true,"campfire_choices":[{"data":"Glacier","floor":6,"key":"SMITH"},{"data":"Zap","floor":8,"key":"SMITH"},{"data":"Defragment","floor":13,"key":"SMITH"},{"data":"Glacier","floor":15,"key":"SMITH"},{"floor":24,"key":"REST"},{"data":"Defragment","floor":29,"key":"SMITH"},{"floor":32,"key":"REST"},{"floor":40,"key":"REST"},{"floor":47,"key":"RECALL"},{"data":"Echo Form","floor":49,"key":"SMITH"}],"neow_cost":"NONE","seed_source_timestamp":1070279012396476,"circlet_count":0,"master_deck":["AscendersBane","Zap+1","Dualcast","Cold Snap","Glacier+1","Leap","Ball Lightning","Sweeping Beam","Defragment+1","Ball Lightning","Glacier+1","Heatsinks","Creative AI","Defragment+1","Static Discharge","Coolheaded+1","Glacier+1","Capacitor","Capacitor+1","Defragment+1","Turbo","Buffer","Core Surge","Echo Form+1","Meteor Strike","Scrape","Recycle","Capacitor+1","Dark Shackles","Defragment","Aggregate+1","Turbo+1","Compile Driver+1","Panacea","Self Repair"],"relics":["Empty Cage","Bag of Preparation","Question Card","Anchor","Lantern","Ornamental Fan","Velvet Choker","Dream Catcher","DataDisk","Centennial Puzzle","Pandora\u0027s Box","Runic Capacitor","Orichalcum","Omamori","Bottled Lightning"],"potions_floor_usage":[11,16,23,30,33,46,50,50],"damage_taken":[{"damage":0,"enemies":"Cultist","floor":1,"turns":5},{"damage":0,"enemies":"Small Slimes","floor":2,"turns":4},{"damage":0,"enemies":"Jaw Worm","floor":3,"turns":5},{"damage":0,"enemies":"2 Fungi Beasts","floor":4,"turns":7},{"damage":15,"enemies":"Lagavulin","floor":7,"turns":9},{"damage":6,"enemies":"3 Sentries","floor":10,"turns":9},{"damage":0,"enemies":"Lots of Slimes","floor":11,"turns":4},{"damage":4,"enemies":"Lagavulin","floor":12,"turns":5},{"damage":0,"enemies":"Looter","floor":14,"turns":3},{"damage":21,"enemies":"The Guardian","floor":16,"turns":11},{"damage":1,"enemies":"Spheric Guardian","floor":18,"turns":4},{"damage":19,"enemies":"2 Thieves","floor":19,"turns":5},{"damage":0,"enemies":"Snake Plant","floor":20,"turns":6},{"damage":14,"enemies":"Book of Stabbing","floor":23,"turns":6},{"damage":0,"enemies":"Centurion and Healer","floor":25,"turns":6},{"damage":0,"enemies":"Sentry and Sphere","floor":27,"turns":5},{"damage":0,"enemies":"Chosen and Byrds","floor":30,"turns":6},{"damage":0,"enemies":"Snake Plant","floor":31,"turns":8},{"damage":3,"enemies":"Champ","floor":33,"turns":10},{"damage":28,"enemies":"3 Darklings","floor":35,"turns":6},{"damage":1,"enemies":"3 Shapes","floor":38,"turns":5},{"damage":0,"enemies":"Giant Head","floor":41,"turns":9},{"damage":0,"enemies":"Nemesis","floor":44,"turns":7},{"damage":8,"enemies":"Jaw Worm Horde","floor":46,"turns":8},{"damage":0,"enemies":"Transient","floor":48,"turns":5},{"damage":54,"enemies":"Awakened One","floor":50,"turns":14}],"seed_played":"5121172293547993066","potions_obtained":[{"floor":2,"key":"Poison Potion"},{"floor":11,"key":"Strength Potion"},{"floor":12,"key":"Energy Potion"},{"floor":14,"key":"Regen Potion"},{"floor":18,"key":"Dexterity Potion"},{"floor":23,"key":"Poison Potion"},{"floor":27,"key":"EssenceOfSteel"},{"floor":31,"key":"Fire Potion"},{"floor":33,"key":"Fire Potion"},{"floor":46,"key":"Weak Potion"}],"is_trial":false,"path_per_floor":["M","M","M","M","$","R","E","R","T","E","M","E","R","M","R","B",null,"M","M","M","?","$","E","R","M","T","M","?","R","M","M","R","B",null,"M","?","$","M","?","R","E","?","T","E","$","M","R","M","R","B",null],"character_chosen":"DEFECT","items_purchased":["Bag of Preparation","DataDisk","Defragment","Runic Capacitor","Panacea"],"campfire_rested":3,"item_purchase_floors":[5,22,37,37,45],"current_hp_per_floor":[68,68,68,68,68,68,53,53,53,47,47,43,43,43,43,37,66,65,46,46,46,46,32,54,54,54,54,54,54,54,54,75,72,74,46,46,46,45,45,67,67,85,85,85,85,77,77,77,77,23],"gold":45,"neow_bonus":"BOSS_RELIC","is_prod":false,"is_daily":false,"chose_seed":true,"campfire_upgraded":6,"win_rate":0,"timestamp":1545969194,"path_taken":["M","M","?","M","$","R","E","R","T","E","M","E","R","?","R","BOSS","M","?","M","?","$","E","R","M","T","M","?","R","M","?","R","BOSS","M","?","$","M","?","R","E","?","T","E","$","?","R","M","R","BOSS"],"build_version":"2018-12-25","purchased_purges":0,"victory":true,"max_hp_per_floor":[75,75,75,75,75,75,75,75,75,75,75,75,75,75,75,75,75,75,75,75,75,75,75,75,75,75,75,75,75,75,75,75,75,75,75,75,75,75,75,75,75,85,85,85,85,85,85,85,85,85],"card_choices":[{"not_picked":["Beam Cell","Gash"],"picked":"Cold Snap","floor":1},{"not_picked":["Redo","Turbo"],"picked":"Glacier","floor":2},{"not_picked":["Darkness","Tempest"],"picked":"Leap","floor":3},{"not_picked":["Stack","Rainbow"],"picked":"Ball Lightning","floor":4},{"not_picked":["Gash","Streamline"],"picked":"Sweeping Beam","floor":7},{"not_picked":["Doom and Gloom","Go for the Eyes","Turbo"],"picked":"Defragment","floor":10},{"not_picked":["Cold Snap","Beam Cell","Barrage"],"picked":"Ball Lightning","floor":11},{"not_picked":["Turbo","Stack","Heatsinks"],"picked":"Glacier","floor":12},{"not_picked":["Ball Lightning","Conserve Battery","Leap"],"picked":"Heatsinks","floor":14},{"not_picked":["Reboot","Thunder Strike","Seek"],"picked":"Creative AI","floor":16},{"not_picked":["Leap","Lockon","Hologram+1"],"picked":"Defragment","floor":18},{"not_picked":["White Noise","Loop","Steam"],"picked":"Static Discharge","floor":19},{"not_picked":["Cold Snap+1","Gash","Reinforced Body"],"picked":"Coolheaded+1","floor":20},{"not_picked":["Scrape","Rebound","Creative AI"],"picked":"Glacier+1","floor":23},{"not_picked":["Leap","Conserve Battery","Ball Lightning+1"],"picked":"Capacitor","floor":24},{"not_picked":["Redo","Sweeping Beam+1","Go for the Eyes","Cold Snap"],"picked":"SKIP","floor":25},{"not_picked":["Reinforced Body","Barrage","Reboot"],"picked":"Capacitor+1","floor":27},{"not_picked":["Beam Cell+1","Leap+1","Redo","Ball Lightning"],"picked":"SKIP","floor":30},{"not_picked":["Streamline","Leap","Beam Cell","Sweeping Beam"],"picked":"SKIP","floor":31},{"not_picked":["Beam Cell","Reprogram","Hologram"],"picked":"Turbo","floor":32},{"not_picked":["Creative AI","All For One","Thunder Strike"],"picked":"Buffer","floor":33},{"not_picked":["Rebound+1","Chill+1","Barrage"],"picked":"Capacitor+1","floor":35},{"not_picked":["PanicButton","Secret Technique","Chrysalis"],"picked":"Dark Shackles","floor":36},{"not_picked":["Rip and Tear+1","Sweeping Beam+1","Rebound+1"],"picked":"Aggregate+1","floor":38},{"not_picked":["BootSequence+1","Conserve Battery","Go for the Eyes"],"picked":"Turbo+1","floor":40},{"not_picked":["Sweeping Beam+1","Go for the Eyes+1","Static Discharge"],"picked":"Compile Driver+1","floor":41},{"not_picked":["FTL","Hello World","Genetic Algorithm+1","Melter+1"],"picked":"SKIP","floor":44},{"not_picked":["Compile Driver","Steam Power","Gash"],"picked":"Self Repair","floor":46},{"not_picked":["Darkness","Reinforced Body+1","Hologram","Redo"],"picked":"SKIP","floor":48}],"player_experience":1041488,"relics_obtained":[{"floor":7,"key":"Question Card"},{"floor":9,"key":"Anchor"},{"floor":10,"key":"Lantern"},{"floor":12,"key":"Ornamental Fan"},{"floor":23,"key":"Centennial Puzzle"},{"floor":41,"key":"Orichalcum"},{"floor":43,"key":"Omamori"},{"floor":44,"key":"Bottled Lightning"}],"event_choices":[{"damage_healed":0,"gold_gain":0,"player_choice":"Obtained Relic","damage_taken":0,"relics_obtained":["Dream Catcher"],"max_hp_gain":0,"max_hp_loss":0,"event_name":"Addict","floor":21,"gold_loss":85},{"damage_healed":0,"gold_gain":0,"player_choice":"Copied","damage_taken":0,"max_hp_gain":0,"max_hp_loss":0,"event_name":"Duplicator","floor":28,"gold_loss":0,"cards_obtained":["Defragment"]},{"damage_healed":0,"gold_gain":0,"player_choice":"Memory 1","damage_taken":0,"max_hp_gain":0,"max_hp_loss":0,"event_name":"SensoryStone","floor":36,"gold_loss":0},{"damage_healed":0,"gold_gain":0,"player_choice":"Ignored","damage_taken":0,"max_hp_gain":0,"max_hp_loss":0,"event_name":"Mysterious Sphere","floor":39,"gold_loss":0},{"cards_removed":["Fission"],"damage_healed":8,"gold_gain":0,"player_choice":"Offered Rare","damage_taken":0,"max_hp_gain":10,"max_hp_loss":0,"event_name":"Bonfire Elementals","floor":42,"gold_loss":0}],"is_beta":true,"boss_relics":[{"not_picked":["Coffee Dripper","Philosopher\u0027s Stone"],"picked":"Velvet Choker"},{"not_picked":["Orrery","Snecko Eye"],"picked":"Pandora\u0027s Box"}],"items_purged_floors":[],"is_endless":false,"potions_floor_spawned":[2,11,12,14,18,23,27,31,33,44,46],"ascension_level":11}