{"gold_per_floor":[14,32,52,52,52,52,86,86,133,176,32,32,32,57,57,57],"floor_reached":16,"playtime":608,"items_purged":[],"score":189,"play_id":"b17bde5c-5f52-4e40-b8f7-9fceffc06daa","local_time":"20190104181808","is_ascension_mode":true,"campfire_choices":[{"floor":6,"key":"REST"},{"floor":13,"key":"REST"},{"data":"Flame Barrier","floor":15,"key":"SMITH"}],"neow_cost":"NO_GOLD","seed_source_timestamp":339220115575598,"circlet_count":0,"master_deck":["AscendersBane","Strike_R","Strike_R","Strike_R+1","Strike_R+1","Strike_R","Defend_R","Defend_R","Defend_R","Defend_R","Bash","Pummel","Clothesline","Flame Barrier+1","Flex","Offering","Fiend Fire","Ghostly Armor"],"relics":["Burning Blood","Omamori","Golden Idol","Art of War","Centennial Puzzle"],"potions_floor_usage":[7,16,16],"damage_taken":[{"damage":16,"enemies":"Small Slimes","floor":1,"turns":6},{"damage":2,"enemies":"2 Louse","floor":2,"turns":3},{"damage":6,"enemies":"Cultist","floor":3,"turns":4},{"damage":30,"enemies":"3 Sentries","floor":7,"turns":10},{"damage":32,"enemies":"Gremlin Nob","floor":10,"turns":5},{"damage":6,"enemies":"Large Slime","floor":14,"turns":3},{"damage":70,"enemies":"Hexaghost","floor":16,"turns":11}],"seed_played":"4754807575183554774","potions_obtained":[{"floor":1,"key":"PowerPotion"},{"floor":7,"key":"EssenceOfSteel"},{"floor":10,"key":"Regen Potion"}],"is_trial":false,"path_per_floor":["M","M","M","?","$","R","E","?","T","E","$","?","R","M","R","B"],"character_chosen":"IRONCLAD","items_purchased":["Fiend Fire"],"campfire_rested":2,"item_purchase_floors":[11],"current_hp_per_floor":[72,76,76,49,49,75,51,51,51,25,25,25,49,49,49,0],"gold":57,"neow_bonus":"TWENTY_PERCENT_HP_BONUS","is_prod":false,"is_daily":false,"chose_seed":false,"campfire_upgraded":1,"win_rate":0,"timestamp":1546643888,"path_taken":["M","M","M","?","$","R","E","?","T","E","$","?","R","M","R","BOSS"],"build_version":"2019-01-03v4","purchased_purges":0,"victory":false,"max_hp_per_floor":[89,89,89,89,89,89,89,81,81,81,81,81,81,81,81,81],"card_choices":[{"not_picked":["Flex","True Grit"],"picked":"Pummel","floor":1},{"not_picked":["Clash","Twin Strike"],"picked":"Clothesline","floor":2},{"not_picked":["Inflame","Power Through"],"picked":"Flame Barrier","floor":3},{"not_picked":["Clothesline","Heavy Blade"],"picked":"Flex","floor":7},{"not_picked":["Second Wind","Iron Wave"],"picked":"Offering","floor":10},{"not_picked":["Warcry","Havoc"],"picked":"Ghostly Armor","floor":14}],"player_experience":1156460,"relics_obtained":[{"floor":7,"key":"Omamori"},{"floor":9,"key":"Art of War"},{"floor":10,"key":"Centennial Puzzle"}],"event_choices":[{"damage_healed":0,"gold_gain":0,"player_choice":"Entered Light","damage_taken":27,"max_hp_gain":0,"max_hp_loss":0,"event_name":"Shining Light","floor":4,"gold_loss":0,"cards_upgraded":["Strike_R","Strike_R"]},{"damage_healed":0,"gold_gain":0,"player_choice":"Lose Max HP","damage_taken":0,"relics_obtained":["Golden Idol"],"max_hp_gain":0,"max_hp_loss":8,"event_name":"Golden Idol","floor":8,"gold_loss":0},{"damage_healed":0,"gold_gain":0,"player_choice":"Cursed","damage_taken":0,"max_hp_gain":0,"max_hp_loss":0,"event_name":"Wheel of Change","floor":12,"gold_loss":0,"cards_obtained":["Decay"]}],"is_beta":true,"boss_relics":[],"items_purged_floors":[],"is_endless":false,"potions_floor_spawned":[1,7,10],"killed_by":"Hexaghost","ascension_level":15}