{"path_per_floor":["M","M","T","M","?","E","M","R","T","?","M","M","R","E","R","B",null,"M","?","?","T","M","R","M","R","T","E","R","M","M","M","R","B",null,"M","$","?","M","M","R","M","E","T","M","?","?","E","T","R"],"character_chosen":"IRONCLAD","items_purchased":["Calipers","Twin Strike","Molten Egg 2"],"gold_per_floor":[113,124,148,163,163,188,204,204,204,234,253,269,269,299,299,403,403,414,414,414,441,459,459,474,474,474,502,502,512,524,539,539,644,644,659,54,54,66,86,86,98,128,128,140,140,140,174,247,247,247],"floor_reached":50,"campfire_rested":6,"playtime":1653,"current_hp_per_floor":[80,77,77,80,80,55,61,61,61,19,17,17,41,23,47,18,65,53,53,38,38,40,65,62,85,85,70,70,65,40,47,72,60,79,82,82,85,85,73,73,58,40,40,41,41,30,36,36,61,0],"items_purged":[],"gold":247,"score":693,"play_id":"1315a583-7985-4461-ad27-fe5cddef59a0","local_time":"20180415024103","is_prod":false,"is_daily":false,"chose_seed":true,"is_ascension_mode":true,"campfire_upgraded":3,"timestamp":1523774463,"path_taken":["M","M","?","?","?","E","M","R","T","?","M","M","R","E","R","BOSS","M","?","?","?","M","R","M","R","T","E","R","M","M","M","R","BOSS","M","$","?","M","M","R","M","E","T","M","?","?","E","?","R","BOSS"],"build_version":"2018-04-13","seed_source_timestamp":236636633236143,"purchased_purges":0,"victory":false,"master_deck":["Strike_R","Strike_R","Strike_R","Strike_R","Strike_R","Defend_R","Defend_R","Defend_R","Bash","Dropkick","Headbutt","Inflame+1","Spot Weakness","Armaments","Cleave","Bludgeon","Demon Form","Uppercut","Heavy Blade","Rage+1","Anger","Flame Barrier","Entrench+1","Seeing Red+1","Carnage+1","Power Through+1","Juggernaut","Body Slam","Twin Strike","Battle Trance+1","Thunderclap+1","Heavy Blade+1","Clothesline+1","Clothesline+1","Madness","Madness","Rage","True Grit+1"],"max_hp_per_floor":[80,80,80,80,80,80,80,80,80,80,80,80,80,80,80,80,80,80,80,85,85,85,85,85,85,85,85,85,85,85,85,85,85,85,85,85,85,85,85,85,85,85,85,85,85,85,85,85,85,85],"relics":["Burning Blood","Pen Nib","Bag of Preparation","Lantern","Prayer Wheel","Tiny Chest","Dodecahedron","Snecko Eye","Bronze Scales","Shuriken","Blood Vial","Sozu","Calipers","Molten Egg 2","Bird Faced Urn","Bottled Flame","Sundial","Darkstone Periapt"],"card_choices":[{"not_picked":["Rupture","Reckless Charge"],"picked":"Dropkick","floor":1},{"not_picked":["Combust","Warcry"],"picked":"Headbutt","floor":2},{"not_picked":["Flex","Reckless Charge"],"picked":"Inflame","floor":4},{"not_picked":["Anger","Dual Wield"],"picked":"Spot Weakness","floor":6},{"not_picked":["Clothesline","Anger"],"picked":"Armaments","floor":7},{"not_picked":["Twin Strike","Sentinel"],"picked":"Cleave","floor":11},{"not_picked":["Cleave","Reckless Charge"],"picked":"Flex","floor":12},{"not_picked":["Battle Trance","Iron Wave"],"picked":"Bludgeon","floor":14},{"not_picked":["Offering","Dark Embrace"],"picked":"Demon Form","floor":16},{"not_picked":["Flex","Sever Soul"],"picked":"Uppercut","floor":18},{"not_picked":["Armaments","Bloodletting"],"picked":"Heavy Blade","floor":21},{"not_picked":["Metallicize","Sever Soul"],"picked":"Rage","floor":22},{"not_picked":["Wild Strike","Second Wind"],"picked":"Anger","floor":24},{"not_picked":["Headbutt","Armaments"],"picked":"Flame Barrier","floor":26},{"not_picked":["Flex","Limit Break"],"picked":"Entrench","floor":27},{"not_picked":["Headbutt","Havoc"],"picked":"Seeing Red","floor":29},{"not_picked":["Combust","Havoc"],"picked":"Carnage","floor":30},{"not_picked":["Searing Blow","Twin Strike"],"picked":"Power Through","floor":31},{"not_picked":["Exhume","Limit Break"],"picked":"Juggernaut","floor":33},{"not_picked":["Perfected Strike","Ghostly Armor"],"picked":"Body Slam","floor":35},{"not_picked":["Sentinel","Sever Soul"],"picked":"Battle Trance","floor":38},{"not_picked":["Sword Boomerang","Bloodletting"],"picked":"Thunderclap","floor":39},{"not_picked":["Iron Wave","Reckless Charge"],"picked":"Heavy Blade","floor":41},{"not_picked":["True Grit","Berserk"],"picked":"Clothesline","floor":42},{"not_picked":["Burning Pact","Flex"],"picked":"Clothesline","floor":44},{"not_picked":["Sword Boomerang","Spot Weakness"],"picked":"Rage","floor":47},{"not_picked":["Flex","Inflame"],"picked":"True Grit","floor":48}],"player_experience":202406,"potions_floor_usage":[6,11,16,18,33,33,41,50],"damage_taken":[{"damage":1,"enemies":"Cultist","floor":1,"turns":3},{"damage":9,"enemies":"Jaw Worm","floor":2,"turns":3},{"damage":1,"enemies":"2 Louse","floor":4,"turns":3},{"damage":31,"enemies":"3 Sentries","floor":6,"turns":6},{"damage":0,"enemies":"2 Fungi Beasts","floor":7,"turns":2},{"damage":8,"enemies":"Red Slaver","floor":11,"turns":4},{"damage":6,"enemies":"Large Slime","floor":12,"turns":5},{"damage":24,"enemies":"Gremlin Nob","floor":14,"turns":4},{"damage":35,"enemies":"Hexaghost","floor":16,"turns":8},{"damage":18,"enemies":"Chosen","floor":18,"turns":4},{"damage":4,"enemies":"Shell Parasite","floor":22,"turns":2},{"damage":9,"enemies":"3 Cultists","floor":24,"turns":4},{"damage":21,"enemies":"Book of Stabbing","floor":27,"turns":3},{"damage":13,"enemies":"Centurion and Healer","floor":29,"turns":3},{"damage":33,"enemies":"Slaver and Parasite","floor":30,"turns":3},{"damage":1,"enemies":"Snecko","floor":31,"turns":3},{"damage":35,"enemies":"Champ","floor":33,"turns":6},{"damage":5,"enemies":"3 Shapes","floor":35,"turns":4},{"damage":0,"enemies":"Orb Walker","floor":38,"turns":2},{"damage":18,"enemies":"3 Darklings","floor":39,"turns":4},{"damage":23,"enemies":"Spire Growth","floor":41,"turns":5},{"damage":26,"enemies":"Nemesis","floor":42,"turns":5},{"damage":11,"enemies":"Sphere and 2 Shapes","floor":44,"turns":3},{"damage":6,"enemies":"2 Orb Walkers","floor":47,"turns":3},{"damage":72,"enemies":"Time Eater","floor":50,"turns":7}],"event_choices":[{"event_name":"Golden Wing","player_choice":"Ignored","floor":5,"damage_taken":0},{"event_name":"Scrap Ooze","player_choice":"success","floor":10,"damage_taken":42},{"event_name":"Vampires","player_choice":"Ignored","floor":19,"damage_taken":0},{"event_name":"Forgotten Altar","player_choice":"Shed Blood","floor":20,"damage_taken":0},{"event_name":"Bonfire Elementals","player_choice":"COMMON","floor":37,"damage_taken":0},{"event_name":"Winding Halls","player_choice":"Embrace Madness","floor":46,"damage_taken":0}],"boss_relics":[{"not_picked":["Lizard Tail","Black Star"],"picked":"Snecko Eye"},{"not_picked":["Cursed Key","Black Blood"],"picked":"Sozu"}],"potions_floor_spawned":[1,2,7,11,14,24,27,31,33,35,38],"seed_played":"5197470821339270739","killed_by":"Time Eater","ascension_level":5,"is_trial":false}