{"path_per_floor":["M","?","$","M","M","E","R","E","T","R","M","R","?","?","R","B",null,"M","$","M","?","?","R","M","M","T","$"],"character_chosen":"IRONCLAD","items_purchased":["Feel No Pain","Singing Bowl","Flex","Ice Cream","Anger"],"gold_per_floor":[216,291,65,75,89,117,117,142,167,167,185,185,185,185,185,283,283,300,10,21,21,21,21,33,49,74,24,24],"floor_reached":28,"campfire_rested":4,"playtime":948,"current_hp_per_floor":[65,54,54,54,59,50,50,14,14,38,36,60,60,44,68,37,71,65,65,40,40,40,65,42,26,26,26,0],"items_purged":[],"gold":24,"score":316,"play_id":"7768b5ea-cb69-4cdf-9176-53f828b9334b","local_time":"20180418204318","is_prod":false,"is_daily":false,"chose_seed":false,"is_ascension_mode":true,"campfire_upgraded":1,"timestamp":1524098598,"path_taken":["M","?","$","M","?","E","R","E","T","R","M","R","?","?","R","BOSS","M","$","M","?","?","R","M","M","T","$","E"],"build_version":"2018-04-17","seed_source_timestamp":561528236939933,"purchased_purges":0,"victory":false,"master_deck":["Strike_R","Strike_R","Strike_R","Strike_R","Strike_R","Defend_R","Defend_R","Defend_R","Defend_R","Bash","Uppercut+1","Feel No Pain+1","Flex+1","Twin Strike","Power Through","Body Slam","Demon Form","Barricade","Offering+1","Battle Trance+1","Anger"],"max_hp_per_floor":[80,80,80,80,80,80,80,80,80,80,82,82,82,82,82,82,82,84,84,86,86,86,86,86,88,88,88,88],"relics":["Burning Blood","Singing Bowl","Paper Frog","Vajra","Anchor","Snecko Eye","Ice Cream","Bag of Marbles"],"card_choices":[{"not_picked":["Clothesline","Flame Barrier"],"picked":"Uppercut","floor":1},{"not_picked":["Perfected Strike","Sword Boomerang"],"picked":"Twin Strike","floor":4},{"not_picked":["Clash","Cleave"],"picked":"Power Through","floor":5},{"not_picked":["Burning Pact","Flex"],"picked":"Body Slam","floor":6},{"not_picked":["True Grit","Infernal Blade"],"picked":"Demon Form","floor":8},{"not_picked":["Double Tap","Demon Form"],"picked":"Barricade","floor":16},{"not_picked":["Perfected Strike","Clothesline"],"picked":"Battle Trance","floor":24}],"player_experience":246585,"potions_floor_usage":[8,11,20,24,25,28],"damage_taken":[{"damage":13,"enemies":"Jaw Worm","floor":1,"turns":4},{"damage":6,"enemies":"Cultist","floor":4,"turns":3},{"damage":1,"enemies":"2 Louse","floor":5,"turns":2},{"damage":15,"enemies":"3 Sentries","floor":6,"turns":11},{"damage":51,"enemies":"Lagavulin","floor":8,"turns":7},{"damage":10,"enemies":"Exordium Thugs","floor":11,"turns":4},{"damage":37,"enemies":"Hexaghost","floor":16,"turns":8},{"damage":14,"enemies":"Spheric Guardian","floor":18,"turns":5},{"damage":33,"enemies":"Shell Parasite","floor":20,"turns":6},{"damage":29,"enemies":"Sentry and Sphere","floor":24,"turns":4},{"damage":24,"enemies":"Centurion and Healer","floor":25,"turns":5},{"damage":30,"enemies":"Gremlin Leader","floor":28,"turns":3}],"event_choices":[{"event_name":"World of Goop","player_choice":"Gather Gold","floor":2,"damage_taken":0},{"event_name":"The Lab","player_choice":"Got Potions","floor":13,"damage_taken":0},{"event_name":"Shining Light","player_choice":"Entered Light","floor":14,"damage_taken":0},{"event_name":"Match and Keep!","player_choice":"1 cards matched","floor":21,"damage_taken":0},{"event_name":"Upgrade Shrine","player_choice":"Upgraded","floor":22,"damage_taken":0}],"boss_relics":[{"not_picked":["Cursed Key","Eternal Feather"],"picked":"Snecko Eye"}],"potions_floor_spawned":[4,5,8,20,24,25],"seed_played":"-330854255204478581","killed_by":"Gremlin Leader","ascension_level":8,"is_trial":false}