{"path_per_floor":["M","?","M","M","$","R","M","R","T","E","R","E","$","M","R","B",null,"M","?","M","M","?","?","M","?","T","R","?","R","M","M","R"],"character_chosen":"IRONCLAD","items_purchased":["Headbutt"],"gold_per_floor":[118,118,134,145,46,46,65,65,65,94,94,128,28,48,48,147,147,129,179,197,215,215,215,231,131,158,158,158,158,175,195,195],"floor_reached":33,"campfire_rested":4,"playtime":2495,"current_hp_per_floor":[79,84,85,85,85,85,83,83,83,64,64,56,56,57,82,13,85,65,65,48,24,52,36,19,19,19,44,44,69,52,39,64],"items_purged":["Defend_R","Defend_R"],"gold":195,"score":257,"play_id":"551ce575-9673-4b95-a866-90f9d0483710","is_prod":false,"is_daily":false,"is_ascension_mode":false,"campfire_upgraded":3,"path_taken":["M","?","M","M","$","R","M","R","T","E","R","E","?","M","R","BOSS","M","?","M","M","?","?","?","?","T","R","?","R","M","M","R","BOSS"],"build_version":"2018-02-22-PROD2","purchased_purges":2,"victory":false,"master_deck":["Strike_R","Strike_R","Strike_R","Strike_R","Strike_R","Defend_R","Defend_R","Bash","Shrug It Off+1","Combust","Battle Trance","Shrug It Off+1","Headbutt+1","Headbutt","Twin Strike","Heavy Blade","Headbutt+1","Hemokinesis","Perfected Strike","J.A.X.","Heavy Blade+1","Inflame+1"],"max_hp_per_floor":[80,85,85,85,85,85,85,85,85,85,85,85,85,85,85,85,85,85,85,85,85,85,85,85,85,85,85,85,85,85,85,85],"relics":["Black Blood","Red Skull","Ornamental Fan","Girya","Nilry\u0027s Codex","Bag of Marbles"],"card_choices":[{"not_picked":["Disarm","Hemokinesis"],"picked":"Shrug It Off"},{"not_picked":["Thunderclap","True Grit"],"picked":"Combust"},{"not_picked":["Warcry","Wild Strike"],"picked":"Battle Trance"},{"not_picked":["Hemokinesis","Twin Strike"],"picked":"Shrug It Off"},{"not_picked":["Heavy Blade","Body Slam"],"picked":"Headbutt"},{"not_picked":["Perfected Strike","Dropkick"],"picked":"Twin Strike"},{"not_picked":["Headbutt","Spot Weakness"],"picked":"Heavy Blade"},{"not_picked":["Anger","Sentinel"],"picked":"Headbutt"},{"not_picked":["Thunderclap","Clash"],"picked":"Hemokinesis"},{"not_picked":["Pummel","Power Through"],"picked":"Perfected Strike"},{"not_picked":["Carnage","Sentinel"],"picked":"Heavy Blade"},{"not_picked":["Uppercut","Burning Pact"],"picked":"Inflame"}],"player_experience":223860,"potions_floor_usage":[16,16,21,24,24,30,33,33,33],"damage_taken":[{"damage":7,"enemies":"Jaw Worm","floor":1,"turns":5},{"damage":2,"enemies":"Cultist","floor":3,"turns":4},{"damage":2,"enemies":"2 Louse","floor":4,"turns":3},{"damage":8,"enemies":"Blue Slaver","floor":7,"turns":4},{"damage":25,"enemies":"Lagavulin","floor":10,"turns":7},{"damage":14,"enemies":"Gremlin Nob","floor":12,"turns":4},{"damage":5,"enemies":"Looter","floor":14,"turns":3},{"damage":75,"enemies":"Hexaghost","floor":16,"turns":13},{"damage":30,"enemies":"2 Thieves","floor":18,"turns":4},{"damage":27,"enemies":"Spheric Guardian","floor":20,"turns":6},{"damage":46,"enemies":"Snake Plant","floor":21,"turns":5},{"damage":27,"enemies":"Chosen and Byrds","floor":24,"turns":6},{"damage":27,"enemies":"3 Cultists","floor":30,"turns":5},{"damage":23,"enemies":"Centurion and Healer","floor":31,"turns":6},{"damage":65,"enemies":"Collector","floor":33,"turns":7}],"event_choices":[{"event_name":"Big Fish","player_choice":"Donut","floor":2,"damage_taken":0},{"event_name":"The Joust","player_choice":"Bet on Murderer","floor":19,"damage_taken":0},{"event_name":"The Library","player_choice":"Heal","floor":22,"damage_taken":0},{"event_name":"Cursed Tome","player_choice":"Obtained Book","floor":23,"damage_taken":0},{"event_name":"Drug Dealer","player_choice":"Got JAXXED","floor":25,"damage_taken":0},{"event_name":"The Lab","player_choice":"Got Potions","floor":28,"damage_taken":0}],"boss_relics":[{"not_picked":["Runic Pyramid","White Beast Statue"],"picked":"Black Blood"}],"potions_floor_spawned":[1,4,10,16,20,31],"seed_played":"712611937130509394","killed_by":"Collector","ascension_level":0,"is_trial":false}