{"path_per_floor":["M","T","M","M","M","R","E","$","T","M","E","R","E","M","R","B",null,"M","?","M","$","?","E","R","M","T","E","R","M","R","M","R","B",null,"M","$","?","M","M","E","M","E","T","?","M","E","M","$","R","B"],"character_chosen":"IRONCLAD","items_purchased":["Warcry","Shrug It Off","True Grit","Dodecahedron","Toolbox","Power Through","Armaments","Good Instincts","Strength Potion"],"gold_per_floor":[14,14,26,44,56,56,84,37,88,99,129,129,155,173,173,277,277,294,394,412,102,102,131,131,146,216,241,241,260,260,279,279,380,380,400,21,21,33,45,70,89,115,115,115,131,157,170,18,18,18],"floor_reached":51,"campfire_rested":2,"playtime":3941,"current_hp_per_floor":[83,83,89,96,88,88,86,86,86,89,64,93,92,98,98,66,93,96,96,102,102,102,56,86,102,102,102,102,102,102,105,105,105,105,105,105,95,105,105,105,105,100,100,100,105,105,105,105,105,105],"items_purged":[],"gold":18,"score":1534,"play_id":"134b531c-b563-4f4e-b8a6-e1141bdbf78c","local_time":"20180422184207","is_prod":false,"is_daily":false,"chose_seed":true,"is_ascension_mode":true,"campfire_upgraded":6,"timestamp":1524436927,"path_taken":["M","?","M","M","?","R","E","$","T","M","E","R","E","M","R","BOSS","M","?","?","$","?","E","R","M","T","E","R","M","R","M","R","BOSS","M","$","?","M","M","E","M","E","T","?","?","E","M","$","R","BOSS"],"build_version":"2018-04-19","seed_source_timestamp":896857072025639,"purchased_purges":0,"victory":true,"master_deck":["Strike_R","Strike_R","Strike_R","Strike_R","Strike_R","Defend_R","Defend_R","Defend_R","Defend_R","Bash","Armaments+1","Corruption+1","Clash","Ghostly Armor","Power Through","Warcry","Power Through","Warcry","Rage","Feel No Pain+1","Demon Form+1","Feel No Pain+1","True Grit","Shrug It Off","True Grit+1","Disarm","Sentinel","Fiend Fire","Sentinel","Barricade+1","Ghostly Armor+1","Thunderclap+1","Disarm","Shrug It Off","Spot Weakness","Twin Strike","Power Through","Armaments","Blind","Panache","Deep Breath","Sentinel+1","Armaments","Burning Pact","Infernal Blade","Armaments+1","Burning Pact+1","Seeing Red+1","Feel No Pain","Good Instincts"],"max_hp_per_floor":[96,96,96,96,99,99,99,99,99,99,99,99,99,99,99,102,102,102,102,102,102,102,102,102,102,102,102,102,102,102,105,105,105,105,105,105,105,105,105,105,105,105,105,105,105,105,105,105,105,105],"relics":["Burning Blood","Dead Branch","Pantograph","Bronze Scales","Darkstone Periapt","Meat on the Bone","Snecko Eye","Dodecahedron","Bag of Marbles","Bottled Tornado","Omamori","Orrery","Toolbox","Ornamental Fan","Mercury Hourglass","Self Forming Clay","Bag of Preparation"],"card_choices":[{"not_picked":["Havoc","Burning Pact"],"picked":"Armaments","floor":1},{"not_picked":["Flex","Iron Wave"],"picked":"Corruption","floor":3},{"not_picked":["Armaments","Twin Strike"],"picked":"Clash","floor":4},{"not_picked":["Battle Trance","Heavy Blade"],"picked":"Ghostly Armor","floor":5},{"not_picked":["Wild Strike","Iron Wave"],"picked":"Power Through","floor":7},{"not_picked":["Perfected Strike","Juggernaut"],"picked":"Power Through","floor":10},{"not_picked":["Clothesline","Wild Strike"],"picked":"Warcry","floor":11},{"not_picked":["Metallicize","Twin Strike"],"picked":"Rage","floor":13},{"not_picked":["Combust","Shrug It Off"],"picked":"Feel No Pain","floor":14},{"not_picked":["Limit Break","Offering"],"picked":"Demon Form","floor":16},{"not_picked":["Clothesline","Corruption"],"picked":"Feel No Pain","floor":18},{"not_picked":["Perfected Strike","Anger"],"picked":"True Grit","floor":20},{"not_picked":["Searing Blow","Sword Boomerang"],"picked":"Disarm","floor":23},{"not_picked":["Heavy Blade","Thunderclap"],"picked":"Sentinel","floor":25},{"not_picked":["Thunderclap","Clash"],"picked":"Fiend Fire","floor":27},{"not_picked":["Clothesline","Hemokinesis"],"picked":"Reckless Charge","floor":29},{"not_picked":["Perfected Strike","Body Slam"],"picked":"Sentinel","floor":31},{"not_picked":["Dark Embrace","Brutality"],"picked":"Barricade","floor":33},{"not_picked":["Blood for Blood","Wild Strike"],"picked":"Ghostly Armor","floor":34},{"not_picked":["Twin Strike","Iron Wave"],"picked":"Thunderclap","floor":34},{"not_picked":["Havoc","Thunderclap"],"picked":"Disarm","floor":34},{"not_picked":["Combust","Iron Wave"],"picked":"Shrug It Off","floor":34},{"not_picked":["Armaments","Battle Trance"],"picked":"Spot Weakness","floor":34},{"not_picked":["Perfected Strike","Demon Form"],"picked":"Twin Strike","floor":35},{"not_picked":["Thinking Ahead","Sadistic Nature"],"picked":"Blind","floor":37},{"not_picked":["Enlightenment","Jack Of All Trades"],"picked":"Panache","floor":37},{"not_picked":["Dramatic Entrance","Madness"],"picked":"Deep Breath","floor":37},{"not_picked":["Headbutt","Thunderclap"],"picked":"Sentinel","floor":38},{"not_picked":["True Grit","Twin Strike"],"picked":"Armaments","floor":39},{"not_picked":["Thunderclap","Blood for Blood"],"picked":"Burning Pact","floor":40},{"not_picked":["Heavy Blade","Rupture"],"picked":"Infernal Blade","floor":41},{"not_picked":["Heavy Blade","Reckless Charge"],"picked":"Armaments","floor":42},{"not_picked":["Hemokinesis","Ghostly Armor"],"picked":"Burning Pact","floor":45},{"not_picked":["Warcry","Fiend Fire"],"picked":"Seeing Red","floor":46},{"not_picked":["Warcry","Perfected Strike"],"picked":"Feel No Pain","floor":47}],"player_experience":285097,"potions_floor_usage":[7,11,14,16,20,23,46,46,50,50,50],"damage_taken":[{"damage":11,"enemies":"Cultist","floor":1,"turns":4},{"damage":0,"enemies":"Small Slimes","floor":3,"turns":4},{"damage":8,"enemies":"2 Louse","floor":4,"turns":7},{"damage":17,"enemies":"Exordium Wildlife","floor":5,"turns":4},{"damage":8,"enemies":"Gremlin Nob","floor":7,"turns":4},{"damage":3,"enemies":"2 Fungi Beasts","floor":10,"turns":3},{"damage":31,"enemies":"Lagavulin","floor":11,"turns":7},{"damage":7,"enemies":"3 Sentries","floor":13,"turns":5},{"damage":0,"enemies":"Looter","floor":14,"turns":4},{"damage":42,"enemies":"The Guardian","floor":16,"turns":10},{"damage":3,"enemies":"Shell Parasite","floor":18,"turns":3},{"damage":0,"enemies":"2 Thieves","floor":20,"turns":4},{"damage":64,"enemies":"Slavers","floor":23,"turns":5},{"damage":0,"enemies":"Snecko","floor":25,"turns":7},{"damage":0,"enemies":"Book of Stabbing","floor":27,"turns":6},{"damage":0,"enemies":"Centurion and Healer","floor":29,"turns":1},{"damage":0,"enemies":"Chosen and Byrds","floor":31,"turns":3},{"damage":0,"enemies":"Collector","floor":33,"turns":5},{"damage":0,"enemies":"Orb Walker","floor":35,"turns":2},{"damage":4,"enemies":"Flame Bruiser 1 Orb","floor":38,"turns":3},{"damage":0,"enemies":"Maw","floor":39,"turns":4},{"damage":4,"enemies":"Nemesis","floor":40,"turns":3},{"damage":3,"enemies":"Flame Bruiser 2 Orb","floor":41,"turns":3},{"damage":11,"enemies":"Giant Head","floor":42,"turns":6},{"damage":0,"enemies":"Spire Growth","floor":45,"turns":1},{"damage":7,"enemies":"Nemesis","floor":46,"turns":5},{"damage":0,"enemies":"Sphere and 2 Shapes","floor":47,"turns":1},{"damage":4,"enemies":"Time Eater","floor":50,"turns":7}],"event_choices":[{"event_name":"Golden Shrine","player_choice":"Pray","floor":19,"damage_taken":0},{"event_name":"Accursed Blacksmith","player_choice":"Ignore","floor":22,"damage_taken":0},{"event_name":"SensoryStone","player_choice":"Memory 3","floor":37,"damage_taken":0}],"boss_relics":[{"not_picked":["Astrolabe","Velvet Choker"],"picked":"Snecko Eye"},{"not_picked":["Black Blood","Philosopher\u0027s Stone"],"picked":"Orrery"}],"potions_floor_spawned":[5,10,13,14,16,20,25,29,38,45,46],"seed_played":"-2987561348928804589","ascension_level":8,"is_trial":false}