{"path_per_floor":["M","$","M","?","$","E","R","E","T","M","R","M","M","M","R","B",null,"M","?","$","?","M","E","R"],"character_chosen":"IRONCLAD","items_purchased":["Apotheosis","Wild Strike","True Grit","Singing Bowl","Flex","Whirlwind"],"gold_per_floor":[359,1,15,15,15,47,47,79,79,99,99,118,131,146,146,248,248,266,266,22,22,39,71,71,71],"floor_reached":25,"campfire_rested":3,"playtime":1000,"current_hp_per_floor":[70,70,76,81,81,66,66,30,30,29,54,50,39,37,62,48,76,56,56,56,56,37,26,52,0],"items_purged":["Injury"],"gold":71,"score":289,"play_id":"a84cdfc1-a3d1-4c3b-8178-fe2bfc6f25c0","local_time":"20180325171703","is_prod":false,"is_daily":false,"is_ascension_mode":true,"campfire_upgraded":1,"timestamp":1522012623,"path_taken":["M","$","M","?","$","E","R","E","T","M","R","M","M","M","R","BOSS","M","?","?","?","?","E","R","M"],"build_version":"2018-03-22v2","purchased_purges":1,"victory":false,"master_deck":["Strike_R","Strike_R","Strike_R","Strike_R","Strike_R","Defend_R","Defend_R","Defend_R","Bash","Sword Boomerang","Apotheosis+1","Wild Strike","True Grit","Havoc","Double Tap","Clothesline+1","Spot Weakness","Evolve","Seeing Red","Fiend Fire+1","True Grit","Flex","Whirlwind+1"],"max_hp_per_floor":[80,80,80,85,85,85,85,85,85,85,85,85,85,85,85,85,85,85,85,85,85,87,89,89,89],"relics":["Burning Blood","Molten Egg 2","Letter Opener","Shovel","Runic Dome","Singing Bowl","Juzu Bracelet"],"card_choices":[{"not_picked":["Heavy Blade","Wild Strike"],"picked":"Sword Boomerang","floor":1},{"not_picked":["Heavy Blade","Rampage"],"picked":"Havoc","floor":3},{"not_picked":["Twin Strike","Flex"],"picked":"Double Tap","floor":6},{"not_picked":["Pommel Strike","Heavy Blade"],"picked":"Clothesline","floor":8},{"not_picked":["Iron Wave","Pommel Strike"],"picked":"Spot Weakness","floor":10},{"not_picked":["Dual Wield","Armaments"],"picked":"Evolve","floor":12},{"not_picked":["Iron Wave","Armaments"],"picked":"Seeing Red","floor":14},{"not_picked":["Reaper","Limit Break"],"picked":"Fiend Fire","floor":16},{"not_picked":["Spot Weakness","Body Slam"],"picked":"True Grit","floor":18}],"player_experience":695612,"potions_floor_usage":[16,16,23,23],"damage_taken":[{"damage":16,"enemies":"Jaw Worm","floor":1,"turns":5},{"damage":0,"enemies":"Cultist","floor":3,"turns":4},{"damage":21,"enemies":"3 Sentries","floor":6,"turns":9},{"damage":42,"enemies":"Gremlin Nob","floor":8,"turns":4},{"damage":7,"enemies":"Small Slimes","floor":10,"turns":3},{"damage":10,"enemies":"2 Fungi Beasts","floor":12,"turns":3},{"damage":17,"enemies":"Gremlin Gang","floor":13,"turns":4},{"damage":8,"enemies":"Exordium Thugs","floor":14,"turns":5},{"damage":20,"enemies":"Hexaghost","floor":16,"turns":8},{"damage":26,"enemies":"3 Byrds","floor":18,"turns":5},{"damage":27,"enemies":"Spheric Guardian","floor":22,"turns":4},{"damage":34,"enemies":"Gremlin Leader","floor":23,"turns":8},{"damage":54,"enemies":"Snake Plant","floor":25,"turns":4}],"event_choices":[{"event_name":"Big Fish","player_choice":"Donut","floor":4,"damage_taken":0},{"event_name":"Back to Basics","player_choice":"Elegance","floor":19,"damage_taken":0},{"event_name":"Accursed Blacksmith","player_choice":"Ignore","floor":21,"damage_taken":0}],"boss_relics":[{"not_picked":["Sozu","Cursed Key"],"picked":"Runic Dome"}],"potions_floor_spawned":[10,12,13,22],"seed_played":"-1231472892307825116","killed_by":"Snake Plant","ascension_level":5,"is_trial":false}