{"path_per_floor":["M","M","?","M","?","E","$","M","T","E","M","M","E","?","R"],"character_chosen":"IRONCLAD","items_purchased":[],"gold_per_floor":[217,237,237,248,248,277,202,212,237,271,283,298,333,333,333,333],"floor_reached":16,"campfire_rested":1,"playtime":612,"current_hp_per_floor":[79,80,85,84,84,74,74,68,68,46,50,56,41,24,49,0],"items_purged":["Strike_R"],"gold":333,"score":128,"play_id":"10384e46-bebd-45d3-9b70-c8f0a734ba0b","local_time":"20180421225928","is_prod":false,"is_daily":false,"chose_seed":false,"is_ascension_mode":true,"campfire_upgraded":0,"timestamp":1524365968,"path_taken":["M","M","?","M","?","E","$","M","T","E","M","M","E","?","R","BOSS"],"build_version":"2018-04-19","seed_source_timestamp":829257509424931,"purchased_purges":1,"victory":false,"master_deck":["Strike_R","Strike_R","Strike_R","Strike_R","Defend_R+1","Defend_R","Defend_R","Defend_R","Bash+1","Uppercut+1","Feel No Pain","Havoc","True Grit","Cleave+1","Thunderclap","Entrench","Dual Wield"],"max_hp_per_floor":[80,80,85,85,85,85,85,85,85,85,85,85,85,85,85,85],"relics":["Burning Blood","Pen Nib","Bag of Preparation","Whetstone","Peace Pipe"],"card_choices":[{"not_picked":["Dropkick","Wild Strike"],"picked":"Uppercut","floor":1},{"not_picked":["Combust","True Grit"],"picked":"Feel No Pain","floor":2},{"not_picked":["Perfected Strike","Pommel Strike"],"picked":"Havoc","floor":4},{"not_picked":["Twin Strike","Blood for Blood"],"picked":"True Grit","floor":6},{"not_picked":["Havoc","Flex"],"picked":"Cleave","floor":8},{"not_picked":["Heavy Blade","Flame Barrier"],"picked":"Thunderclap","floor":11},{"not_picked":["Burning Pact","Warcry"],"picked":"Entrench","floor":12},{"not_picked":["Clash","Carnage"],"picked":"Dual Wield","floor":13}],"player_experience":278822,"potions_floor_usage":[10,13,16],"damage_taken":[{"damage":7,"enemies":"2 Louse","floor":1,"turns":4},{"damage":0,"enemies":"Cultist","floor":2,"turns":3},{"damage":7,"enemies":"Small Slimes","floor":4,"turns":5},{"damage":16,"enemies":"3 Sentries","floor":6,"turns":11},{"damage":12,"enemies":"3 Louse","floor":8,"turns":4},{"damage":28,"enemies":"Gremlin Nob","floor":10,"turns":4},{"damage":2,"enemies":"Blue Slaver","floor":11,"turns":4},{"damage":0,"enemies":"Gremlin Gang","floor":12,"turns":1},{"damage":21,"enemies":"Lagavulin","floor":13,"turns":5},{"damage":51,"enemies":"Hexaghost","floor":16,"turns":9}],"event_choices":[{"event_name":"Big Fish","player_choice":"Donut","floor":3,"damage_taken":0},{"event_name":"Liars Game","player_choice":"disagreed","floor":5,"damage_taken":0},{"event_name":"Shining Light","player_choice":"Entered Light","floor":14,"damage_taken":0}],"boss_relics":[],"potions_floor_spawned":[1,4,6,10],"seed_played":"1554971635139087829","killed_by":"Hexaghost","ascension_level":1,"is_trial":false}