{"gold_per_floor":[215,229,245,1,1,28,28,60,60,60,92,119,119,134,134,211,211,228,242,242,25,124,124,124],"floor_reached":24,"playtime":1227,"items_purged":[],"score":360,"play_id":"17116acb-0e59-4419-b06f-db9e711b7138","local_time":"20181215131502","is_ascension_mode":true,"campfire_choices":[{"floor":7,"key":"REST"},{"floor":10,"key":"REST"},{"floor":13,"key":"REST"},{"floor":15,"key":"REST"}],"neow_cost":"NONE","seed_source_timestamp":4245575135700,"circlet_count":0,"master_deck":["AscendersBane","Defend_G","Defend_G","Defend_G","Defend_G+1","Defend_G","Strike_G","Strike_G","Strike_G","Strike_G","Strike_G","Survivor","Neutralize","Slice","Deadly Poison+1","Choke","Deflect","Crippling Poison","Cloak And Dagger","Adrenaline","Dagger Spray","Terror","Pain","Wraith Form v2","Cloak And Dagger","Necronomicurse"],"relics":["Ring of the Snake","Membership Card","Shovel","Singing Bowl","Bird Faced Urn","Bronze Scales","War Paint","Busted Crown","WarpedTongs","Bag of Preparation","Vajra","Necronomicon"],"potions_floor_usage":[8,11,14,16,24],"damage_taken":[{"damage":0,"enemies":"Cultist","floor":1,"turns":4},{"damage":0,"enemies":"Small Slimes","floor":2,"turns":5},{"damage":0,"enemies":"Jaw Worm","floor":3,"turns":4},{"damage":49,"enemies":"3 Sentries","floor":6,"turns":17},{"damage":24,"enemies":"Lagavulin","floor":8,"turns":6},{"damage":21,"enemies":"3 Sentries","floor":11,"turns":11},{"damage":0,"enemies":"Gremlin Gang","floor":14,"turns":3},{"damage":41,"enemies":"The Guardian","floor":16,"turns":10},{"damage":0,"enemies":"3 Byrds","floor":18,"turns":3},{"damage":21,"enemies":"Spheric Guardian","floor":19,"turns":5},{"damage":34,"enemies":"Cultist and Chosen","floor":24,"turns":4}],"seed_played":"649858083851910776","potions_obtained":[{"floor":2,"key":"FearPotion"},{"floor":11,"key":"Energy Potion"},{"floor":14,"key":"Swift Potion"},{"floor":18,"key":"Poison Potion"},{"floor":19,"key":"SteroidPotion"}],"is_trial":false,"path_per_floor":["M","M","M","$","?","E","R","E","T","R","E","T","R","M","R","B",null,"M","M","?","$","?","?","M"],"character_chosen":"THE_SILENT","items_purchased":["Membership Card","LiquidBronze","Bag of Preparation","Vajra","Wraith Form v2","Cloak And Dagger"],"campfire_rested":4,"item_purchase_floors":[4,4,21,21,21,21],"current_hp_per_floor":[59,59,59,59,64,15,36,14,14,35,14,14,35,35,56,15,59,59,38,38,38,38,22,0],"gold":124,"neow_bonus":"HUNDRED_GOLD","is_prod":false,"is_daily":false,"chose_seed":false,"campfire_upgraded":0,"win_rate":0,"timestamp":1544897702,"path_taken":["M","?","M","$","?","E","R","E","T","R","E","?","R","M","R","BOSS","M","?","?","?","?","?","M"],"build_version":"2018-12-13","purchased_purges":0,"victory":false,"max_hp_per_floor":[66,66,66,66,71,71,71,73,73,73,73,73,73,73,73,73,73,73,73,73,73,73,73,73],"card_choices":[{"not_picked":["Dodge and Roll","Backflip"],"picked":"Slice","floor":1},{"not_picked":["Backflip","Flechettes"],"picked":"Deadly Poison","floor":2},{"not_picked":["Acrobatics","Accuracy"],"picked":"Choke","floor":3},{"not_picked":["Dodge and Roll","Tactician"],"picked":"Deflect","floor":6},{"not_picked":["Blade Dance","Bouncing Flask","Blur"],"picked":"Singing Bowl","floor":8},{"not_picked":["All Out Attack","Cloak And Dagger"],"picked":"Crippling Poison","floor":11},{"not_picked":["Quick Slash","Acrobatics"],"picked":"Cloak And Dagger","floor":14},{"not_picked":["Die Die Die","Burst"],"picked":"Adrenaline","floor":16},{"not_picked":[],"picked":"Dagger Spray","floor":18},{"not_picked":[],"picked":"Terror","floor":19}],"player_experience":972289,"relics_obtained":[{"floor":6,"key":"Shovel"},{"floor":8,"key":"Singing Bowl"},{"floor":9,"key":"Bird Faced Urn"},{"floor":11,"key":"Bronze Scales"},{"floor":12,"key":"War Paint"},{"floor":23,"key":"Necronomicon"}],"event_choices":[{"damage_healed":0,"gold_gain":0,"player_choice":"Donut","damage_taken":0,"max_hp_gain":5,"max_hp_loss":0,"event_name":"Big Fish","floor":5,"gold_loss":0},{"damage_healed":0,"gold_gain":0,"player_choice":"Rummage","damage_taken":0,"relics_obtained":["WarpedTongs"],"max_hp_gain":0,"max_hp_loss":0,"event_name":"Accursed Blacksmith","floor":20,"gold_loss":0,"cards_obtained":["Pain"]},{"damage_healed":0,"gold_gain":99,"player_choice":"Stole From Cult","damage_taken":0,"max_hp_gain":0,"max_hp_loss":0,"event_name":"Nest","floor":22,"gold_loss":0},{"damage_healed":0,"gold_gain":0,"player_choice":"Obtained Book","damage_taken":16,"max_hp_gain":0,"max_hp_loss":0,"event_name":"Cursed Tome","floor":23,"gold_loss":0}],"is_beta":true,"boss_relics":[{"not_picked":["Philosopher\u0027s Stone","Empty Cage"],"picked":"Busted Crown"}],"items_purged_floors":[],"is_endless":false,"potions_floor_spawned":[2,11,14,18,19],"killed_by":"Cultist and Chosen","ascension_level":14}