{"path_per_floor":["M","?","?","M","?","R","M","?","T","M","M","$","R","$","R","B",null,"M","$","M"],"character_chosen":"IRONCLAD","items_purchased":["Anchor","Battle Trance","Evolve"],"gold_per_floor":[115,115,75,87,87,87,110,185,185,203,223,2,2,2,2,126,126,144,26,40],"floor_reached":21,"campfire_rested":2,"playtime":931,"current_hp_per_floor":[80,47,47,41,41,65,65,54,54,49,46,46,46,46,70,8,80,38,38,12],"items_purged":["Injury"],"gold":40,"score":169,"play_id":"0b8729e1-a3a5-48c2-af77-d5396dad32f6","local_time":"20180309001043","is_prod":false,"is_daily":false,"is_ascension_mode":false,"campfire_upgraded":0,"timestamp":1520572243,"path_taken":["M","?","?","M","?","R","M","?","T","M","?","?","R","$","R","BOSS","M","$","M","M"],"build_version":"2018-03-01-PROD1","purchased_purges":1,"victory":false,"master_deck":["Strike_R","Strike_R","Strike_R","Strike_R","Strike_R","Defend_R","Defend_R","Defend_R","Defend_R","Bash","Heavy Blade","Power Through","Flex","Limit Break","Warcry","Dark Embrace","Wild Strike","Battle Trance","Evolve","Armaments"],"max_hp_per_floor":[80,80,80,80,80,80,80,80,80,80,80,80,80,80,80,80,80,80,80,80],"relics":["Mark of Pain","Dead Branch","Golden Idol","Girya","Anchor","Eternal Feather"],"card_choices":[{"not_picked":["Sword Boomerang","Pummel"],"picked":"Heavy Blade"},{"not_picked":["Cleave","Warcry"],"picked":"Power Through"},{"not_picked":["Thunderclap","Pommel Strike"],"picked":"Flex"},{"not_picked":["Uppercut","Bloodletting"],"picked":"Limit Break"},{"not_picked":["Twin Strike","Thunderclap"],"picked":"Warcry"},{"not_picked":["Double Tap","Exhume"],"picked":"Dark Embrace"},{"not_picked":["Rupture","Shrug It Off"],"picked":"Wild Strike"},{"not_picked":["Wild Strike","Anger"],"picked":"Armaments"}],"player_experience":454839,"potions_floor_usage":[10,16,16,16,20],"damage_taken":[{"damage":0,"enemies":"Cultist","floor":1,"turns":3},{"damage":6,"enemies":"Jaw Worm","floor":4,"turns":2},{"damage":0,"enemies":"Small Slimes","floor":7,"turns":3},{"damage":5,"enemies":"Exordium Wildlife","floor":10,"turns":4},{"damage":3,"enemies":"Red Slaver","floor":11,"turns":3},{"damage":62,"enemies":"Slime Boss","floor":16,"turns":14},{"damage":42,"enemies":"3 Byrds","floor":18,"turns":12},{"damage":26,"enemies":"Chosen","floor":20,"turns":5},{"damage":15,"enemies":"Centurion and Healer","floor":21,"turns":7}],"event_choices":[{"event_name":"Scrap Ooze","player_choice":"success","floor":2,"damage_taken":33},{"event_name":"The Woman in Blue","player_choice":"Bought 3 Potions","floor":3,"damage_taken":0},{"event_name":"Golden Idol","player_choice":"Take Wound","floor":5,"damage_taken":0},{"event_name":"World of Goop","player_choice":"Gather Gold","floor":8,"damage_taken":0}],"boss_relics":[{"not_picked":["Cursed Key","Snecko Eye"],"picked":"Eternal Feather"}],"potions_floor_spawned":[10,11,18],"seed_played":"282153361117329698","killed_by":"Centurion and Healer","ascension_level":0,"is_trial":false}