{"gold_per_floor":[118,43,43,58,13,13,24,53,76,88,113,125,163,206,218,305,317,342,354,240,257,292,292,325,325,350,381,26,26,57,76,76,76],"floor_reached":33,"playtime":1809,"items_purged":["Strike_G"],"score":618,"play_id":"ed8d88fe-b343-403b-9deb-060e054a9c86","local_time":"20181221191130","is_ascension_mode":true,"campfire_choices":[{"data":"Neutralize","floor":6.0,"key":"SMITH"},{"floor":10.0,"key":"REST"},{"floor":12.0,"key":"REST"},{"floor":15.0,"key":"REST"},{"floor":23.0,"key":"REST"},{"floor":25.0,"key":"REST"},{"floor":29.0,"key":"REST"},{"floor":32,"key":"REST"}],"neow_cost":"NONE","seed_source_timestamp":75810976030779,"circlet_count":0,"master_deck":["AscendersBane","Defend_G","Defend_G","Defend_G","Defend_G","Defend_G","Strike_G","Strike_G","Strike_G","Survivor","Neutralize+1","Flying Knee","Poisoned Stab","Caltrops","Endless Agony","Cloak And Dagger","Backstab","Footwork","Glass Knife+1","Dash+1","Backflip","Leg Sweep","Well Laid Plans","Dash+1","Dodge and Roll","Leg Sweep","Backstab+1"],"special_seed":0,"relics":["Ring of the Snake","Vajra","Bronze Scales","Blue Candle","MawBank","Odd Mushroom","Molten Egg 2","Fusion Hammer","Red Mask","Strawberry","Anchor","Dream Catcher","Regal Pillow","Letter Opener"],"potions_floor_usage":[30],"damage_taken":[{"damage":3.0,"enemies":"Small Slimes","floor":1.0,"turns":4.0},{"damage":4.0,"enemies":"2 Louse","floor":4.0,"turns":4.0},{"damage":2.0,"enemies":"Jaw Worm","floor":7.0,"turns":3.0},{"damage":22.0,"enemies":"3 Sentries","floor":8.0,"turns":7.0},{"damage":5.0,"enemies":"Red Slaver","floor":11.0,"turns":3.0},{"damage":5.0,"enemies":"The Mushroom Lair","floor":13.0,"turns":4.0},{"damage":28.0,"enemies":"Gremlin Nob","floor":14.0,"turns":4.0},{"damage":5.0,"enemies":"Hexaghost","floor":16.0,"turns":8.0},{"damage":13.0,"enemies":"2 Thieves","floor":18.0,"turns":3.0},{"damage":9.0,"enemies":"Shell Parasite","floor":21.0,"turns":4.0},{"damage":0.0,"enemies":"Masked Bandits","floor":22.0,"turns":3.0},{"damage":27.0,"enemies":"Gremlin Leader","floor":24.0,"turns":7.0},{"damage":22.0,"enemies":"Book of Stabbing","floor":27.0,"turns":4.0},{"damage":27,"enemies":"Gremlin Leader","floor":30,"turns":8},{"damage":0,"enemies":"Snecko","floor":31,"turns":5},{"damage":71,"enemies":"Collector","floor":33,"turns":9}],"seed_played":"5471140887896603936","potions_obtained":[{"floor":1.0,"key":"Dexterity Potion"},{"floor":4.0,"key":"Swift Potion"},{"floor":11.0,"key":"Dexterity Potion"},{"floor":14.0,"key":"PowerPotion"},{"floor":18.0,"key":"FearPotion"},{"floor":21.0,"key":"Explosive Potion"},{"floor":24.0,"key":"SkillPotion"}],"is_trial":false,"path_per_floor":["M","?","?","M","$","R","M","E","T","R","M","R","?","E","R","B",null,"M","?","$","M","?","R","E","R","T","E","$","R","E","M","R","B"],"character_chosen":"THE_SILENT","items_purchased":["Caltrops","Backflip","Well Laid Plans","Regal Pillow","Dash+1","Dexterity Potion"],"campfire_rested":7,"item_purchase_floors":[5,20,28,28,28,28],"current_hp_per_floor":[56,56,38,34,34,34,32,10,10,29,24,43,38,10,29,24,56,43,25,25,16,16,37,17,40,40,18,18,56,29,29,67,0],"gold":76,"neow_bonus":"RANDOM_COMMON_RELIC","is_prod":false,"is_daily":false,"chose_seed":false,"campfire_upgraded":1,"win_rate":0,"timestamp":1545448290,"path_taken":["M","?","?","M","$","R","M","E","T","R","M","R","?","E","R","BOSS","M","?","$","M","?","R","E","R","T","E","?","R","E","M","R","BOSS"],"build_version":"2018-12-20","purchased_purges":1,"victory":false,"max_hp_per_floor":[66,66,66,66,66,66,66,66,66,66,66,66,66,66,66,66,66,66,71,71,71,71,71,78,78,78,78,78,78,78,78,78,78],"card_choices":[{"not_picked":["Choke","Calculated Gamble"],"picked":"Flying Knee","floor":1.0},{"not_picked":["PiercingWail","Riddle With Holes"],"picked":"Poisoned Stab","floor":4.0},{"not_picked":["Underhanded Strike","Escape Plan"],"picked":"Endless Agony","floor":7.0},{"not_picked":["Sucker Punch","Outmaneuver","All Out Attack"],"picked":"SKIP","floor":8.0},{"not_picked":["Underhanded Strike","Caltrops"],"picked":"Cloak And Dagger","floor":11.0},{"not_picked":["Catalyst","Heel Hook"],"picked":"Backstab","floor":13.0},{"not_picked":["Terror","Backflip"],"picked":"Footwork","floor":14.0},{"not_picked":["Grand Finale+1","Burst"],"picked":"Glass Knife+1","floor":16.0},{"not_picked":["Noxious Fumes","Expertise"],"picked":"Dash+1","floor":18.0},{"not_picked":["Flechettes+1","Riddle With Holes+1","Underhanded Strike+1"],"picked":"SKIP","floor":21.0},{"not_picked":["Accuracy+1","Dodge and Roll"],"picked":"Leg Sweep","floor":22.0},{"not_picked":["Distraction","Acrobatics","Slice+1"],"picked":"SKIP","floor":24.0},{"not_picked":["Bane+1","Tactician","Deadly Poison"],"picked":"SKIP","floor":27.0},{"not_picked":["Quick Slash+1","Poisoned Stab+1"],"picked":"Dodge and Roll","floor":29.0},{"not_picked":["Heel Hook+1","Concentrate"],"picked":"Leg Sweep","floor":30},{"not_picked":["Calculated Gamble","Blade Dance"],"picked":"Backstab+1","floor":31}],"player_experience":1157658,"relics_obtained":[{"floor":8.0,"key":"Blue Candle"},{"floor":9.0,"key":"MawBank"},{"floor":13.0,"key":"Odd Mushroom"},{"floor":14.0,"key":"Molten Egg 2"},{"floor":22.0,"key":"Red Mask"},{"floor":24.0,"key":"Strawberry"},{"floor":26.0,"key":"Anchor"},{"floor":27.0,"key":"Dream Catcher"},{"floor":30,"key":"Letter Opener"}],"event_choices":[{"cards_removed":["Strike_G"],"damage_healed":0.0,"max_hp_gain":0.0,"max_hp_loss":0.0,"gold_gain":0.0,"event_name":"The Cleric","player_choice":"Card Removal","floor":2.0,"gold_loss":75.0,"damage_taken":0.0},{"damage_healed":0.0,"max_hp_gain":0.0,"max_hp_loss":0.0,"gold_gain":0.0,"event_name":"Scrap Ooze","player_choice":"Success","floor":3.0,"gold_loss":0.0,"damage_taken":18.0,"relics_obtained":["Bronze Scales"]},{"damage_healed":0.0,"max_hp_gain":0.0,"max_hp_loss":0.0,"gold_gain":0.0,"event_name":"Mushrooms","player_choice":"Fought Mushrooms","floor":13.0,"gold_loss":0.0,"damage_taken":0.0},{"damage_healed":0.0,"max_hp_gain":5.0,"max_hp_loss":0.0,"gold_gain":0.0,"event_name":"Forgotten Altar","player_choice":"Shed Blood","floor":19.0,"gold_loss":0.0,"damage_taken":23.0},{"damage_healed":0.0,"max_hp_gain":0.0,"max_hp_loss":0.0,"gold_gain":0.0,"event_name":"Masked Bandits","player_choice":"Fought Bandits","floor":22.0,"gold_loss":0.0,"damage_taken":0.0}],"is_beta":true,"boss_relics":[{"not_picked":["WristBlade","Ectoplasm"],"picked":"Fusion Hammer"}],"items_purged_floors":[20],"is_endless":false,"potions_floor_spawned":[1,4,11,14,18,21,24],"killed_by":"Collector","ascension_level":20}