{"gold_per_floor":[114,124,299,70,70,70,89,67,67,67,81,107,119,119,119,194,194,207,306,306,306,319,319,63,63,63,81,93,104,52,52,52,127,127,144,144,144,18,0,29,29,29,29,46,61,91,104,404,404,404],"floor_reached":51,"playtime":2554,"items_purged":["Doubt"],"score":1244,"play_id":"5cf2e16a-c799-4af4-a85f-aa2b0d410f26","local_time":"20180902210348","is_ascension_mode":true,"campfire_choices":[{"floor":6,"key":"REST"},{"data":"Neutralize","floor":10,"key":"SMITH"},{"data":"Backflip","floor":15,"key":"SMITH"},{"floor":23,"key":"REST"},{"floor":25,"key":"REST"},{"floor":32,"key":"REST"},{"floor":41,"key":"REST"},{"floor":49,"key":"REST"}],"neow_cost":"NONE","seed_source_timestamp":0,"circlet_count":0,"master_deck":["Defend_G+1","Defend_G","Defend_G","Defend_G","Defend_G","Strike_G","Strike_G","Strike_G","Strike_G","Survivor","Neutralize+1","AscendersBane","Cloak And Dagger+1","Calculated Gamble","Deadly Poison","Predator","Well Laid Plans","Backflip+1","Corpse Explosion","Blade Dance+1","Accuracy","Blur+1","Slice","Heel Hook","Cloak And Dagger+1","Cloak And Dagger","After Image","Dodge and Roll","Footwork","Cloak And Dagger","Escape Plan","Dodge and Roll+1","Escape Plan+1","Dash+1","Escape Plan+1"],"relics":["Ring of the Snake","Bronze Scales","Pen Nib","Bird Faced Urn","Gremlin Horn","Fusion Hammer","Kunai","Pantograph","Runic Dome","Gambling Chip","Red Mask","Juzu Bracelet","Shuriken","Dodecahedron"],"potions_floor_usage":[12,12,28,47],"damage_taken":[{"damage":1,"enemies":"2 Louse","floor":1,"turns":4},{"damage":10,"enemies":"Small Slimes","floor":2,"turns":4},{"damage":0,"enemies":"Jaw Worm","floor":7,"turns":4},{"damage":4,"enemies":"Exordium Wildlife","floor":11,"turns":7},{"damage":9,"enemies":"Lagavulin","floor":12,"turns":5},{"damage":0,"enemies":"Red Slaver","floor":13,"turns":4},{"damage":39,"enemies":"Hexaghost","floor":16,"turns":12},{"damage":2,"enemies":"3 Byrds","floor":18,"turns":2},{"damage":4,"enemies":"Shell Parasite","floor":22,"turns":5},{"damage":1,"enemies":"Centurion and Healer","floor":27,"turns":5},{"damage":0,"enemies":"Chosen and Byrds","floor":28,"turns":4},{"damage":0,"enemies":"3 Cultists","floor":29,"turns":4},{"damage":41,"enemies":"Automaton","floor":33,"turns":13},{"damage":5,"enemies":"Orb Walker","floor":35,"turns":4},{"damage":0,"enemies":"Mind Bloom Boss Battle","floor":36,"turns":7},{"damage":2,"enemies":"Nemesis","floor":40,"turns":9},{"damage":7,"enemies":"3 Darklings","floor":44,"turns":2},{"damage":12,"enemies":"Spire Growth","floor":45,"turns":5},{"damage":23,"enemies":"Giant Head","floor":46,"turns":9},{"damage":0,"enemies":"Reptomancer","floor":47,"turns":7},{"damage":22,"enemies":"Donu and Deca","floor":50,"turns":8}],"seed_played":"3446796322216154234","potions_obtained":[{"floor":2,"key":"SpeedPotion"},{"floor":7,"key":"SkillPotion"},{"floor":11,"key":"SteroidPotion"},{"floor":18,"key":"FearPotion"},{"floor":33,"key":"Regen Potion"},{"floor":37,"key":"SmokeBomb"},{"floor":47,"key":"SpeedPotion"}],"is_trial":false,"path_per_floor":["M","M","?","$","?","R","M","$","T","R","M","E","M","?","R","B",null,"M","?","?","?","M","R","$","R","T","M","M","M","$","?","R","B",null,"M","?","?","$","?","E","R","$","T","M","M","E","M","?","R","B"],"character_chosen":"THE_SILENT","items_purchased":["Pen Nib","Deadly Poison","Kunai","Cloak And Dagger","Footwork","Cloak And Dagger"],"campfire_rested":6,"item_purchase_floors":[4,8,24,30,38,38],"current_hp_per_floor":[62,52,52,52,38,59,59,59,59,59,55,46,48,48,48,11,55,55,55,41,41,39,60,60,70,70,70,70,70,70,70,70,29,60,61,70,70,70,70,69,70,70,70,63,59,44,67,67,70,51],"gold":404,"neow_bonus":"RANDOM_COMMON_RELIC","is_prod":false,"is_daily":false,"chose_seed":true,"campfire_upgraded":2,"win_rate":0,"timestamp":1535936628,"path_taken":["M","M","?","$","?","R","M","$","T","R","?","E","M","?","R","BOSS","M","?","?","?","M","R","$","R","T","?","M","M","$","?","R","BOSS","M","?","?","$","?","E","R","$","T","M","M","E","M","?","R","BOSS"],"build_version":"2018-08-30","purchased_purges":1,"victory":true,"max_hp_per_floor":[70,70,70,70,70,70,70,70,70,70,70,70,70,70,70,70,70,70,70,70,70,70,70,70,70,70,70,70,70,70,70,70,70,70,70,70,70,70,70,70,70,70,70,70,70,70,70,70,70,70],"card_choices":[{"not_picked":["Dagger Throw","Sucker Punch"],"picked":"Cloak And Dagger","floor":1},{"not_picked":["Bane","Dagger Throw"],"picked":"Calculated Gamble","floor":2},{"not_picked":["Quick Slash","Underhanded Strike","Prepared"],"picked":"SKIP","floor":7},{"not_picked":["Masterful Stab","Quick Slash"],"picked":"Predator","floor":11},{"not_picked":["Phantasmal Killer","Escape Plan"],"picked":"Well Laid Plans","floor":12},{"not_picked":["Acrobatics","Masterful Stab"],"picked":"Backflip","floor":13},{"not_picked":["Unload","Adrenaline"],"picked":"Corpse Explosion","floor":16},{"not_picked":["Riddle With Holes+1","Expertise"],"picked":"Blade Dance+1","floor":18},{"not_picked":["Terror","Tactician"],"picked":"Blur+1","floor":22},{"not_picked":["Sucker Punch","Heel Hook"],"picked":"Slice","floor":27},{"not_picked":["Reflex","Outmaneuver"],"picked":"Heel Hook","floor":28},{"not_picked":["Calculated Gamble","Sucker Punch"],"picked":"Cloak And Dagger","floor":29},{"not_picked":["Grand Finale","Burst"],"picked":"After Image","floor":33},{"not_picked":["Tactician","Poisoned Stab+1","Reflex+1"],"picked":"SKIP","floor":35},{"not_picked":["Well Laid Plans+1","Bane"],"picked":"Dodge and Roll","floor":36},{"not_picked":["Footwork","Outmaneuver"],"picked":"Escape Plan","floor":40},{"not_picked":["Flying Knee","Dagger Spray"],"picked":"Dodge and Roll+1","floor":44},{"not_picked":["Noxious Fumes+1","Outmaneuver"],"picked":"Escape Plan+1","floor":45},{"not_picked":["Underhanded Strike","Skewer"],"picked":"Dash+1","floor":46},{"not_picked":["Riddle With Holes","Flechettes"],"picked":"Escape Plan+1","floor":47}],"player_experience":841199,"relics_obtained":[{"floor":9,"key":"Bird Faced Urn"},{"floor":12,"key":"Gremlin Horn"},{"floor":26,"key":"Pantograph"},{"floor":36,"key":"Gambling Chip"},{"floor":40,"key":"Juzu Bracelet"},{"floor":43,"key":"Shuriken"},{"floor":46,"key":"Dodecahedron"}],"event_choices":[{"event_name":"Liars Game","player_choice":"agreed","floor":3,"damage_taken":0},{"event_name":"Shining Light","player_choice":"Entered Light","floor":5,"damage_taken":0},{"event_name":"Dead Adventurer","player_choice":"Searched \u00271\u0027 times","floor":14,"damage_taken":0},{"event_name":"Nest","player_choice":"Stole From Cult","floor":19,"damage_taken":0},{"event_name":"Knowing Skull","player_choice":"POTION ","floor":20,"damage_taken":0},{"event_name":"Transmorgrifier","player_choice":"Transform","floor":21,"damage_taken":0},{"event_name":"Accursed Blacksmith","player_choice":"Forge","floor":31,"damage_taken":0},{"event_name":"MindBloom","player_choice":"Fight","floor":36,"damage_taken":0},{"event_name":"The Lab","player_choice":"Got Potions","floor":37,"damage_taken":0},{"event_name":"Tomb of Lord Red Mask","player_choice":"Paid","floor":39,"damage_taken":0},{"event_name":"Wheel of Change","player_choice":"Gold","floor":48,"damage_taken":0}],"is_beta":true,"boss_relics":[{"not_picked":["Ring of the Serpent","Calling Bell"],"picked":"Fusion Hammer"},{"not_picked":["Black Star","White Beast Statue"],"picked":"Runic Dome"}],"items_purged_floors":[4],"is_endless":false,"potions_floor_spawned":[2,7,11,18,27,33,35,46,47],"ascension_level":13}