{"path_per_floor":["M","M","?","M","?","R","M","R","T","M","$","?","R","T","R","B",null,"M","$","?","M","?","R","M","?","T","M","M","M","?","M","R"],"character_chosen":"DEFECT","items_purchased":["Barrage","Loop","Impulse","Barrage"],"gold_per_floor":[110,120,70,83,83,83,102,102,128,146,92,92,92,169,169,268,268,281,111,36,50,50,50,62,62,88,102,117,136,186,196,196,196],"floor_reached":33,"campfire_rested":2,"playtime":1549,"current_hp_per_floor":[62,68,68,59,59,59,50,50,50,47,47,40,60,60,60,44,68,58,58,58,43,34,34,34,30,30,33,29,27,27,20,31,0],"items_purged":[],"gold":196,"score":264,"play_id":"bc3b3c34-2645-43e0-968a-13553cb56c0a","local_time":"20180428111927","is_prod":false,"is_daily":false,"chose_seed":false,"is_ascension_mode":false,"campfire_upgraded":4,"timestamp":1524928767,"path_taken":["M","M","?","M","?","R","M","R","T","M","$","?","R","?","R","BOSS","M","$","?","M","?","R","M","?","T","M","?","M","?","M","R","BOSS"],"build_version":"2018-04-27v3","seed_source_timestamp":1391191525213234,"purchased_purges":0,"victory":false,"master_deck":["Zap","Dualcast","Self Repair","Tempest+1","Capacitor+1","Capacitor","Blaster","Barrage+1","Multi-Cast","Axe Kick","Loop","Ball Lightning","Axe Kick","Streamline","Auto Shields+1","Loop","Impulse","Barrage","Ball Lightning","Ghostly+1","Ghostly","Ghostly","Ghostly","Ghostly","Streamline","FTL","Coolheaded","Skim+1","Biased Cognition"],"max_hp_per_floor":[68,68,68,68,68,68,68,68,68,68,68,68,68,68,68,68,68,68,68,68,68,34,34,34,39,39,39,39,39,39,39,39,39],"relics":["Cracked Core","Torii","Art of War","Mummified Hand","Pandora\u0027s Box","Bag of Preparation"],"card_choices":[{"not_picked":["Storm","Leap"],"picked":"Self Repair","floor":1},{"not_picked":["Flux Capacitor","Glacier"],"picked":"Tempest","floor":2},{"not_picked":["Impulse","Hologram"],"picked":"Capacitor","floor":4},{"not_picked":["Stack","Flux Capacitor"],"picked":"Capacitor","floor":7},{"not_picked":["Reprogram","Buffer"],"picked":"Blaster","floor":10},{"not_picked":["All For One","Rainbow"],"picked":"Multi-Cast","floor":16},{"not_picked":["Ball Lightning","Cold Snap"],"picked":"Auto Shields","floor":18},{"not_picked":["Skim","Fusion"],"picked":"Ball Lightning","floor":21},{"not_picked":["Go for the Eyes","Axe Kick"],"picked":"Streamline","floor":24},{"not_picked":["Coolheaded","Ball Lightning"],"picked":"FTL","floor":27},{"not_picked":["Flux Capacitor","Skim"],"picked":"Coolheaded","floor":28},{"not_picked":["Gash","Stack"],"picked":"Skim","floor":29},{"not_picked":["Darkness","Hologram"],"picked":"Biased Cognition","floor":31}],"player_experience":305372,"potions_floor_usage":[16,16,28,33,33,33],"damage_taken":[{"damage":6,"enemies":"Jaw Worm","floor":1,"turns":3},{"damage":0,"enemies":"Small Slimes","floor":2,"turns":4},{"damage":16,"enemies":"2 Louse","floor":4,"turns":3},{"damage":16,"enemies":"Large Slime","floor":7,"turns":8},{"damage":10,"enemies":"2 Fungi Beasts","floor":10,"turns":5},{"damage":38,"enemies":"The Guardian","floor":16,"turns":12},{"damage":17,"enemies":"2 Thieves","floor":18,"turns":3},{"damage":15,"enemies":"Chosen","floor":21,"turns":4},{"damage":6,"enemies":"Snake Plant","floor":24,"turns":5},{"damage":4,"enemies":"Centurion and Healer","floor":27,"turns":6},{"damage":4,"enemies":"Cultist and Chosen","floor":28,"turns":6},{"damage":9,"enemies":"Snake Plant","floor":29,"turns":5},{"damage":14,"enemies":"Centurion and Healer","floor":31,"turns":5},{"damage":32,"enemies":"Champ","floor":33,"turns":11}],"event_choices":[{"event_name":"The Cleric","player_choice":"Card Removal","floor":3,"damage_taken":0},{"event_name":"Liars Game","player_choice":"disagreed","floor":5,"damage_taken":0},{"event_name":"Golden Wing","player_choice":"Card Removal","floor":12,"damage_taken":0},{"event_name":"Beggar","player_choice":"Gave Gold","floor":20,"damage_taken":0},{"event_name":"Ghosts","player_choice":"Became a Ghost","floor":22,"damage_taken":0},{"event_name":"Forgotten Altar","player_choice":"Shed Blood","floor":25,"damage_taken":0},{"event_name":"The Joust","player_choice":"Bet on Murderer","floor":30,"damage_taken":0}],"boss_relics":[{"not_picked":["Eternal Feather","Tiny House"],"picked":"Pandora\u0027s Box"}],"potions_floor_spawned":[1,2,7,16,18,31],"seed_played":"3243891090927733107","killed_by":"Champ","ascension_level":0,"is_trial":false}