{"path_per_floor":["M","?","M","?","M","R","E","M","T","R","M","M","M","M","R","B",null,"M","M","$","?","M","R","M","R","T","R","M","M","T","?","R"],"character_chosen":"DEFECT","items_purchased":["Happy Flower","Leap"],"gold_per_floor":[18,18,28,28,39,39,68,87,87,87,97,112,129,147,147,242,242,229,241,34,34,54,54,68,68,120,120,134,153,202,202,202,202],"floor_reached":33,"campfire_rested":4,"playtime":1568,"current_hp_per_floor":[85,85,81,74,73,73,48,42,42,68,31,20,18,18,44,28,89,69,59,59,43,43,69,48,74,74,74,67,48,55,87,87,0],"items_purged":[],"gold":202,"score":278,"play_id":"dfb8640d-a0e5-4a01-b3a9-b51366295634","local_time":"20180504223041","is_prod":false,"is_daily":false,"chose_seed":false,"is_ascension_mode":false,"campfire_upgraded":3,"timestamp":1525487441,"path_taken":["M","?","M","?","?","R","E","M","T","R","M","M","M","M","R","BOSS","M","M","$","?","M","R","M","R","T","R","M","M","?","?","R","BOSS"],"build_version":"2018-05-03","seed_source_timestamp":1949749624255175,"purchased_purges":0,"victory":false,"master_deck":["Strike_B","Strike_B","Strike_B","Defend_B","Defend_B","Defend_B","Defend_B","Zap+1","Dualcast","Reinforced Body","Hologram","Chill","Skim","Storm","Barrage+1","Glacier","Ball Lightning","Melter","Echo Form+1","Go for the Eyes","Streamline+1","Leap","Undo","Axe Kick","Beam Cell","Hyperbeam"],"max_hp_per_floor":[89,89,89,89,89,89,89,89,89,89,89,89,89,89,89,89,89,89,89,89,89,89,89,89,89,89,89,89,89,96,96,96,96],"relics":["Cracked Core","Bottled Flame","Frozen Egg 2","Velvet Choker","Happy Flower","Enchiridion","Vajra","Strawberry"],"card_choices":[{"not_picked":["Impulse","Stack"],"picked":"Reinforced Body","floor":1},{"not_picked":["Barrage","Tempest"],"picked":"Hologram","floor":3},{"not_picked":["Skim","Undo"],"picked":"Chill","floor":5},{"not_picked":["Reboot","Hello World"],"picked":"Skim","floor":7},{"not_picked":["Recycle","Hologram"],"picked":"Storm","floor":8},{"not_picked":["Skim","Doom and Gloom"],"picked":"Barrage","floor":11},{"not_picked":["Axe Kick","Coolheaded"],"picked":"Glacier","floor":12},{"not_picked":["Barrage","Capacitor"],"picked":"Ball Lightning","floor":13},{"not_picked":["Hello World","Glacier"],"picked":"Melter","floor":14},{"not_picked":["Fission","All For One"],"picked":"Echo Form","floor":16},{"not_picked":["Axe Kick","Skim"],"picked":"Go for the Eyes","floor":18},{"not_picked":["Barrage","Sweeping Beam"],"picked":"Streamline","floor":19},{"not_picked":["Hologram","Sweeping Beam"],"picked":"Undo","floor":22},{"not_picked":["Ball Lightning","Skim"],"picked":"Axe Kick","floor":24},{"not_picked":["Impulse","Turbo"],"picked":"Beam Cell","floor":28},{"not_picked":["Streamline","Genetic Algorithm"],"picked":"Hyperbeam","floor":29}],"player_experience":337983,"potions_floor_usage":[12,12,16,22,22,33,33],"damage_taken":[{"damage":4,"enemies":"Jaw Worm","floor":1,"turns":4},{"damage":4,"enemies":"Small Slimes","floor":3,"turns":4},{"damage":1,"enemies":"2 Louse","floor":5,"turns":2},{"damage":25,"enemies":"Lagavulin","floor":7,"turns":8},{"damage":6,"enemies":"Large Slime","floor":8,"turns":9},{"damage":37,"enemies":"Exordium Thugs","floor":11,"turns":8},{"damage":11,"enemies":"Exordium Wildlife","floor":12,"turns":4},{"damage":2,"enemies":"3 Louse","floor":13,"turns":4},{"damage":0,"enemies":"Blue Slaver","floor":14,"turns":4},{"damage":31,"enemies":"The Guardian","floor":16,"turns":14},{"damage":20,"enemies":"2 Thieves","floor":18,"turns":4},{"damage":10,"enemies":"Shell Parasite","floor":19,"turns":4},{"damage":0,"enemies":"Sentry and Sphere","floor":22,"turns":3},{"damage":28,"enemies":"Snake Plant","floor":24,"turns":5},{"damage":14,"enemies":"Centurion and Healer","floor":28,"turns":8},{"damage":19,"enemies":"Cultist and Chosen","floor":29,"turns":7},{"damage":93,"enemies":"Automaton","floor":33,"turns":10}],"event_choices":[{"event_name":"The Cleric","player_choice":"Leave","floor":2,"damage_taken":0},{"event_name":"Golden Wing","player_choice":"Card Removal","floor":4,"damage_taken":0},{"event_name":"Cursed Tome","player_choice":"Obtained Book","floor":21,"damage_taken":0},{"event_name":"The Library","player_choice":"Heal","floor":31,"damage_taken":0}],"boss_relics":[{"not_picked":["Snecko Eye","Runic Pyramid"],"picked":"Velvet Choker"}],"potions_floor_spawned":[3,7,11,13,16,19,22,28],"seed_played":"-6958755991343473656","killed_by":"Automaton","ascension_level":0,"is_trial":false}