{"gold_per_floor":[109,27,38,38,38,38,53,18,18,18,29,29,49,375,375,448,448,462,462,462,0,17,17,42,42,42,55,38,53,53,65,65,65],"floor_reached":33,"playtime":1156,"items_purged":[],"score":472,"play_id":"a32ae235-5726-4cae-86cc-564d1b700b0a","local_time":"20181229184603","is_ascension_mode":true,"campfire_choices":[{"data":"Clothesline","floor":6,"key":"SMITH"},{"data":"Uppercut","floor":10,"key":"SMITH"},{"data":"Heavy Blade","floor":15,"key":"SMITH"},{"floor":23,"key":"REST"},{"floor":25,"key":"REST"},{"floor":30,"key":"REST"},{"floor":32,"key":"RECALL"}],"neow_cost":"PERCENT_DAMAGE","seed_source_timestamp":76310465176296,"circlet_count":0,"master_deck":["AscendersBane","Defend_R","Defend_R","Defend_R","Defend_R","Bash","Clothesline+1","Inflame+1","Headbutt","Uppercut+1","Twin Strike","Heavy Blade+1","Whirlwind","Immolate","Anger","Bite","Bite","Bite","Bite","Bite","Armaments","True Grit","Shockwave","Rage","Disarm","Flame Barrier","Shrug It Off+1","True Grit+1"],"relics":["Burning Blood","WingedGreaves","Ancient Tea Set","Odd Mushroom","Old Coin","Fusion Hammer","Membership Card","Torii","Bronze Scales","Blood Vial","Pear"],"potions_floor_usage":[13,18,20,24,31,33],"damage_taken":[{"damage":3,"enemies":"2 Louse","floor":1,"turns":4},{"damage":0,"enemies":"Small Slimes","floor":3,"turns":3},{"damage":7,"enemies":"Jaw Worm","floor":7,"turns":3},{"damage":8,"enemies":"3 Louse","floor":11,"turns":4},{"damage":13,"enemies":"The Mushroom Lair","floor":13,"turns":4},{"damage":20,"enemies":"Lagavulin","floor":14,"turns":7},{"damage":41,"enemies":"Slime Boss","floor":16,"turns":6},{"damage":8,"enemies":"Chosen","floor":18,"turns":3},{"damage":21,"enemies":"Colosseum Slavers","floor":20,"turns":3},{"damage":24,"enemies":"Shell Parasite","floor":22,"turns":4},{"damage":34,"enemies":"Slavers","floor":24,"turns":4},{"damage":30,"enemies":"Snake Plant","floor":27,"turns":4},{"damage":8,"enemies":"Chosen and Byrds","floor":29,"turns":4},{"damage":12,"enemies":"3 Cultists","floor":31,"turns":4},{"damage":76,"enemies":"Automaton","floor":33,"turns":8}],"seed_played":"4358805899283174323","potions_obtained":[{"floor":7,"key":"EssenceOfSteel"},{"floor":11,"key":"Weak Potion"},{"floor":14,"key":"SkillPotion"},{"floor":22,"key":"LiquidBronze"},{"floor":24,"key":"Poison Potion"},{"floor":29,"key":"Block Potion"},{"floor":31,"key":"FearPotion"}],"is_trial":false,"path_per_floor":["M","$","M","?","?","R","M","?","T","R","M","T","?","E","R","B",null,"M","?","?","$","M","R","E","R","T","M","$","M","R","M","R","B"],"character_chosen":"IRONCLAD","items_purchased":["Inflame","Membership Card","Torii","Armaments","Bronze Scales","True Grit","Flame Barrier"],"campfire_rested":3,"item_purchase_floors":[2,21,21,21,21,21,28],"current_hp_per_floor":[53,53,59,59,64,64,63,80,80,80,78,78,71,57,57,22,66,64,56,45,45,35,51,30,46,56,41,41,45,64,61,61,0],"gold":65,"neow_bonus":"ONE_RARE_RELIC","is_prod":false,"is_daily":false,"chose_seed":false,"campfire_upgraded":3,"win_rate":0,"timestamp":1546127163,"path_taken":["M","$","M","?","?","R","M","?","T","R","M","?","?","E","R","BOSS","M","?","?","$","M","R","E","R","T","M","$","M","R","M","R","BOSS"],"build_version":"2018-12-25","purchased_purges":0,"victory":false,"max_hp_per_floor":[75,75,75,75,80,80,80,80,80,80,80,80,80,80,80,80,80,80,56,56,56,56,56,56,56,66,66,66,66,66,66,66,66],"card_choices":[{"not_picked":["Anger","Armaments"],"picked":"Clothesline","floor":1},{"not_picked":["Dropkick","Warcry"],"picked":"Headbutt","floor":3},{"not_picked":["Heavy Blade","Cleave"],"picked":"Uppercut","floor":7},{"not_picked":["Hemokinesis","Bloodletting"],"picked":"Twin Strike","floor":11},{"not_picked":["Inflame","Carnage"],"picked":"Heavy Blade","floor":13},{"not_picked":["Body Slam","Heavy Blade"],"picked":"Whirlwind","floor":14},{"not_picked":["Fiend Fire","Dark Embrace"],"picked":"Immolate","floor":16},{"not_picked":["Warcry","Sword Boomerang"],"picked":"Anger","floor":18},{"not_picked":["Barricade","Clash"],"picked":"Shockwave","floor":22},{"not_picked":["Shockwave","Sever Soul"],"picked":"Rage","floor":24},{"not_picked":["Ghostly Armor","Headbutt"],"picked":"Disarm","floor":27},{"not_picked":["Sword Boomerang","Cleave"],"picked":"Shrug It Off+1","floor":29},{"not_picked":["Headbutt","Flex+1"],"picked":"True Grit+1","floor":31}],"player_experience":1063807,"relics_obtained":[{"floor":9,"key":"Ancient Tea Set"},{"floor":13,"key":"Odd Mushroom"},{"floor":14,"key":"Old Coin"},{"floor":24,"key":"Blood Vial"},{"floor":26,"key":"Pear"}],"event_choices":[{"damage_healed":0,"gold_gain":0,"player_choice":"Grow","damage_taken":0,"max_hp_gain":0,"max_hp_loss":0,"event_name":"Living Wall","floor":4,"gold_loss":0,"cards_upgraded":["Inflame"]},{"damage_healed":0,"gold_gain":0,"player_choice":"Donut","damage_taken":0,"max_hp_gain":5,"max_hp_loss":0,"event_name":"Big Fish","floor":5,"gold_loss":0},{"damage_healed":20,"gold_gain":0,"player_choice":"Healed","damage_taken":0,"max_hp_gain":0,"max_hp_loss":0,"event_name":"The Cleric","floor":8,"gold_loss":35},{"damage_healed":0,"gold_gain":0,"player_choice":"Fought Mushrooms","damage_taken":0,"max_hp_gain":0,"max_hp_loss":0,"event_name":"Mushrooms","floor":13,"gold_loss":0},{"damage_healed":0,"gold_gain":0,"player_choice":"Became a vampire","damage_taken":0,"max_hp_gain":0,"max_hp_loss":24,"event_name":"Vampires","floor":19,"gold_loss":0,"cards_obtained":["Bite","Bite","Bite","Bite","Bite"]},{"damage_healed":0,"gold_gain":0,"player_choice":"Fight","damage_taken":0,"max_hp_gain":0,"max_hp_loss":0,"event_name":"Colosseum","floor":20,"gold_loss":0},{"damage_healed":0,"gold_gain":0,"player_choice":"Fled From Nobs","damage_taken":0,"max_hp_gain":0,"max_hp_loss":0,"event_name":"Colosseum","floor":20,"gold_loss":0}],"is_beta":true,"boss_relics":[{"not_picked":["Eternal Feather","Runic Pyramid"],"picked":"Fusion Hammer"}],"items_purged_floors":[],"is_endless":false,"potions_floor_spawned":[7,11,14,22,24,29,31],"killed_by":"Automaton","ascension_level":14}