{"gold_per_floor":[213,313,327,4,17,17,43,43,125,90,107,123,157,167,167,270,270,283,47,81,4,23,23,23,23,23,52,52,32,46,46,46,46],"floor_reached":33,"playtime":1547,"items_purged":[],"score":437,"play_id":"1250d174-fabd-44fd-8666-c00f282a43e3","local_time":"20180808200352","is_ascension_mode":true,"campfire_choices":[{"data":"Neutralize","floor":6,"key":"SMITH"},{"data":"Crippling Poison","floor":8,"key":"SMITH"},{"data":"Dash","floor":15,"key":"SMITH"},{"data":"Footwork","floor":23,"key":"SMITH"},{"floor":25,"key":"REST"},{"data":"Backflip","floor":28,"key":"SMITH"},{"floor":32,"key":"REST"}],"neow_cost":"NONE","seed_source_timestamp":1585053074246948,"circlet_count":0,"master_deck":["Defend_G","Defend_G","Defend_G","Defend_G","Defend_G","Strike_G","Strike_G","Strike_G","Strike_G","Strike_G","Survivor","Neutralize+1","AscendersBane","Backstab","Cloak And Dagger","Sucker Punch","Quick Slash","Crippling Poison+1","Dagger Throw","Skewer","Dash+1","Backflip+1","Malaise+1","Footwork+1","Cloak And Dagger+1","Deflect","Footwork","Backflip+1","Well Laid Plans","Noxious Fumes","Blade Dance","Blur+1"],"relics":["Ring of the Snake","Ginger","Dream Catcher","Question Card","Juzu Bracelet","Sozu","Bag of Preparation","Red Mask","War Paint","Pen Nib","Ice Cream"],"potions_floor_usage":[7,13,16,16,33],"damage_taken":[{"damage":1,"enemies":"2 Louse","floor":1,"turns":5},{"damage":0,"enemies":"Cultist","floor":3,"turns":3},{"damage":0,"enemies":"Small Slimes","floor":5,"turns":3},{"damage":14,"enemies":"Gremlin Nob","floor":7,"turns":4},{"damage":3,"enemies":"Looter","floor":11,"turns":3},{"damage":0,"enemies":"Blue Slaver","floor":12,"turns":3},{"damage":20,"enemies":"3 Sentries","floor":13,"turns":8},{"damage":1,"enemies":"2 Fungi Beasts","floor":14,"turns":3},{"damage":36,"enemies":"Hexaghost","floor":16,"turns":15},{"damage":3,"enemies":"2 Thieves","floor":18,"turns":4},{"damage":18,"floor":20,"turns":5},{"damage":2,"enemies":"3 Byrds","floor":22,"turns":5},{"damage":2,"enemies":"Book of Stabbing","floor":27,"turns":8},{"damage":12,"enemies":"Snake Plant","floor":30,"turns":4},{"damage":61,"enemies":"Collector","floor":33,"turns":11}],"seed_played":"4107344162354458223","potions_obtained":[{"floor":3,"key":"Fire Potion"},{"floor":7,"key":"Strength Potion"},{"floor":12,"key":"Ancient Potion"},{"floor":13,"key":"Fire Potion"},{"floor":14,"key":"Energy Potion"},{"floor":16,"key":"Fire Potion"}],"is_trial":false,"path_per_floor":["M","?","M","$","M","R","E","R","T","?","M","M","E","M","R","B",null,"M","$","?","$","M","R","?","R","T","E","R","?","M","?","R"],"character_chosen":"THE_SILENT","items_purchased":["Sucker Punch","Ginger","Footwork","Bag of Preparation","Cloak And Dagger","Footwork"],"campfire_rested":2,"item_purchase_floors":[4,4,19,19,19,21],"current_hp_per_floor":[62,62,62,62,62,62,48,48,48,65,62,62,42,41,41,5,54,51,51,33,33,31,31,31,52,52,50,50,50,38,38,59,0],"gold":46,"neow_bonus":"HUNDRED_GOLD","is_prod":false,"is_daily":false,"chose_seed":false,"campfire_upgraded":5,"win_rate":0,"timestamp":1533773032,"path_taken":["M","?","M","$","M","R","E","R","T","?","M","M","E","M","R","BOSS","M","$","?","$","M","R","?","R","T","E","R","?","M","?","R","BOSS"],"build_version":"2018-08-07v3","purchased_purges":0,"victory":false,"max_hp_per_floor":[70,70,70,70,70,70,70,70,70,70,70,70,70,70,70,70,70,70,70,70,70,70,70,70,70,70,70,70,70,70,70,70,70],"card_choices":[{"not_picked":["Dodge and Roll","Deadly Poison"],"picked":"Backstab","floor":1},{"not_picked":["Deadly Poison","Sucker Punch"],"picked":"Cloak And Dagger","floor":3},{"not_picked":["Setup","Slice"],"picked":"Quick Slash","floor":5},{"not_picked":["Riddle With Holes","Reflex"],"picked":"Crippling Poison","floor":7},{"not_picked":["Blade Dance","Calculated Gamble","Escape Plan"],"picked":"Dagger Throw","floor":11},{"not_picked":["Reflex","Backflip","Dodge and Roll"],"picked":"Skewer","floor":12},{"not_picked":["Blur","Bane","Deflect"],"picked":"Dash","floor":13},{"not_picked":["Heel Hook","Blur","Accuracy"],"picked":"Backflip","floor":14},{"not_picked":["Grand Finale","Venomology","Envenom"],"picked":"Malaise","floor":16},{"not_picked":["Deflect+1","Flying Knee","Skewer","Sucker Punch"],"picked":"SKIP","floor":18},{"not_picked":["Slice+1","Endless Agony","Acrobatics"],"picked":"Deflect","floor":20},{"not_picked":["Expertise","Escape Plan","Backstab"],"picked":"Backflip+1","floor":22},{"not_picked":["All Out Attack","Deadly Poison","Backstab"],"picked":"Well Laid Plans","floor":25},{"not_picked":["Terror","Doppelganger","Footwork+1"],"picked":"Noxious Fumes","floor":27},{"not_picked":["Outmaneuver+1","Prepared","Bane"],"picked":"Blade Dance","floor":30},{"not_picked":["Quick Slash","Eviscerate","Underhanded Strike"],"picked":"Blur+1","floor":32}],"player_experience":748959,"relics_obtained":[{"floor":7,"key":"Dream Catcher"},{"floor":9,"key":"Question Card"},{"floor":13,"key":"Juzu Bracelet"},{"floor":20,"key":"Red Mask"},{"floor":26,"key":"Pen Nib"},{"floor":27,"key":"Ice Cream"}],"event_choices":[{"event_name":"Golden Shrine","player_choice":"Pray","floor":2,"damage_taken":0},{"event_name":"The Cleric","player_choice":"Healed","floor":10,"damage_taken":0},{"event_name":"Masked Bandits","player_choice":"Fought Bandits","floor":20,"damage_taken":0},{"event_name":"The Mausoleum","player_choice":"Yes","floor":24,"damage_taken":0},{"event_name":"The Woman in Blue","player_choice":"Bought 1 Potion","floor":29,"damage_taken":0},{"event_name":"Drug Dealer","player_choice":"Ignored","floor":31,"damage_taken":0}],"is_beta":true,"boss_relics":[{"not_picked":["Astrolabe","Orrery"],"picked":"Sozu"}],"items_purged_floors":[],"is_endless":false,"potions_floor_spawned":[3,7,12,13,14,16,18,22,30],"killed_by":"Collector","ascension_level":12}