{"path_per_floor":["M","M","?","M","M","R","E","M","T","R","M","$","E","M","R"],"character_chosen":"THE_SILENT","items_purchased":["Burst","PiercingWail"],"gold_per_floor":[111,122,122,135,149,149,181,191,191,191,208,43,104,120,120,120],"floor_reached":16,"campfire_rested":3,"playtime":920,"current_hp_per_floor":[63,61,47,44,43,64,36,36,36,57,56,56,39,40,61,0],"items_purged":[],"gold":120,"score":165,"play_id":"48227636-fe71-47d5-a56f-8e3e8670b727","local_time":"20180419192900","is_prod":false,"is_daily":false,"chose_seed":false,"is_ascension_mode":true,"campfire_upgraded":0,"timestamp":1524180540,"path_taken":["M","M","?","M","?","R","E","M","T","R","M","?","E","M","R","BOSS"],"build_version":"2018-04-19","seed_source_timestamp":643497373165949,"purchased_purges":0,"victory":false,"master_deck":["Defend_G","Defend_G","Defend_G","Defend_G","Defend_G","Strike_G","Strike_G+1","Strike_G","Strike_G","Strike_G","Survivor","Neutralize","Skewer+1","Flying Knee","Sucker Punch","Leg Sweep","Calculated Gamble","Blur","Burst","PiercingWail","Dagger Throw","Predator"],"max_hp_per_floor":[70,70,70,70,70,70,70,70,70,70,70,70,70,70,70,70],"relics":["Ring of the Snake","Frozen Egg 2","Blood Vial","Tiny Chest"],"card_choices":[{"not_picked":["Heel Hook","PiercingWail"],"picked":"Skewer","floor":0},{"not_picked":["Catalyst","Setup"],"picked":"Flying Knee","floor":1},{"not_picked":["Eviscerate","Flying Knee"],"picked":"Sucker Punch","floor":4},{"not_picked":["Finisher","Sucker Punch"],"picked":"Leg Sweep","floor":5},{"not_picked":["Underhanded Strike","Bane"],"picked":"Calculated Gamble","floor":8},{"not_picked":["Sucker Punch","Underhanded Strike"],"picked":"Blur","floor":11},{"not_picked":["Finisher","Eviscerate"],"picked":"Dagger Throw","floor":13},{"not_picked":["Doppelganger","Crippling Poison"],"picked":"Predator","floor":14}],"player_experience":247533,"potions_floor_usage":[5,16],"damage_taken":[{"damage":0,"enemies":"Jaw Worm","floor":1,"turns":5},{"damage":2,"enemies":"Small Slimes","floor":2,"turns":4},{"damage":3,"enemies":"2 Louse","floor":4,"turns":2},{"damage":1,"enemies":"Red Slaver","floor":5,"turns":3},{"damage":28,"enemies":"Gremlin Nob","floor":7,"turns":4},{"damage":0,"enemies":"Exordium Wildlife","floor":8,"turns":3},{"damage":3,"enemies":"Looter","floor":11,"turns":3},{"damage":19,"enemies":"3 Sentries","floor":13,"turns":11},{"damage":1,"enemies":"3 Louse","floor":14,"turns":3},{"damage":67,"enemies":"Hexaghost","floor":16,"turns":16}],"event_choices":[{"event_name":"Shining Light","player_choice":"Entered Light","floor":3,"damage_taken":0}],"boss_relics":[],"potions_floor_spawned":[4,5,7,13],"seed_played":"7025495725212123314","killed_by":"Hexaghost","ascension_level":9,"is_trial":false}