{"gold_per_floor":[13,23,39,51,66,66,95,95,95,195,227,247,247,260,260,357,357,375,375,94,104,124,124,124],"floor_reached":24,"playtime":1220,"items_purged":["Pain"],"score":336,"play_id":"d8d97830-ec86-4d38-b263-b6ac160ff8c3","local_time":"20181215202729","is_ascension_mode":true,"campfire_choices":[{"data":"Rampage","floor":6,"key":"SMITH"},{"floor":8,"key":"REST"},{"floor":13,"key":"REST"},{"data":"True Grit","floor":15,"key":"SMITH"},{"floor":23,"key":"REST"}],"neow_cost":"NO_GOLD","seed_source_timestamp":30206245648295,"circlet_count":0,"master_deck":["AscendersBane","Strike_R","Strike_R","Strike_R","Strike_R","Strike_R","Defend_R","Defend_R","Defend_R","Defend_R","Bash","Inflame","Rampage+1","Flame Barrier","Fire Breathing","Clothesline","Reaper","Anger","True Grit+1","Inflame","Feed","Feel No Pain","Exhume","Battle Trance"],"relics":["Burning Blood","Turnip","Pantograph","Strawberry","Anchor","Mark of Pain","WarpedTongs"],"potions_floor_usage":[11,11,16,16],"damage_taken":[{"damage":6,"enemies":"Cultist","floor":1,"turns":4},{"damage":2,"enemies":"2 Louse","floor":2,"turns":3},{"damage":5,"enemies":"Small Slimes","floor":3,"turns":4},{"damage":17,"enemies":"Exordium Thugs","floor":4,"turns":6},{"damage":8,"enemies":"2 Fungi Beasts","floor":5,"turns":4},{"damage":33,"enemies":"Gremlin Nob","floor":7,"turns":5},{"damage":63,"enemies":"3 Sentries","floor":11,"turns":10},{"damage":8,"enemies":"Large Slime","floor":12,"turns":8},{"damage":21,"enemies":"Lots of Slimes","floor":14,"turns":5},{"damage":44,"enemies":"The Guardian","floor":16,"turns":14},{"damage":28,"enemies":"Spheric Guardian","floor":18,"turns":6},{"damage":12,"enemies":"Shell Parasite","floor":21,"turns":6},{"damage":23,"enemies":"Snecko","floor":22,"turns":7},{"damage":74,"enemies":"Book of Stabbing","floor":24,"turns":7}],"seed_played":"-798894096799471435","potions_obtained":[{"floor":3,"key":"SteroidPotion"},{"floor":5,"key":"GamblersBrew"},{"floor":11,"key":"Strength Potion"},{"floor":12,"key":"FearPotion"},{"floor":14,"key":"Block Potion"}],"is_trial":false,"path_per_floor":["M","M","M","M","M","R","E","R","T","?","E","M","R","M","R","B",null,"M","?","$","M","M","R","E"],"character_chosen":"IRONCLAD","items_purchased":["Feel No Pain","Exhume"],"campfire_rested":3,"item_purchase_floors":[20,20],"current_hp_per_floor":[72,76,77,66,64,64,37,61,68,68,23,29,55,60,60,62,81,59,59,59,53,39,65,0],"gold":124,"neow_bonus":"ONE_RARE_RELIC","is_prod":false,"is_daily":false,"chose_seed":false,"campfire_upgraded":2,"win_rate":0,"timestamp":1544923649,"path_taken":["M","M","?","M","M","R","E","R","T","?","E","?","R","M","R","BOSS","M","?","$","M","M","R","E"],"build_version":"2018-12-13","purchased_purges":1,"victory":false,"max_hp_per_floor":[80,80,80,80,80,80,80,80,87,87,87,87,87,87,87,87,87,87,87,87,87,87,87,87],"card_choices":[{"not_picked":["Clash","Shrug It Off"],"picked":"Inflame","floor":1},{"not_picked":["Thunderclap","Clash"],"picked":"Rampage","floor":2},{"not_picked":["Cleave","Wild Strike"],"picked":"Flame Barrier","floor":3},{"not_picked":["Sword Boomerang","Cleave"],"picked":"Fire Breathing","floor":4},{"not_picked":["Thunderclap","Pommel Strike"],"picked":"Clothesline","floor":5},{"not_picked":["Evolve","Wild Strike"],"picked":"Reaper","floor":7},{"not_picked":["Iron Wave","Pommel Strike"],"picked":"Anger","floor":11},{"not_picked":["Clothesline","Demon Form"],"picked":"True Grit","floor":12},{"not_picked":["Clash","Flex"],"picked":"Inflame","floor":14},{"not_picked":["Berserk","Demon Form"],"picked":"Feed","floor":16},{"not_picked":["Clothesline","Thunderclap","Cleave"],"picked":"SKIP","floor":18},{"not_picked":["Warcry","Anger"],"picked":"Battle Trance","floor":21},{"not_picked":["Wild Strike","Heavy Blade","Armaments"],"picked":"SKIP","floor":22}],"player_experience":979609,"relics_obtained":[{"floor":7,"key":"Pantograph"},{"floor":9,"key":"Strawberry"},{"floor":11,"key":"Anchor"}],"event_choices":[{"damage_healed":0,"gold_gain":100,"player_choice":"Pray","damage_taken":0,"max_hp_gain":0,"max_hp_loss":0,"event_name":"Golden Shrine","floor":10,"gold_loss":0},{"damage_healed":0,"gold_gain":0,"player_choice":"Rummage","damage_taken":0,"relics_obtained":["WarpedTongs"],"max_hp_gain":0,"max_hp_loss":0,"event_name":"Accursed Blacksmith","floor":19,"gold_loss":0,"cards_obtained":["Pain"]}],"is_beta":true,"boss_relics":[{"not_picked":["Philosopher\u0027s Stone","Black Star"],"picked":"Mark of Pain"}],"items_purged_floors":[20],"is_endless":false,"potions_floor_spawned":[3,5,11,12,14],"killed_by":"Book of Stabbing","ascension_level":12}