{"path_per_floor":["M","?","M","M","M","R","E","M","T","R","E","R","M","M","R","B",null,"M","?","$","M","?","E","$","R","T","M","$","M","M","?","R"],"character_chosen":"IRONCLAD","items_purchased":["Singing Bowl","Flex","Shrug It Off"],"gold_per_floor":[113,113,128,148,168,168,199,214,214,214,246,246,265,277,277,379,379,389,389,75,91,16,78,78,78,123,137,37,50,65,65,65,65],"floor_reached":33,"campfire_rested":4,"playtime":1305,"current_hp_per_floor":[78,78,77,75,60,60,35,27,41,69,51,51,43,43,71,58,85,76,76,76,62,62,27,27,55,55,38,38,11,7,7,35,0],"items_purged":["Strike_R","Strike_R"],"gold":65,"score":374,"play_id":"0366fa72-caca-4b12-b653-f4b11fb2fa98","local_time":"20180323230224","is_prod":false,"is_daily":false,"is_ascension_mode":true,"campfire_upgraded":2,"timestamp":1521860544,"path_taken":["M","?","M","M","M","R","E","M","T","R","E","R","M","M","R","BOSS","M","?","$","M","?","E","?","R","T","M","$","M","M","?","R","BOSS"],"build_version":"2018-03-22v2","purchased_purges":2,"victory":false,"master_deck":["Strike_R","Defend_R","Defend_R","Defend_R","Defend_R","Bash","Headbutt","Shrug It Off+1","Flex","Shockwave","Twin Strike","Pommel Strike+1","Clash","Dropkick","Thunderclap","Armaments","Limit Break+1","Flex","Armaments","Offering","Cleave+1","Clash","Flex","Shrug It Off","Inflame","Shrug It Off+1","Heavy Blade+1","Battle Trance"],"max_hp_per_floor":[80,80,80,80,80,80,80,80,94,94,94,94,94,94,94,94,94,94,94,94,94,94,96,96,96,96,96,96,96,96,96,96,96],"relics":["Orrery","Bronze Scales","Mango","Juzu Bracelet","Runic Cube","Singing Bowl","Tiny Chest","Bag of Preparation"],"card_choices":[{"not_picked":["Clothesline","Carnage"],"picked":"Headbutt","floor":0},{"not_picked":["Thunderclap","Bludgeon"],"picked":"Shrug It Off","floor":0},{"not_picked":["Twin Strike","Havoc"],"picked":"Flex","floor":0},{"not_picked":["Perfected Strike","Intimidate"],"picked":"Shockwave","floor":0},{"not_picked":["Second Wind","Corruption"],"picked":"Twin Strike","floor":0},{"not_picked":["Searing Blow","Feel No Pain"],"picked":"Pommel Strike","floor":1},{"not_picked":["True Grit","Ghostly Armor"],"picked":"Clash","floor":3},{"not_picked":["Rupture","Anger"],"picked":"Dropkick","floor":4},{"not_picked":["Whirlwind","Blood for Blood"],"picked":"Thunderclap","floor":7},{"not_picked":["Headbutt","Heavy Blade"],"picked":"Armaments","floor":8},{"not_picked":["Dual Wield","Headbutt"],"picked":"Limit Break","floor":11},{"not_picked":["Iron Wave","Wild Strike"],"picked":"Flex","floor":13},{"not_picked":["Thunderclap","Headbutt"],"picked":"Armaments","floor":14},{"not_picked":["Limit Break","Berserk"],"picked":"Offering","floor":16},{"not_picked":["Heavy Blade","Flame Barrier"],"picked":"Cleave","floor":18},{"not_picked":["Reckless Charge","Shrug It Off"],"picked":"Inflame","floor":21},{"not_picked":["Clash","Second Wind"],"picked":"Shrug It Off","floor":27},{"not_picked":["Feel No Pain","Pommel Strike"],"picked":"Heavy Blade","floor":29},{"not_picked":["Fire Breathing","Sever Soul"],"picked":"Battle Trance","floor":30}],"player_experience":659003,"potions_floor_usage":[13,16,16,23,30,33,33],"damage_taken":[{"damage":2,"enemies":"2 Louse","floor":1,"turns":3},{"damage":1,"enemies":"Cultist","floor":3,"turns":3},{"damage":2,"enemies":"Jaw Worm","floor":4,"turns":3},{"damage":15,"enemies":"Gremlin Gang","floor":5,"turns":5},{"damage":25,"enemies":"Gremlin Nob","floor":7,"turns":4},{"damage":8,"enemies":"Blue Slaver","floor":8,"turns":3},{"damage":18,"enemies":"3 Sentries","floor":11,"turns":6},{"damage":8,"enemies":"Large Slime","floor":13,"turns":5},{"damage":0,"enemies":"Exordium Wildlife","floor":14,"turns":3},{"damage":13,"enemies":"Hexaghost","floor":16,"turns":8},{"damage":9,"enemies":"Shell Parasite","floor":18,"turns":3},{"damage":14,"enemies":"3 Byrds","floor":21,"turns":3},{"damage":37,"enemies":"Slavers","floor":23,"turns":4},{"damage":17,"enemies":"Snake Plant","floor":27,"turns":3},{"damage":27,"enemies":"Snecko","floor":29,"turns":4},{"damage":4,"enemies":"Centurion and Healer","floor":30,"turns":3},{"damage":46,"enemies":"Collector","floor":33,"turns":5}],"event_choices":[{"event_name":"Upgrade Shrine","player_choice":"Upgraded","floor":2,"damage_taken":0},{"event_name":"Transmorgrifier","player_choice":"Transform","floor":19,"damage_taken":0},{"event_name":"Beggar","player_choice":"Gave Gold","floor":22,"damage_taken":0},{"event_name":"Drug Dealer","player_choice":"Ignored","floor":31,"damage_taken":0}],"boss_relics":[{"not_picked":["Snecko Eye","White Beast Statue"],"picked":"Runic Cube"}],"potions_floor_spawned":[5,7,8,11,16,23,29,30],"seed_played":"7134696492537391231","killed_by":"Collector","ascension_level":5,"is_trial":false}