{"path_per_floor":["M","?","?","?","M","R","E","R","T","E","M","M","R","$","R","B",null,"M","M","M"],"character_chosen":"THE_SILENT","items_purchased":["Paper Crane","Noxious Fumes"],"gold_per_floor":[110,185,185,185,204,204,231,231,256,289,299,319,319,22,22,123,153,172,184,204,204],"floor_reached":21,"campfire_rested":2,"playtime":698,"current_hp_per_floor":[59,48,70,70,60,60,56,56,56,34,34,34,55,55,70,42,68,28,14,1,0],"items_purged":[],"gold":204,"score":274,"play_id":"73e71a64-d8e0-4ceb-ae74-14fb5e0475ca","local_time":"20180421005441","is_prod":false,"is_daily":false,"chose_seed":false,"is_ascension_mode":true,"campfire_upgraded":2,"timestamp":1524286481,"path_taken":["M","?","?","?","M","R","E","R","T","E","?","M","R","$","R","BOSS","M","M","?","?"],"build_version":"2018-04-19","seed_source_timestamp":749681074191807,"purchased_purges":0,"victory":false,"master_deck":["Defend_G","Defend_G+1","Defend_G","Defend_G","Defend_G","Strike_G","Strike_G","Strike_G","Strike_G","Strike_G","Survivor","Neutralize","Noxious Fumes+1","Dash+1","Poisoned Stab","Dagger Spray","Dodge and Roll+1","Noxious Fumes","Glass Knife","Backflip+1","Dodge and Roll+1","Dodge and Roll+1","Deflect+1"],"max_hp_per_floor":[70,70,70,70,70,70,70,70,70,70,70,70,70,70,70,70,75,75,75,75,75],"relics":["Sozu","Toxic Egg 2","Bronze Scales","Prayer Wheel","Paper Crane","Tiny House"],"card_choices":[{"not_picked":["Well Laid Plans","Infinite Blades"],"picked":"Noxious Fumes","floor":1},{"not_picked":["Flying Knee","PiercingWail"],"picked":"Dash","floor":5},{"not_picked":["Flechettes","Caltrops"],"picked":"Poisoned Stab","floor":7},{"not_picked":["Burst","Backstab"],"picked":"Dagger Spray","floor":10},{"not_picked":["Masterful Stab","Finisher"],"picked":"Dodge and Roll","floor":12},{"not_picked":["Corpse Explosion","Envenom"],"picked":"Glass Knife","floor":16},{"not_picked":["Masterful Stab","Quick Slash"],"picked":"Backflip","floor":17},{"not_picked":["Deflect","Sucker Punch"],"picked":"Dodge and Roll","floor":18},{"not_picked":["Deadly Poison","Riddle With Holes"],"picked":"Dodge and Roll","floor":19},{"not_picked":["Dodge and Roll","Doppelganger"],"picked":"Deflect","floor":20}],"player_experience":260274,"potions_floor_usage":[],"damage_taken":[{"damage":4,"enemies":"2 Louse","floor":1,"turns":3},{"damage":10,"enemies":"Jaw Worm","floor":5,"turns":4},{"damage":4,"enemies":"3 Sentries","floor":7,"turns":7},{"damage":22,"enemies":"Lagavulin","floor":10,"turns":6},{"damage":0,"enemies":"Small Slimes","floor":11,"turns":3},{"damage":0,"enemies":"3 Louse","floor":12,"turns":4},{"damage":28,"enemies":"Hexaghost","floor":16,"turns":9},{"damage":40,"enemies":"Chosen","floor":18,"turns":6},{"damage":14,"enemies":"2 Thieves","floor":19,"turns":5},{"damage":13,"enemies":"3 Cultists","floor":20,"turns":5},{"damage":9,"enemies":"Masked Bandits","floor":21,"turns":2}],"event_choices":[{"event_name":"World of Goop","player_choice":"Gather Gold","floor":2,"damage_taken":0},{"event_name":"Big Fish","player_choice":"Banana","floor":3,"damage_taken":0},{"event_name":"Liars Game","player_choice":"disagreed","floor":4,"damage_taken":0},{"event_name":"Masked Bandits","player_choice":"Fought over 204 gold","floor":21,"damage_taken":0}],"boss_relics":[{"not_picked":["Runic Dome","Black Star"],"picked":"Tiny House"}],"potions_floor_spawned":[1,5,11,12,19,20],"seed_played":"4855958929141045641","killed_by":"Masked Bandits","ascension_level":9,"is_trial":false}