{"path_per_floor":["M","M","M","?","$","R","M","?","T","M","R","M","?","?","R","B",null,"M","$","?","M","?","R","M","$","T","?","M","R","M","M","R","B",null,"M","?","$","?","M","R","?","M","T","M","?","?","M"],"character_chosen":"DEFECT","items_purchased":["Loop","FTL","Leap","Rip and Tear","Leap","Blood Vial","Auto Shields","Barrage"],"gold_per_floor":[115,127,146,146,109,109,128,128,128,152,152,172,172,172,172,298,298,223,99,99,115,115,115,136,39,39,39,60,60,85,98,98,224,224,247,247,2,2,25,25,25,46,98,119,119,119,144,144],"floor_reached":48,"campfire_rested":5,"playtime":2476,"current_hp_per_floor":[73,71,72,72,72,72,72,69,69,63,63,46,46,32,52,13,69,48,48,32,10,10,30,3,3,3,3,5,27,27,15,34,2,34,1,1,1,44,2,29,29,32,32,29,40,40,15,0],"items_purged":[],"gold":144,"score":497,"play_id":"9f0a841b-0288-4a55-ba6a-c19e7109846a","local_time":"20180426224312","is_prod":false,"is_daily":false,"chose_seed":false,"is_ascension_mode":false,"campfire_upgraded":2,"timestamp":1524796992,"path_taken":["M","M","M","?","$","R","M","?","T","M","R","?","?","?","R","BOSS","M","$","?","?","?","R","M","$","T","?","M","R","M","M","R","BOSS","M","?","$","?","M","R","?","?","T","M","?","?","M","M"],"build_version":"2018-04-26","seed_source_timestamp":1258393562680948,"purchased_purges":0,"victory":false,"master_deck":["Strike_B","Strike_B","Strike_B+1","Defend_B","Defend_B","Defend_B","Defend_B","Zap","Dualcast+1","Glacier","Capacitor+1","Hologram","Loop+1","Melter","Flux Capacitor+1","Ball Lightning","Machine Learning","FTL+1","FTL","Leap","Streamline","Ghostly","Ghostly","Ghostly","Ghostly","Ghostly","Capacitor","Rip and Tear","Leap","Capacitor+1","Impulse+1","Defragment","Conserve Battery","Auto Shields","Barrage","Static Discharge+1","Rebound+1","Beam Cell","Writhe","Ghostly","FTL+1"],"max_hp_per_floor":[75,75,75,75,75,75,75,69,69,69,69,69,69,69,69,69,69,69,69,69,69,34,34,34,34,34,34,34,34,34,34,34,34,34,34,34,34,44,44,44,44,44,44,44,44,44,44,44],"relics":["Cracked Core","Golden Idol","Orichalcum","Eternal Feather","Gremlin Horn","Lizard Tail","Blood Vial","Oddly Smooth Stone"],"card_choices":[{"not_picked":["Allocate","Blizzard"],"picked":"Glacier","floor":1},{"not_picked":["Axe Kick","Doom and Gloom"],"picked":"Capacitor","floor":2},{"not_picked":["Impulse","Coolheaded"],"picked":"Hologram","floor":3},{"not_picked":["Cold Snap","Rebound"],"picked":"Melter","floor":7},{"not_picked":["Barrage","Coolheaded"],"picked":"Flux Capacitor","floor":10},{"not_picked":["Blaster","Cold Snap"],"picked":"Ball Lightning","floor":12},{"not_picked":["All For One","Seek"],"picked":"Machine Learning","floor":16},{"not_picked":["Reprogram","Skim"],"picked":"FTL","floor":18},{"not_picked":["Barrage","Aggregate"],"picked":"Streamline","floor":21},{"not_picked":["Coolheaded","Hello World"],"picked":"Capacitor","floor":24},{"not_picked":["Go for the Eyes","Blizzard"],"picked":"Capacitor","floor":28},{"not_picked":["Reboot","Stack"],"picked":"Impulse","floor":30},{"not_picked":["Beam Cell","Coolheaded"],"picked":"Defragment","floor":31},{"not_picked":["All For One","Machine Learning"],"picked":"Prime","floor":33},{"not_picked":["Axe Kick","Impulse"],"picked":"Conserve Battery","floor":35},{"not_picked":["FTL","Cold Snap"],"picked":"Static Discharge","floor":39},{"not_picked":["Conserve Battery","Coolheaded"],"picked":"Rebound","floor":42},{"not_picked":["Heatsinks","Barrage"],"picked":"Beam Cell","floor":44},{"not_picked":["Creative AI","Capacitor"],"picked":"FTL","floor":47}],"player_experience":300343,"potions_floor_usage":[3,7,16,28,33,33,33,42,44,44,48],"damage_taken":[{"damage":2,"enemies":"2 Louse","floor":1,"turns":3},{"damage":2,"enemies":"Jaw Worm","floor":2,"turns":5},{"damage":8,"enemies":"Small Slimes","floor":3,"turns":5},{"damage":0,"enemies":"Looter","floor":7,"turns":4},{"damage":6,"enemies":"2 Fungi Beasts","floor":10,"turns":4},{"damage":17,"enemies":"Lots of Slimes","floor":12,"turns":6},{"damage":39,"enemies":"Hexaghost","floor":16,"turns":11},{"damage":21,"enemies":"2 Thieves","floor":18,"turns":5},{"damage":22,"enemies":"Spheric Guardian","floor":21,"turns":4},{"damage":27,"enemies":"Snecko","floor":24,"turns":10},{"damage":13,"enemies":"Cultist and Chosen","floor":28,"turns":9},{"damage":0,"enemies":"Snake Plant","floor":30,"turns":7},{"damage":12,"enemies":"Sentry and Sphere","floor":31,"turns":6},{"damage":32,"enemies":"Automaton","floor":33,"turns":12},{"damage":66,"enemies":"Flame Bruiser 1 Orb","floor":35,"turns":10},{"damage":42,"enemies":"Orb Walker","floor":39,"turns":7},{"damage":12,"enemies":"Spire Growth","floor":42,"turns":8},{"damage":15,"enemies":"3 Darklings","floor":44,"turns":10},{"damage":27,"enemies":"Sphere and 2 Shapes","floor":47,"turns":6},{"damage":35,"enemies":"4 Shapes","floor":48,"turns":13}],"event_choices":[{"event_name":"Living Wall","player_choice":"Grow","floor":4,"damage_taken":0},{"event_name":"Golden Idol","player_choice":"Lose Max HP","floor":8,"damage_taken":0},{"event_name":"Liars Game","player_choice":"disagreed","floor":13,"damage_taken":0},{"event_name":"Shining Light","player_choice":"Entered Light","floor":14,"damage_taken":0},{"event_name":"Knowing Skull","player_choice":"POTION ","floor":20,"damage_taken":0},{"event_name":"Ghosts","player_choice":"Became a Ghost","floor":22,"damage_taken":0},{"event_name":"Drug Dealer","player_choice":"Ignored","floor":27,"damage_taken":0},{"event_name":"The Lab","player_choice":"Got Potions","floor":36,"damage_taken":0},{"event_name":"Bonfire Elementals","player_choice":"RARE","floor":38,"damage_taken":0},{"event_name":"Purifier","player_choice":"One Purge","floor":41,"damage_taken":0},{"event_name":"Winding Halls","player_choice":"Writhe","floor":45,"damage_taken":0},{"event_name":"Duplicator","player_choice":"One dupe","floor":46,"damage_taken":0}],"boss_relics":[{"not_picked":["Philosopher\u0027s Stone","Runic Pyramid"],"picked":"Eternal Feather"},{"not_picked":["Pandora\u0027s Box","Cursed Key"],"picked":"Lizard Tail"}],"potions_floor_spawned":[1,2,24,28,31,33,35,44],"seed_played":"2802185013315614943","killed_by":"4 Shapes","ascension_level":0,"is_trial":false}