{"path_per_floor":["M","M","$","M","?","E","M","E","T","E","M","R","M","M","R"],"character_chosen":"IRONCLAD","items_purchased":["Corruption"],"gold_per_floor":[115,130,57,68,68,94,108,141,209,237,248,248,268,284,284,284],"floor_reached":16,"campfire_rested":2,"playtime":826,"current_hp_per_floor":[76,70,70,68,68,29,14,28,28,18,23,47,45,47,71,0],"items_purged":[],"gold":284,"score":155,"play_id":"a95637c0-275f-4b6c-a465-27ffc9bb3d8c","local_time":"20180412123337","is_prod":false,"is_daily":false,"chose_seed":true,"is_ascension_mode":true,"campfire_upgraded":0,"timestamp":1523550817,"path_taken":["M","M","$","M","?","E","M","E","T","E","?","R","M","M","R","BOSS"],"build_version":"2018-04-11","seed_source_timestamp":13793695846648,"purchased_purges":0,"victory":false,"master_deck":["Strike_R","Strike_R","Strike_R","Strike_R","Strike_R","Defend_R","Defend_R","Defend_R","Defend_R","Bash","Headbutt","Flex","Corruption","Battle Trance","Feel No Pain","Spot Weakness","True Grit","Havoc","Warcry","Body Slam","Wild Strike"],"max_hp_per_floor":[80,80,80,80,80,80,80,80,80,80,80,80,80,80,80,80],"relics":["Burning Blood","Bag of Preparation","Lantern","Self Forming Clay","Vajra"],"card_choices":[{"not_picked":["Perfected Strike","Flex"],"picked":"Headbutt","floor":1},{"not_picked":["Twin Strike","Headbutt"],"picked":"Flex","floor":2},{"not_picked":["Shrug It Off","Anger"],"picked":"Battle Trance","floor":4},{"not_picked":["Double Tap","Shrug It Off"],"picked":"Feel No Pain","floor":6},{"not_picked":["Warcry","Armaments"],"picked":"Spot Weakness","floor":7},{"not_picked":["Havoc","Pommel Strike"],"picked":"True Grit","floor":8},{"not_picked":["Reckless Charge","Headbutt"],"picked":"Havoc","floor":10},{"not_picked":["Perfected Strike","Sword Boomerang"],"picked":"Warcry","floor":11},{"not_picked":["Clothesline","Havoc"],"picked":"Body Slam","floor":13},{"not_picked":["Cleave","Sever Soul"],"picked":"Wild Strike","floor":14}],"player_experience":174362,"potions_floor_usage":[8,10,13,16],"damage_taken":[{"damage":10,"enemies":"2 Louse","floor":1,"turns":3},{"damage":12,"enemies":"Small Slimes","floor":2,"turns":4},{"damage":8,"enemies":"Jaw Worm","floor":4,"turns":4},{"damage":45,"enemies":"Gremlin Nob","floor":6,"turns":5},{"damage":21,"enemies":"Exordium Thugs","floor":7,"turns":6},{"damage":7,"enemies":"3 Sentries","floor":8,"turns":9},{"damage":16,"enemies":"Gremlin Nob","floor":10,"turns":4},{"damage":1,"enemies":"Blue Slaver","floor":11,"turns":3},{"damage":8,"enemies":"Gremlin Gang","floor":13,"turns":6},{"damage":4,"enemies":"Lots of Slimes","floor":14,"turns":6},{"damage":71,"enemies":"Hexaghost","floor":16,"turns":11}],"event_choices":[{"event_name":"Liars Game","player_choice":"disagreed","floor":5,"damage_taken":0}],"boss_relics":[],"potions_floor_spawned":[2,6,11,13],"seed_played":"-4004103668311524825","killed_by":"Hexaghost","ascension_level":5,"is_trial":false}