{"path_per_floor":["M","M","$","M","M","E","R","E","T","M","M","M","?","$","R","B",null,"M","?","?","?","?","E","R","M","T","$"],"character_chosen":"THE_SILENT","items_purchased":["Panache","Flash of Steel","Regal Pillow","Escape Plan","Bag of Marbles","Dodge and Roll"],"gold_per_floor":[366,380,86,97,109,138,138,172,197,216,232,242,242,23,23,126,126,146,146,146,146,146,172,172,189,271,97,97],"floor_reached":28,"campfire_rested":1,"playtime":1266,"current_hp_per_floor":[63,63,63,63,58,43,43,26,26,26,19,19,12,12,45,40,63,62,31,31,31,31,27,27,10,10,10,0],"items_purged":[],"gold":97,"score":324,"play_id":"0a15f198-4b59-4962-a3fd-ebf6da22659b","local_time":"20180407122014","is_prod":false,"is_daily":false,"is_ascension_mode":true,"campfire_upgraded":2,"timestamp":1523118014,"path_taken":["M","M","$","M","M","E","R","E","T","M","M","M","?","$","R","BOSS","M","?","?","?","?","E","R","M","T","$","?"],"build_version":"2018-04-05","purchased_purges":0,"victory":false,"master_deck":["Defend_G+1","Defend_G+1","Defend_G+1","Defend_G+1","Strike_G+1","Strike_G+1","Survivor","Neutralize","Dagger Spray","Malaise+1","Panache","Flash of Steel+1","Flying Knee","PiercingWail","Deflect","Burst","Quick Slash","Deflect","Escape Plan","Adrenaline","Infinite Blades+1","Eviscerate+1","Skewer+1","Backflip+1","Ghostly+1","Ghostly","Ghostly","Ghostly","Ghostly","Deflect","Dodge and Roll"],"max_hp_per_floor":[63,63,63,63,63,63,63,63,63,63,63,63,63,63,63,63,63,63,31,31,31,31,33,33,33,33,33,33],"relics":["Ring of the Snake","Bag of Preparation","Kunai","Whetstone","Regal Pillow","Astrolabe","Singing Bowl","Shuriken","Bag of Marbles"],"card_choices":[{"not_picked":["Cloak And Dagger","Accuracy"],"picked":"Dagger Spray","floor":1},{"not_picked":["Dagger Spray","Underhanded Strike"],"picked":"Malaise","floor":2},{"not_picked":["Reflex","Deflect"],"picked":"Flying Knee","floor":4},{"not_picked":["Sucker Punch","Prepared"],"picked":"PiercingWail","floor":6},{"not_picked":["All Out Attack","Crippling Poison"],"picked":"Deflect","floor":8},{"not_picked":["Slice","Dodge and Roll"],"picked":"Burst","floor":10},{"not_picked":["PiercingWail","Masterful Stab"],"picked":"Quick Slash","floor":11},{"not_picked":["Expertise","Outmaneuver"],"picked":"Deflect","floor":12},{"not_picked":["Unload","Storm of Steel"],"picked":"Adrenaline","floor":16},{"not_picked":["Dagger Spray","All Out Attack"],"picked":"Backflip","floor":18},{"not_picked":["Backflip","Finisher"],"picked":"Deflect","floor":25}],"player_experience":108899,"potions_floor_usage":[16,23,25],"damage_taken":[{"damage":0,"enemies":"2 Louse","floor":1,"turns":4},{"damage":0,"enemies":"Small Slimes","floor":2,"turns":2},{"damage":0,"enemies":"Cultist","floor":4,"turns":5},{"damage":5,"enemies":"Red Slaver","floor":5,"turns":4},{"damage":15,"enemies":"Lagavulin","floor":6,"turns":10},{"damage":17,"enemies":"3 Sentries","floor":8,"turns":7},{"damage":0,"enemies":"Looter","floor":10,"turns":3},{"damage":7,"enemies":"Exordium Thugs","floor":11,"turns":5},{"damage":0,"enemies":"Large Slime","floor":12,"turns":6},{"damage":5,"enemies":"The Guardian","floor":16,"turns":15},{"damage":1,"enemies":"Shell Parasite","floor":18,"turns":5},{"damage":6,"enemies":"Slavers","floor":23,"turns":7},{"damage":17,"enemies":"Chosen","floor":25,"turns":7},{"damage":13,"enemies":"Snecko","floor":28,"turns":5}],"event_choices":[{"event_name":"Golden Wing","player_choice":"Card Removal","floor":13,"damage_taken":0},{"event_name":"Ghosts","player_choice":"Became a Ghost","floor":19,"damage_taken":0},{"event_name":"The Lab","player_choice":"Got Potions","floor":20,"damage_taken":0},{"event_name":"Drug Dealer","player_choice":"Ignored","floor":21,"damage_taken":0},{"event_name":"Back to Basics","player_choice":"Simplicity","floor":22,"damage_taken":0}],"boss_relics":[{"not_picked":["Orrery","Calling Bell"],"picked":"Astrolabe"}],"potions_floor_spawned":[2,5,6,12,18],"seed_played":"-4357525596730001942","killed_by":"Snecko","ascension_level":4,"is_trial":false}