{"path_per_floor":["M","?","$","?","M","E","?","M","T","R","?","E","M","E","R","B",null,"M","$","?","?","M","E","R","M","T","M","?","?","R","?","R"],"character_chosen":"IRONCLAD","items_purchased":["Offering","Twin Strike","Blood Vial","Orichalcum"],"gold_per_floor":[119,294,14,14,30,65,65,83,107,107,107,139,149,177,177,276,276,293,3,3,0,16,47,47,59,129,141,141,141,141,141,141,141],"floor_reached":33,"campfire_rested":1,"playtime":1162,"current_hp_per_floor":[62,62,62,50,55,45,50,52,52,52,52,53,47,65,65,37,85,81,81,81,81,85,43,68,85,85,85,69,69,69,69,69,0],"items_purged":["Doubt"],"gold":141,"score":295,"play_id":"c6dc39fa-edcc-4ab4-8d15-248a6d3245e8","local_time":"20180331212844","is_prod":false,"is_daily":false,"is_ascension_mode":true,"campfire_upgraded":4,"timestamp":1522546124,"path_taken":["M","?","$","?","?","E","?","M","T","R","?","E","M","E","R","BOSS","M","$","?","?","?","E","R","M","T","?","?","?","R","?","R","BOSS"],"build_version":"2018-03-29","purchased_purges":1,"victory":false,"master_deck":["Strike_R","Strike_R","Strike_R","Strike_R","Strike_R","Defend_R","Defend_R","Defend_R","Defend_R","Bash","Headbutt","Offering+1","Twin Strike","Whirlwind+1","Clothesline","Sword Boomerang","Shrug It Off","Armaments+1","Limit Break+1","Shrug It Off+1","Thunderclap","Clash","Reaper","Flex+1"],"max_hp_per_floor":[80,80,80,80,80,80,85,85,85,85,85,85,85,85,85,85,85,85,85,85,85,85,85,85,85,85,85,85,85,85,85,85,85],"relics":["Black Blood","Ornamental Fan","Lantern","Bag of Marbles","Magic Flower","Unceasing Top","Blood Vial","Orichalcum","Pen Nib","Pantograph","Oddly Smooth Stone"],"card_choices":[{"not_picked":["Body Slam","Havoc"],"picked":"Headbutt","floor":1},{"not_picked":["Twin Strike","Heavy Blade"],"picked":"Whirlwind","floor":6},{"not_picked":["Flame Barrier","Twin Strike"],"picked":"Clothesline","floor":8},{"not_picked":["Intimidate","Juggernaut"],"picked":"Sword Boomerang","floor":12},{"not_picked":["Infernal Blade","Sword Boomerang"],"picked":"Shrug It Off","floor":13},{"not_picked":["Infernal Blade","Headbutt"],"picked":"Armaments","floor":14},{"not_picked":["Brutality","Exhume"],"picked":"Limit Break","floor":16},{"not_picked":["Heavy Blade","Wild Strike"],"picked":"Shrug It Off","floor":18},{"not_picked":["Entrench","Anger"],"picked":"Clash","floor":22},{"not_picked":["Anger","Sword Boomerang"],"picked":"Reaper","floor":23},{"not_picked":["Havoc","Thunderclap"],"picked":"Flex","floor":25}],"player_experience":46782,"potions_floor_usage":[12,12,14,14,16,33],"damage_taken":[{"damage":24,"enemies":"Small Slimes","floor":1,"turns":5},{"damage":1,"enemies":"2 Louse","floor":5,"turns":2},{"damage":16,"enemies":"Gremlin Nob","floor":6,"turns":3},{"damage":4,"enemies":"Jaw Worm","floor":8,"turns":2},{"damage":11,"enemies":"3 Sentries","floor":12,"turns":3},{"damage":15,"enemies":"Exordium Thugs","floor":13,"turns":2},{"damage":6,"enemies":"Lagavulin","floor":14,"turns":4},{"damage":37,"enemies":"Hexaghost","floor":16,"turns":10},{"damage":19,"enemies":"Shell Parasite","floor":18,"turns":5},{"damage":4,"enemies":"3 Byrds","floor":22,"turns":3},{"damage":57,"enemies":"Book of Stabbing","floor":23,"turns":7},{"damage":4,"enemies":"3 Cultists","floor":25,"turns":2},{"damage":5,"enemies":"Chosen and Byrds","floor":27,"turns":4},{"damage":120,"enemies":"Automaton","floor":33,"turns":12}],"event_choices":[{"event_name":"Liars Game","player_choice":"agreed","floor":2,"damage_taken":0},{"event_name":"Scrap Ooze","player_choice":"success","floor":4,"damage_taken":12},{"event_name":"Big Fish","player_choice":"Donut","floor":7,"damage_taken":0},{"event_name":"Living Wall","player_choice":"Grow","floor":11,"damage_taken":0},{"event_name":"The Library","player_choice":"Read","floor":20,"damage_taken":0},{"event_name":"Masked Bandits","player_choice":"Paid Bandits 3 gold","floor":21,"damage_taken":0},{"event_name":"Cursed Tome","player_choice":"Obtained Book","floor":28,"damage_taken":0},{"event_name":"The Mausoleum","player_choice":"Yes","floor":29,"damage_taken":0},{"event_name":"Upgrade Shrine","player_choice":"Upgraded","floor":31,"damage_taken":0}],"boss_relics":[{"not_picked":["Snecko Eye","Eternal Feather"],"picked":"Black Blood"}],"potions_floor_spawned":[8,13,14,22,23,27],"seed_played":"6700390667622497057","killed_by":"Automaton","ascension_level":1,"is_trial":false}