{"gold_per_floor":[114,131,53,67,67,67,95,95,122,154,154,169,169,185,185,258,258,269,53,153,153,78,78,108,108,108,137,137,152,172,172,172,248,248,264,190,208,58,58,58,158,158,158,158,192,247,247,263,263,263,263,263,263,3,31,31],"floor_reached":56,"playtime":4102,"items_purged":["Strike_G+1","Masterful Stab"],"score":1884,"play_id":"56bdc741-a4dd-4b19-8d4c-95602a3b71b3","local_time":"20190128222718","is_ascension_mode":true,"campfire_choices":[{"data":"Dash","floor":6.0,"key":"SMITH"},{"data":"Crippling Poison","floor":11.0,"key":"SMITH"},{"data":"Malaise","floor":15.0,"key":"SMITH"},{"floor":23.0,"key":"REST"},{"floor":25.0,"key":"REST"},{"data":"Corpse Explosion","floor":28.0,"key":"SMITH"},{"floor":32.0,"key":"REST"},{"data":"Noxious Fumes","floor":40.0,"key":"SMITH"},{"data":"Footwork","floor":44.0,"key":"SMITH"},{"floor":47.0,"key":"RECALL"},{"floor":49.0,"key":"REST"},{"data":"Well Laid Plans","floor":53.0,"key":"SMITH"}],"neow_cost":"TEN_PERCENT_HP_LOSS","seed_source_timestamp":13213087666195,"circlet_count":0,"master_deck":["AscendersBane","Defend_G+1","Defend_G+1","Defend_G+1","Defend_G+1","Defend_G+1","Strike_G+1","Survivor","Neutralize","Leg Sweep+1","Malaise+1","Sucker Punch","Dash+1","Deadly Poison+1","Predator","Crippling Poison+1","Corpse Explosion+1","Dodge and Roll","Distraction+1","Noxious Fumes+1","Adrenaline","Well Laid Plans+1","PiercingWail+1","Footwork+1","Dark Shackles","PiercingWail","Dodge and Roll+1"],"special_seed":0,"relics":["Ring of the Snake","Mummified Hand","Oddly Smooth Stone","Centennial Puzzle","Velvet Choker","ClockworkSouvenir","Bird Faced Urn","Paper Crane","War Paint","Pear","Orichalcum","Runic Dome","Tough Bandages","Vajra","Boot","Incense Burner","Strawberry","Bottled Tornado"],"potions_floor_usage":[56,56],"damage_taken":[{"damage":2.0,"enemies":"Jaw Worm","floor":1.0,"turns":8.0},{"damage":2.0,"enemies":"Cultist","floor":2.0,"turns":5.0},{"damage":1.0,"enemies":"Small Slimes","floor":4.0,"turns":3.0},{"damage":28.0,"enemies":"3 Sentries","floor":7.0,"turns":16.0},{"damage":12.0,"enemies":"Lagavulin","floor":10.0,"turns":8.0},{"damage":0.0,"enemies":"Blue Slaver","floor":12.0,"turns":5.0},{"damage":0.0,"enemies":"Exordium Wildlife","floor":14.0,"turns":3.0},{"damage":6.0,"enemies":"Hexaghost","floor":16.0,"turns":12.0},{"damage":0.0,"enemies":"Spheric Guardian","floor":18.0,"turns":6.0},{"damage":0.0,"enemies":"Colosseum Slavers","floor":20.0,"turns":3.0},{"damage":21.0,"enemies":"Colosseum Nobs","floor":20.0,"turns":4.0},{"damage":5.0,"enemies":"Slavers","floor":24.0,"turns":4.0},{"damage":13.0,"enemies":"Gremlin Leader","floor":27.0,"turns":7.0},{"damage":4.0,"enemies":"2 Thieves","floor":29.0,"turns":3.0},{"damage":0.0,"enemies":"Centurion and Healer","floor":30.0,"turns":3.0},{"damage":15.0,"enemies":"Automaton","floor":33.0,"turns":11.0},{"damage":0.0,"enemies":"3 Shapes","floor":35.0,"turns":4.0},{"damage":16.0,"enemies":"3 Darklings","floor":37.0,"turns":3.0},{"damage":0.0,"enemies":"Mind Bloom Boss Battle","floor":41.0,"turns":7.0},{"damage":0.0,"enemies":"Reptomancer","floor":45.0,"turns":7.0},{"damage":18.0,"enemies":"2 Orb Walkers","floor":46.0,"turns":5.0},{"damage":0.0,"enemies":"Writhing Mass","floor":48.0,"turns":7.0},{"damage":18.0,"enemies":"Awakened One","floor":50.0,"turns":20.0},{"damage":17.0,"enemies":"Time Eater","floor":51.0,"turns":19.0},{"damage":20,"enemies":"Shield and Spear","floor":55,"turns":6},{"damage":67,"enemies":"The Heart","floor":56,"turns":15}],"seed_played":"8403681261331411144","potions_obtained":[{"floor":2.0,"key":"Weak Potion"},{"floor":7.0,"key":"Energy Potion"},{"floor":10.0,"key":"Regen Potion"},{"floor":12.0,"key":"Fire Potion"},{"floor":20.0,"key":"GhostInAJar"},{"floor":41.0,"key":"Dexterity Potion"}],"is_trial":false,"path_per_floor":["M","M","$","M","?","R","E","T","T","E","R","M","?","M","R","B",null,"M","$","?","?","?","R","E","R","T","E","R","M","M","?","R","B",null,"M","$","M","$","?","R","?","?","T","R","E","?","R","M","R","B","B",null,"R","$","E","B"],"character_chosen":"THE_SILENT","items_purchased":["Dash","ClockworkSouvenir","Well Laid Plans","Footwork","Strawberry"],"campfire_rested":4,"item_purchase_floors":[3,19,36,38,54],"current_hp_per_floor":[57,55,55,54,54,54,26,26,26,14,14,28,28,28,28,22,51,51,51,30,30,30,48,43,60,70,57,57,53,55,35,57,44,67,69,69,55,55,50,50,56,56,56,56,62,50,50,56,71,56,45,65,65,72,58,0],"gold":31,"neow_bonus":"TRANSFORM_TWO_CARDS","is_prod":false,"is_daily":false,"chose_seed":false,"campfire_upgraded":7,"win_rate":0,"timestamp":1548743238,"path_taken":["M","M","$","M","?","R","E","?","T","E","R","?","?","M","R","BOSS","M","$","?","?","?","R","E","R","T","E","R","M","?","?","R","BOSS","M","$","M","$","?","R","?","?","T","R","E","?","R","M","R","BOSS","BOSS","R","$","E","BOSS"],"build_version":"2019-01-23","purchased_purges":2,"victory":false,"max_hp_per_floor":[60,60,60,60,60,60,60,60,60,60,60,60,60,60,60,60,60,60,60,60,60,60,60,60,60,70,70,70,70,70,75,75,75,75,75,75,75,75,75,75,75,71,71,71,71,71,71,71,71,71,71,71,71,78,78,78],"card_choices":[{"not_picked":["Finisher","Deflect"],"picked":"Sucker Punch","floor":1.0},{"not_picked":["Calculated Gamble","Sucker Punch"],"picked":"Masterful Stab","floor":2.0},{"not_picked":["Underhanded Strike","Backflip"],"picked":"Deadly Poison","floor":4.0},{"not_picked":["Prepared","Outmaneuver"],"picked":"Predator","floor":7.0},{"not_picked":["Dagger Spray","Dagger Throw"],"picked":"Crippling Poison","floor":10.0},{"not_picked":["Bouncing Flask","Flying Knee","Outmaneuver"],"picked":"SKIP","floor":12.0},{"not_picked":["Underhanded Strike","Quick Slash","Unload"],"picked":"SKIP","floor":14.0},{"not_picked":["Night Terror","Doppelganger"],"picked":"Corpse Explosion","floor":16.0},{"not_picked":["Sucker Punch","Dagger Spray"],"picked":"Dodge and Roll","floor":18.0},{"not_picked":["Deadly Poison","Dash"],"picked":"Distraction+1","floor":24.0},{"not_picked":["Dagger Spray","Concentrate","Underhanded Strike"],"picked":"SKIP","floor":27.0},{"not_picked":["All Out Attack","Dodge and Roll"],"picked":"Noxious Fumes","floor":29.0},{"not_picked":["Riddle With Holes","Acrobatics","Skewer"],"picked":"SKIP","floor":30.0},{"not_picked":["Phantasmal Killer","Tools of the Trade"],"picked":"Adrenaline","floor":33.0},{"not_picked":["Flying Knee+1","Bane","Concentrate+1"],"picked":"SKIP","floor":35.0},{"not_picked":["Slice","Tactician"],"picked":"PiercingWail+1","floor":37.0},{"not_picked":["Impatience","Good Instincts"],"picked":"Dark Shackles","floor":39.0},{"not_picked":["Bane","Dagger Throw"],"picked":"PiercingWail","floor":45.0},{"not_picked":["PiercingWail+1","Concentrate"],"picked":"Dodge and Roll+1","floor":48.0},{"not_picked":["Choke","Endless Agony+1","Eviscerate"],"picked":"SKIP","floor":55}],"player_experience":1314126,"relics_obtained":[{"floor":7.0,"key":"Mummified Hand"},{"floor":9.0,"key":"Oddly Smooth Stone"},{"floor":10.0,"key":"Centennial Puzzle"},{"floor":20.0,"key":"Bird Faced Urn"},{"floor":20.0,"key":"Paper Crane"},{"floor":24.0,"key":"War Paint"},{"floor":26.0,"key":"Pear"},{"floor":27.0,"key":"Orichalcum"},{"floor":41.0,"key":"Tough Bandages"},{"floor":43.0,"key":"Vajra"},{"floor":45.0,"key":"Boot"},{"floor":46.0,"key":"Incense Burner"},{"floor":55,"key":"Bottled Tornado"}],"event_choices":[{"damage_healed":0.0,"max_hp_gain":0.0,"max_hp_loss":0.0,"gold_gain":0.0,"event_name":"Liars Game","player_choice":"Ignored","floor":5.0,"gold_loss":0.0,"damage_taken":0.0},{"damage_healed":0.0,"max_hp_gain":0.0,"max_hp_loss":0.0,"gold_gain":0.0,"event_name":"FaceTrader","player_choice":"Leave","floor":13.0,"gold_loss":0.0,"damage_taken":0.0},{"damage_healed":0.0,"max_hp_gain":0.0,"max_hp_loss":0.0,"gold_gain":0.0,"event_name":"Colosseum","player_choice":"Fight","floor":20.0,"gold_loss":0.0,"damage_taken":0.0},{"damage_healed":0.0,"max_hp_gain":0.0,"max_hp_loss":0.0,"gold_gain":0.0,"event_name":"Colosseum","player_choice":"Fought Nobs","floor":20.0,"gold_loss":0.0,"damage_taken":0.0},{"damage_healed":0.0,"max_hp_gain":0.0,"max_hp_loss":0.0,"gold_gain":0.0,"event_name":"Back to Basics","player_choice":"Simplicity","floor":21.0,"gold_loss":0.0,"damage_taken":0.0,"cards_upgraded":["Defend_G","Defend_G","Defend_G","Defend_G","Defend_G","Strike_G","Strike_G","Strike_G"]},{"cards_removed":["Strike_G"],"damage_healed":0.0,"max_hp_gain":0.0,"max_hp_loss":0.0,"gold_gain":0.0,"event_name":"Beggar","player_choice":"Gave Gold","floor":22.0,"gold_loss":75.0,"damage_taken":0.0},{"damage_healed":0.0,"max_hp_gain":5.0,"max_hp_loss":0.0,"gold_gain":0.0,"event_name":"Forgotten Altar","player_choice":"Shed Blood","floor":31.0,"gold_loss":0.0,"damage_taken":25.0},{"damage_healed":0.0,"max_hp_gain":0.0,"max_hp_loss":0.0,"gold_gain":0.0,"event_name":"SensoryStone","player_choice":"Memory 2","floor":39.0,"gold_loss":0.0,"damage_taken":5.0},{"damage_healed":0.0,"max_hp_gain":0.0,"max_hp_loss":0.0,"gold_gain":0.0,"event_name":"MindBloom","player_choice":"Fight","floor":41.0,"gold_loss":0.0,"damage_taken":0.0},{"damage_healed":0.0,"max_hp_gain":0.0,"max_hp_loss":4.0,"gold_gain":0.0,"event_name":"Winding Halls","player_choice":"Max HP","floor":42.0,"gold_loss":0.0,"damage_taken":0.0},{"damage_healed":0.0,"max_hp_gain":0.0,"max_hp_loss":0.0,"gold_gain":0.0,"event_name":"Mysterious Sphere","player_choice":"Fight","floor":46.0,"gold_loss":0.0,"damage_taken":0.0}],"is_beta":true,"boss_relics":[{"not_picked":["Astrolabe","WristBlade"],"picked":"Velvet Choker"},{"not_picked":["Tiny House","Lizard Tail"],"picked":"Runic Dome"}],"items_purged_floors":[38,54],"is_endless":false,"potions_floor_spawned":[2,7,10,12,20,20,30,35,41,45,48,55],"killed_by":"The Heart","ascension_level":20}