{"gold_per_floor":[110,125,125,135,115,115,135,148,172,172,184,184,209,10,10,109,109,128,53,29,63,18,37,63,63,63,63,76,42,69,81,81,81],"floor_reached":33,"playtime":1432,"items_purged":[],"score":519,"play_id":"47e92afa-0b17-4e9b-8bab-f06fcd68eb18","local_time":"20181209172221","is_ascension_mode":true,"campfire_choices":[{"data":"Gash","floor":6,"key":"SMITH"},{"floor":10,"key":"REST"},{"floor":12,"key":"REST"},{"floor":15,"key":"REST"},{"floor":25,"key":"REST"},{"data":"Apotheosis","floor":27,"key":"SMITH"},{"floor":32,"key":"REST"}],"neow_cost":"NONE","seed_source_timestamp":2067256867471618,"circlet_count":0,"master_deck":["AscendersBane","Strike_B","Defend_B","Defend_B","Defend_B","Zap+1","Dualcast+1","Steam+1","Gash+1","Beam Cell","Melter","Scrape","Leap","Sunder","Apotheosis+1","Streamline","Electrodynamics","Static Discharge+1","Self Repair+1","Heatsinks+1","Reinforced Body","Ball Lightning","Gash+1","Stack","Go for the Eyes+1","All For One","Redo","FTL","Genetic Algorithm","BootSequence+1"],"relics":["Cracked Core","Centennial Puzzle","Anchor","Astrolabe","Red Mask","Bag of Marbles","Molten Egg 2"],"potions_floor_usage":[13,33],"damage_taken":[{"damage":0,"enemies":"2 Louse","floor":1,"turns":3},{"damage":1,"enemies":"Cultist","floor":2,"turns":3},{"damage":12,"enemies":"Jaw Worm","floor":4,"turns":2},{"damage":15,"enemies":"Exordium Wildlife","floor":7,"turns":4},{"damage":8,"enemies":"Exordium Thugs","floor":8,"turns":4},{"damage":11,"enemies":"Lots of Slimes","floor":11,"turns":3},{"damage":20,"enemies":"Lagavulin","floor":13,"turns":3},{"damage":0,"enemies":"Slime Boss","floor":16,"turns":6},{"damage":0,"enemies":"Spheric Guardian","floor":18,"turns":3},{"damage":2,"enemies":"Masked Bandits","floor":21,"turns":2},{"damage":3,"enemies":"2 Thieves","floor":23,"turns":3},{"damage":52,"enemies":"Book of Stabbing","floor":24,"turns":5},{"damage":12,"enemies":"Centurion and Healer","floor":28,"turns":5},{"damage":23,"enemies":"Gremlin Leader","floor":30,"turns":4},{"damage":0,"enemies":"Cultist and Chosen","floor":31,"turns":4},{"damage":54,"enemies":"Automaton","floor":33,"turns":8}],"seed_played":"5927811256529340084","potions_obtained":[{"floor":2,"key":"GamblersBrew"},{"floor":5,"key":"SpeedPotion"},{"floor":7,"key":"Ancient Potion"},{"floor":11,"key":"Fire Potion"},{"floor":13,"key":"Ancient Potion"}],"is_trial":false,"path_per_floor":["M","M","?","M","?","R","M","M","T","R","M","R","E","$","R","B",null,"M","?","$","?","$","M","E","R","T","R","M","$","E","M","R","B"],"character_chosen":"DEFECT","items_purchased":["Apotheosis","Streamline","Ball Lightning","Stack","FTL"],"campfire_rested":5,"item_purchase_floors":[14,14,20,22,29],"current_hp_per_floor":[68,67,52,40,40,40,25,17,17,39,28,50,30,30,52,52,69,75,75,75,73,73,75,33,55,55,55,43,43,20,30,52,0],"gold":81,"neow_bonus":"UPGRADE_CARD","is_prod":false,"is_daily":false,"chose_seed":false,"campfire_upgraded":2,"win_rate":0,"timestamp":1544394141,"path_taken":["M","M","?","M","?","R","M","M","T","R","?","R","E","?","R","BOSS","M","?","$","?","?","M","E","R","T","R","?","?","E","M","R","BOSS"],"build_version":"2018-12-06","purchased_purges":0,"victory":false,"max_hp_per_floor":[75,75,75,75,75,75,75,75,75,75,75,75,75,75,75,75,75,75,75,75,75,75,75,75,75,75,75,75,75,75,75,75,75],"card_choices":[{"not_picked":["Cold Snap","Sweeping Beam"],"picked":"Steam","floor":1},{"not_picked":["Rebound","Leap"],"picked":"Gash","floor":2},{"not_picked":["Lockon","Turbo"],"picked":"Beam Cell","floor":4},{"not_picked":["Darkness","Streamline"],"picked":"Melter","floor":7},{"not_picked":["Defragment","Hyperbeam"],"picked":"Scrape","floor":8},{"not_picked":["BootSequence","Barrage"],"picked":"Leap","floor":11},{"not_picked":["Static Discharge","Conserve Battery"],"picked":"Sunder","floor":13},{"not_picked":["Multi-Cast","Amplify"],"picked":"Electrodynamics","floor":16},{"not_picked":["Force Field","Redo"],"picked":"Reinforced Body","floor":18},{"not_picked":["Conserve Battery","Leap"],"picked":"Gash+1","floor":21},{"not_picked":["Beam Cell","Leap"],"picked":"Go for the Eyes+1","floor":23},{"not_picked":["Compile Driver+1","Redo"],"picked":"All For One","floor":24},{"not_picked":["Conserve Battery","Turbo"],"picked":"Redo","floor":28},{"not_picked":["Chaos+1","Stack"],"picked":"Genetic Algorithm","floor":30},{"not_picked":["Redo+1","Hello World"],"picked":"BootSequence+1","floor":31}],"player_experience":963946,"relics_obtained":[{"floor":9,"key":"Centennial Puzzle"},{"floor":13,"key":"Anchor"},{"floor":21,"key":"Red Mask"},{"floor":24,"key":"Bag of Marbles"},{"floor":30,"key":"Molten Egg 2"}],"event_choices":[{"damage_healed":0,"gold_gain":0,"player_choice":"Entered Light","damage_taken":15,"max_hp_gain":0,"max_hp_loss":0,"event_name":"Shining Light","floor":3,"gold_loss":0,"cards_upgraded":["Steam","Dualcast"]},{"damage_healed":0,"gold_gain":0,"player_choice":"Bought 1 Potion","damage_taken":0,"max_hp_gain":0,"max_hp_loss":0,"event_name":"The Woman in Blue","floor":5,"gold_loss":0},{"cards_removed":["Strike_B"],"damage_healed":0,"gold_gain":0,"player_choice":"Gave Gold","damage_taken":0,"max_hp_gain":0,"max_hp_loss":0,"event_name":"Beggar","floor":19,"gold_loss":75},{"damage_healed":0,"gold_gain":0,"player_choice":"Fought Bandits","damage_taken":0,"max_hp_gain":0,"max_hp_loss":0,"event_name":"Masked Bandits","floor":21,"gold_loss":0}],"is_beta":true,"boss_relics":[{"not_picked":["White Beast Statue","Empty Cage"],"picked":"Astrolabe"}],"items_purged_floors":[],"is_endless":false,"potions_floor_spawned":[2,7,11,13,18,24,28,30],"killed_by":"Automaton","ascension_level":11}