{"path_per_floor":["M","M","?","$","M","E","R","E","T","R","M","R","M","E","R","B",null,"M","?","$","?","M","R","M","M","T","?","?","$","M"],"character_chosen":"IRONCLAD","items_purchased":["Whetstone","Armaments","Pen Nib","Rage"],"gold_per_floor":[116,128,128,128,148,181,181,211,211,211,221,221,236,268,268,364,364,380,380,22,22,36,36,50,66,116,41,141,102,122,122],"floor_reached":31,"campfire_rested":5,"playtime":1046,"current_hp_per_floor":[80,80,80,80,71,29,53,31,31,55,48,72,69,50,74,17,80,74,74,74,74,49,73,65,59,59,59,59,59,32,0],"items_purged":[],"gold":122,"score":306,"play_id":"0e0e2889-5c96-45de-9ed8-2d903d4d437f","local_time":"20180410232456","is_prod":false,"is_daily":false,"chose_seed":false,"is_ascension_mode":true,"campfire_upgraded":0,"timestamp":1523417096,"path_taken":["M","M","?","?","M","E","R","E","T","R","M","R","M","E","R","BOSS","M","?","$","?","M","R","M","M","T","?","?","?","?","E"],"build_version":"2018-04-10","seed_source_timestamp":276228663211263,"purchased_purges":0,"victory":false,"master_deck":["Bash+1","Bludgeon","Bloodletting","True Grit+1","Flame Barrier","Thunderclap","Shockwave","Uppercut+1","Feel No Pain+1","Juggernaut+1","Anger","Cleave","Havoc","Havoc","Disarm","Clash","Dual Wield","Body Slam","Body Slam","Feel No Pain+1","Armaments","Infernal Blade+1","Inflame+1","Rage","Immolate"],"max_hp_per_floor":[80,80,80,80,80,80,80,80,80,80,80,80,80,80,80,80,80,80,80,80,80,80,80,80,80,80,80,80,80,80,80],"relics":["Burning Blood","Letter Opener","Frozen Egg 2","Darkstone Periapt","War Paint","Pandora\u0027s Box","Whetstone","Pen Nib","Prayer Wheel"],"card_choices":[{"not_picked":["Perfected Strike","Burning Pact"],"picked":"Bloodletting","floor":1},{"not_picked":["Twin Strike","Hemokinesis"],"picked":"True Grit","floor":2},{"not_picked":["Twin Strike","Impervious"],"picked":"Flame Barrier","floor":5},{"not_picked":["Body Slam","Twin Strike"],"picked":"Thunderclap","floor":6},{"not_picked":["Pummel","Body Slam"],"picked":"Shockwave","floor":8},{"not_picked":["Clothesline","Anger"],"picked":"Uppercut","floor":11},{"not_picked":["Heavy Blade","Thunderclap"],"picked":"Havoc","floor":13},{"not_picked":["Anger","Flex"],"picked":"Feel No Pain","floor":14},{"not_picked":["Feed","Limit Break"],"picked":"Juggernaut","floor":16},{"not_picked":["Cleave","Seeing Red"],"picked":"Body Slam","floor":18},{"not_picked":["Entrench","Hemokinesis"],"picked":"Infernal Blade","floor":22},{"not_picked":["Perfected Strike","Headbutt"],"picked":"Inflame","floor":25},{"not_picked":["Cleave","Hemokinesis"],"picked":"Immolate","floor":30}],"player_experience":165740,"potions_floor_usage":[8,18,22,30],"damage_taken":[{"damage":6,"enemies":"2 Louse","floor":1,"turns":3},{"damage":6,"enemies":"Small Slimes","floor":2,"turns":2},{"damage":15,"enemies":"Jaw Worm","floor":5,"turns":2},{"damage":48,"enemies":"Lagavulin","floor":6,"turns":6},{"damage":28,"enemies":"Gremlin Nob","floor":8,"turns":5},{"damage":13,"enemies":"Exordium Thugs","floor":11,"turns":4},{"damage":9,"enemies":"Looter","floor":13,"turns":3},{"damage":25,"enemies":"3 Sentries","floor":14,"turns":6},{"damage":63,"enemies":"Hexaghost","floor":16,"turns":14},{"damage":12,"enemies":"Chosen","floor":18,"turns":6},{"damage":31,"enemies":"3 Byrds","floor":22,"turns":4},{"damage":14,"enemies":"Sentry and Sphere","floor":24,"turns":3},{"damage":12,"enemies":"Snake Plant","floor":25,"turns":4},{"damage":33,"enemies":"Chosen and Byrds","floor":30,"turns":5},{"damage":38,"enemies":"Book of Stabbing","floor":31,"turns":2}],"event_choices":[{"event_name":"Liars Game","player_choice":"disagreed","floor":3,"damage_taken":0},{"event_name":"Duplicator","player_choice":"One dupe","floor":19,"damage_taken":0},{"event_name":"Purifier","player_choice":"One Purge","floor":21,"damage_taken":0},{"event_name":"Beggar","player_choice":"Gave Gold","floor":27,"damage_taken":0},{"event_name":"Golden Shrine","player_choice":"Pray","floor":28,"damage_taken":0}],"boss_relics":[{"not_picked":["Tiny House","Eternal Feather"],"picked":"Pandora\u0027s Box"}],"potions_floor_spawned":[1,6,16,18,24,25],"seed_played":"-4875888823843647869","killed_by":"Book of Stabbing","ascension_level":4,"is_trial":false}