{"path_per_floor":["M","M","M","?","M","R","E","R","T","M","$","M","M","M","R","B",null,"M","M","?","?","?","E","R","E","T","R","M","E","$","E","R"],"character_chosen":"THE_SILENT","items_purchased":["Glass Knife","Cloak And Dagger","Burst","Bronze Scales"],"gold_per_floor":[114,127,140,140,155,155,185,185,185,198,22,35,46,64,64,162,162,174,188,188,188,188,218,218,244,267,267,286,313,24,56,56,56],"floor_reached":33,"campfire_rested":3,"playtime":1854,"item_purchase_floors":[11,11,30,30],"current_hp_per_floor":[63,63,45,45,43,64,5,26,26,33,33,43,42,41,62,23,58,50,43,43,35,35,26,26,20,20,34,30,25,25,25,25,0],"items_purged":[],"gold":56,"score":560,"play_id":"0e9ff57a-d742-4c5e-90b3-51884ff2e6b1","local_time":"20180603203911","is_prod":false,"is_daily":false,"chose_seed":true,"is_ascension_mode":true,"campfire_upgraded":0,"win_rate":0,"timestamp":1528072751,"campfire_choices":[{"floor":6,"key":"REST"},{"floor":8,"key":"REST"},{"floor":15,"key":"REST"},{"floor":24,"key":"DIG"},{"floor":27,"key":"DIG"},{"floor":32,"key":"DIG"}],"path_taken":["M","M","M","?","M","R","E","R","T","M","$","M","?","?","R","BOSS","M","M","?","?","?","E","R","E","T","R","M","E","$","E","R","BOSS"],"build_version":"2018-05-30v2","seed_source_timestamp":33244250629246,"purchased_purges":0,"victory":false,"master_deck":["Defend_G","Defend_G","Defend_G","Defend_G","Defend_G","Strike_G","Strike_G","Strike_G","Strike_G","Survivor","Neutralize","Backflip","Wraith Form v2+1","Quick Slash","Dodge and Roll","Skewer","Noxious Fumes","Glass Knife","Cloak And Dagger","Malaise","Malaise","Slice","Phantasmal Killer","Setup+1","PiercingWail+1","Ghostly","Ghostly","Ghostly","Ghostly","Ghostly","Deadly Poison+1","Night Terror","Backflip","Noxious Fumes","Blade Dance","Burst","Bouncing Flask"],"max_hp_per_floor":[70,70,70,70,70,70,70,70,70,70,70,70,70,70,70,70,70,70,70,70,35,35,35,35,35,35,49,49,49,49,49,49,49],"relics":["Ring of the Snake","Boot","Ninja Scroll","Meat on the Bone","Sozu","Shovel","Bottled Flame","Orichalcum","War Paint","Mango","Dream Catcher","Bronze Scales","Darkstone Periapt","Toxic Egg 2"],"card_choices":[{"not_picked":["Deflect","Accuracy"],"picked":"Backflip","floor":1},{"not_picked":["Dodge and Roll","Prepared"],"picked":"Wraith Form v2","floor":2},{"not_picked":["Acrobatics","Deflect"],"picked":"Quick Slash","floor":3},{"not_picked":["Accuracy","Deadly Poison"],"picked":"Dodge and Roll","floor":5},{"not_picked":["Dagger Throw","Prepared"],"picked":"Skewer","floor":7},{"not_picked":["Underhanded Strike","Cloak And Dagger"],"picked":"Noxious Fumes","floor":10},{"not_picked":["Crippling Poison","Flying Knee"],"picked":"Malaise","floor":12},{"not_picked":["Deadly Poison","Concentrate"],"picked":"Malaise","floor":13},{"not_picked":["Bane","Prepared"],"picked":"Slice","floor":14},{"not_picked":["Unload","Tactician"],"picked":"Phantasmal Killer","floor":16},{"not_picked":["Deadly Poison","Distraction+1"],"picked":"Setup+1","floor":18},{"not_picked":["Eviscerate","Prepared+1"],"picked":"PiercingWail","floor":19},{"not_picked":["Backflip","Flying Knee"],"picked":"Night Terror","floor":23},{"not_picked":["Corpse Explosion","Reflex"],"picked":"Backflip","floor":25},{"not_picked":["Slice","Skewer"],"picked":"Noxious Fumes","floor":28},{"not_picked":["Deflect","Crippling Poison+1"],"picked":"Blade Dance","floor":29},{"not_picked":["Dodge and Roll+1","Dagger Throw"],"picked":"Bouncing Flask","floor":31}],"player_experience":390059,"potions_floor_usage":[3,14,23],"damage_taken":[{"damage":0,"enemies":"2 Louse","floor":1,"turns":4},{"damage":0,"enemies":"Cultist","floor":2,"turns":4},{"damage":18,"enemies":"Jaw Worm","floor":3,"turns":7},{"damage":2,"enemies":"Red Slaver","floor":5,"turns":5},{"damage":59,"enemies":"Lagavulin","floor":7,"turns":10},{"damage":5,"enemies":"Gremlin Gang","floor":10,"turns":4},{"damage":2,"enemies":"Exordium Thugs","floor":12,"turns":5},{"damage":1,"enemies":"Large Slime","floor":13,"turns":5},{"damage":1,"enemies":"3 Louse","floor":14,"turns":3},{"damage":51,"enemies":"Hexaghost","floor":16,"turns":14},{"damage":8,"enemies":"Spheric Guardian","floor":18,"turns":5},{"damage":7,"enemies":"Shell Parasite","floor":19,"turns":6},{"damage":9,"enemies":"Slavers","floor":23,"turns":10},{"damage":6,"enemies":"Gremlin Leader","floor":25,"turns":11},{"damage":4,"enemies":"Snecko","floor":28,"turns":6},{"damage":5,"enemies":"Book of Stabbing","floor":29,"turns":9},{"damage":0,"enemies":"Slavers","floor":31,"turns":6},{"damage":38,"enemies":"Automaton","floor":33,"turns":14}],"relics_obtained":[{"floor":7,"key":"Ninja Scroll"},{"floor":9,"key":"Meat on the Bone"},{"floor":23,"key":"Shovel"},{"floor":24,"key":"Bottled Flame"},{"floor":25,"key":"Orichalcum"},{"floor":26,"key":"War Paint"},{"floor":27,"key":"Mango"},{"floor":29,"key":"Dream Catcher"},{"floor":31,"key":"Darkstone Periapt"},{"floor":32,"key":"Toxic Egg 2"}],"event_choices":[{"event_name":"Upgrade Shrine","player_choice":"Upgraded","floor":4,"damage_taken":0},{"event_name":"Drug Dealer","player_choice":"Ignored","floor":20,"damage_taken":0},{"event_name":"Ghosts","player_choice":"Became a Ghost","floor":21,"damage_taken":0},{"event_name":"Transmorgrifier","player_choice":"Transform","floor":22,"damage_taken":0}],"boss_relics":[{"not_picked":["Eternal Feather","Runic Pyramid"],"picked":"Sozu"}],"items_purged_floors":[],"potions_floor_spawned":[2,12,13,14,18,23,29],"seed_played":"-8623042705149605899","killed_by":"Automaton","ascension_level":9,"potions_obtained":[{"floor":2,"key":"PowerPotion"},{"floor":12,"key":"SpeedPotion"},{"floor":13,"key":"Ancient Potion"},{"floor":14,"key":"GamblersBrew"}],"is_trial":false}