{"gold_per_floor":[115,115,115,190,155,155,184,184,184,199,199,217,10,24,24,127,127,137,236,251,301,29,29,59,59,59,59,79,89,101,101,101,197,197,217,41,61,61,161,161,161],"floor_reached":41,"playtime":1735,"items_purged":["Strike_G","Strike_G"],"score":631,"play_id":"ff03c170-8353-4cc0-90c9-e7b34ebe062b","local_time":"20190202025759","is_ascension_mode":true,"campfire_choices":[{"data":"Neutralize","floor":6.0,"key":"SMITH"},{"floor":8.0,"key":"REST"},{"data":"Noxious Fumes","floor":11.0,"key":"SMITH"},{"floor":15.0,"key":"REST"},{"floor":23.0,"key":"REST"},{"floor":25.0,"key":"REST"},{"floor":27.0,"key":"REST"},{"data":"Noxious Fumes","floor":32.0,"key":"SMITH"},{"data":"Footwork","floor":40,"key":"SMITH"}],"neow_cost":"NONE","seed_source_timestamp":0,"circlet_count":0,"master_deck":["AscendersBane","Defend_G","Defend_G","Defend_G","Defend_G","Defend_G","Strike_G","Strike_G","Strike_G","Survivor","Neutralize+1","Dagger Throw","Cloak And Dagger","Noxious Fumes+1","Dagger Spray","Predator","Deadly Poison","Well Laid Plans","Bullet Time","Crippling Poison","Noxious Fumes+1","PiercingWail","Corpse Explosion","Tools of the Trade","Footwork+1","PiercingWail+1"],"special_seed":0,"relics":["Ring of the Snake","Sundial","Turnip","White Beast Statue","Anchor","Question Card","Meat on the Bone","Eternal Feather","Thread and Needle"],"potions_floor_usage":[33,35,41,41,41],"damage_taken":[{"damage":6.0,"enemies":"Jaw Worm","floor":1.0,"turns":6.0},{"damage":39.0,"enemies":"3 Sentries","floor":7.0,"turns":14.0},{"damage":0.0,"enemies":"Small Slimes","floor":10.0,"turns":3.0},{"damage":11.0,"enemies":"2 Louse","floor":12.0,"turns":3.0},{"damage":8.0,"enemies":"Looter","floor":14.0,"turns":3.0},{"damage":53.0,"enemies":"Slime Boss","floor":16.0,"turns":11.0},{"damage":25.0,"enemies":"Chosen","floor":18.0,"turns":5.0},{"damage":19.0,"enemies":"Spheric Guardian","floor":20.0,"turns":8.0},{"damage":28.0,"enemies":"Slavers","floor":24.0,"turns":5.0},{"damage":31.0,"enemies":"Snake Plant","floor":28.0,"turns":7.0},{"damage":19.0,"enemies":"Snecko","floor":29.0,"turns":6.0},{"damage":7.0,"enemies":"Shelled Parasite and Fungi","floor":30.0,"turns":5.0},{"damage":64,"enemies":"Collector","floor":33,"turns":9},{"damage":16,"enemies":"Orb Walker","floor":35,"turns":5},{"damage":0,"enemies":"3 Shapes","floor":37,"turns":5},{"damage":6,"enemies":"Mind Bloom Boss Battle","floor":39,"turns":9},{"damage":72,"enemies":"Reptomancer","floor":41,"turns":6}],"seed_played":"-4189223254251700120","potions_obtained":[{"floor":14.0,"key":"GamblersBrew"},{"floor":18.0,"key":"Strength Potion"},{"floor":20.0,"key":"LiquidBronze"},{"floor":24.0,"key":"Poison Potion"},{"floor":28.0,"key":"Fire Potion"},{"floor":30.0,"key":"PowerPotion"},{"floor":33,"key":"GamblersBrew"},{"floor":35,"key":"Ancient Potion"},{"floor":37,"key":"EntropicBrew"}],"is_trial":false,"path_per_floor":["M","?","?","?","?","R","E","R","T","M","R","M","$","M","R","B",null,"M","?","M","?","$","R","E","R","T","R","M","M","M","?","R","B",null,"M","$","M","?","?","R","E"],"character_chosen":"THE_SILENT","items_purchased":["Predator","Deadly Poison","Noxious Fumes","Anchor","PiercingWail","Footwork"],"campfire_rested":5,"item_purchase_floors":[13,13,22,22,22,36],"current_hp_per_floor":[64,69,69,58,78,78,39,63,63,63,63,52,52,44,68,15,65,40,40,21,21,21,45,17,41,41,65,46,39,44,71,71,19,66,50,50,50,50,44,59,0],"gold":161,"neow_bonus":"TEN_PERCENT_HP_BONUS","is_prod":false,"is_daily":false,"chose_seed":false,"campfire_upgraded":4,"win_rate":0,"timestamp":1549094279,"path_taken":["M","?","?","?","?","R","E","R","T","M","R","M","?","M","R","BOSS","M","?","M","?","$","R","E","R","T","R","M","?","M","?","R","BOSS","M","$","M","?","?","R","E"],"build_version":"2019-01-23","purchased_purges":2,"victory":false,"max_hp_per_floor":[77,82,82,82,82,82,82,82,82,82,82,82,82,82,82,82,82,82,82,82,82,82,82,82,82,82,82,82,82,82,82,82,82,82,82,82,82,78,78,78,78],"card_choices":[{"not_picked":["Deflect","Sucker Punch"],"picked":"Dagger Throw","floor":1.0},{"not_picked":["Quick Slash","Poisoned Stab"],"picked":"Cloak And Dagger","floor":7.0},{"not_picked":["Grand Finale","Masterful Stab"],"picked":"Noxious Fumes","floor":10.0},{"not_picked":["Flying Knee","Backflip"],"picked":"Dagger Spray","floor":12.0},{"not_picked":["Flechettes","Blade Dance"],"picked":"Well Laid Plans","floor":14.0},{"not_picked":["Storm of Steel","A Thousand Cuts"],"picked":"Bullet Time","floor":16.0},{"not_picked":["Quick Slash+1","Tactician","Deadly Poison"],"picked":"SKIP","floor":18.0},{"not_picked":["All Out Attack+1","Cloak And Dagger"],"picked":"Crippling Poison","floor":20.0},{"not_picked":["Die Die Die","Dagger Spray"],"picked":"Corpse Explosion","floor":24.0},{"not_picked":["Bane+1","Deadly Poison","Cloak And Dagger","Poisoned Stab"],"picked":"SKIP","floor":28.0},{"not_picked":["Underhanded Strike","Tactician","Prepared","Reflex"],"picked":"SKIP","floor":29.0},{"not_picked":["Prepared","Riddle With Holes+1","Concentrate","Blade Dance+1"],"picked":"SKIP","floor":30.0},{"not_picked":["Venomology","Unload","Storm of Steel"],"picked":"Tools of the Trade","floor":33},{"not_picked":["Crippling Poison","Dagger Throw","Deflect","Eviscerate+1"],"picked":"SKIP","floor":35},{"not_picked":["Underhanded Strike+1","Sucker Punch+1","Blade Dance"],"picked":"PiercingWail+1","floor":37}],"player_experience":212025,"relics_obtained":[{"floor":7.0,"key":"Sundial"},{"floor":9.0,"key":"Turnip"},{"floor":24.0,"key":"Question Card"},{"floor":26.0,"key":"Meat on the Bone"},{"floor":39,"key":"Thread and Needle"}],"event_choices":[{"damage_healed":0.0,"max_hp_gain":5.0,"max_hp_loss":0.0,"gold_gain":0.0,"event_name":"Big Fish","player_choice":"Donut","floor":2.0,"gold_loss":0.0,"damage_taken":0.0},{"damage_healed":0.0,"max_hp_gain":0.0,"max_hp_loss":0.0,"gold_gain":0.0,"event_name":"Shining Light","player_choice":"Ignored","floor":3.0,"gold_loss":0.0,"damage_taken":0.0},{"damage_healed":0.0,"max_hp_gain":0.0,"max_hp_loss":0.0,"gold_gain":75.0,"event_name":"World of Goop","player_choice":"Gather Gold","floor":4.0,"gold_loss":0.0,"damage_taken":11.0},{"damage_healed":20.0,"max_hp_gain":0.0,"max_hp_loss":0.0,"gold_gain":0.0,"event_name":"The Cleric","player_choice":"Healed","floor":5.0,"gold_loss":35.0,"damage_taken":0.0},{"damage_healed":0.0,"max_hp_gain":0.0,"max_hp_loss":0.0,"gold_gain":99.0,"event_name":"Nest","player_choice":"Stole From Cult","floor":19.0,"gold_loss":0.0,"damage_taken":0.0},{"damage_healed":0.0,"max_hp_gain":0.0,"max_hp_loss":0.0,"gold_gain":100.0,"event_name":"The Joust","player_choice":"Bet on Murderer","floor":21.0,"gold_loss":50.0,"damage_taken":0.0},{"damage_healed":27.0,"max_hp_gain":0.0,"max_hp_loss":0.0,"gold_gain":0.0,"event_name":"The Library","player_choice":"Heal","floor":31.0,"gold_loss":0.0,"damage_taken":0.0},{"damage_healed":0,"gold_gain":0,"player_choice":"Max HP","damage_taken":0,"max_hp_gain":0,"max_hp_loss":4,"event_name":"Winding Halls","floor":38,"gold_loss":0},{"damage_healed":0,"gold_gain":0,"player_choice":"Fight","damage_taken":0,"max_hp_gain":0,"max_hp_loss":0,"event_name":"MindBloom","floor":39,"gold_loss":0}],"is_beta":false,"boss_relics":[{"not_picked":["Busted Crown","Runic Dome"],"picked":"White Beast Statue"},{"not_picked":["Empty Cage","Ring of the Serpent"],"picked":"Eternal Feather"}],"items_purged_floors":[13,36],"is_endless":false,"potions_floor_spawned":[14,18,20,24,28,29,30,33,35,37,39],"killed_by":"Reptomancer","ascension_level":11}