{"gold_per_floor":[213,11,24,24,24,24,68,68,120,139,139,178,178,191,191,316,316,335,46,46,1,1,1,1,1,1,1,22,36,74,93,93,218,218,236,361,361,380,0,0,19,37,63,63,84,115,35,60,60,60],"floor_reached":50,"playtime":2475,"items_purged":["Strike_G","Strike_G"],"score":852,"play_id":"c2814bfc-69d7-4fde-8705-4872d4483359","local_time":"20190203115622","is_ascension_mode":true,"campfire_choices":[{"data":"Neutralize","floor":6.0,"key":"SMITH"},{"floor":8.0,"key":"REST"},{"data":"Dagger Spray","floor":11.0,"key":"SMITH"},{"floor":13.0,"key":"REST"},{"data":"Terror","floor":15.0,"key":"SMITH"},{"floor":23.0,"key":"REST"},{"floor":25.0,"key":"REST"},{"floor":27.0,"key":"RECALL"},{"floor":32.0,"key":"REST"},{"floor":40.0,"key":"DIG"},{"floor":44.0,"key":"REST"},{"floor":49,"key":"REST"}],"neow_cost":"NONE","seed_source_timestamp":571373637893879,"circlet_count":0,"master_deck":["Defend_G","Defend_G","Defend_G","Defend_G","Defend_G","Strike_G","Survivor","Neutralize+1","Dagger Spray+1","Dash","PiercingWail","Skewer+1","Masterful Stab","Terror+1","PiercingWail","Die Die Die","Deflect+1","Well Laid Plans","Backstab","Escape Plan","Neutralize","PiercingWail","Prepared","Backstab","Caltrops","Expertise","Wraith Form v2","Deadly Poison+1","A Thousand Cuts","Well Laid Plans","Dodge and Roll+1","Blur","Noxious Fumes","Acrobatics+1","Venomology","PiercingWail+1","Caltrops","Leg Sweep+1"],"special_seed":0,"relics":["Ring of the Snake","Golden Idol","Matryoshka","Blood Vial","Lantern","Orichalcum","Fusion Hammer","Pen Nib","Gambling Chip","Bronze Scales","Lizard Tail","Shovel","OrangePellets","Vajra","Paper Crane","Nunchaku"],"potions_floor_usage":[46,46,48,50,50],"damage_taken":[{"damage":1.0,"enemies":"2 Louse","floor":1.0,"turns":3.0},{"damage":0.0,"enemies":"Cultist","floor":3.0,"turns":4.0},{"damage":40.0,"enemies":"Lagavulin","floor":7.0,"turns":8.0},{"damage":1.0,"enemies":"Jaw Worm","floor":10.0,"turns":3.0},{"damage":16.0,"enemies":"Gremlin Nob","floor":12.0,"turns":3.0},{"damage":0.0,"enemies":"Gremlin Gang","floor":14.0,"turns":2.0},{"damage":0.0,"enemies":"Hexaghost","floor":16.0,"turns":8.0},{"damage":6.0,"enemies":"Spheric Guardian","floor":18.0,"turns":4.0},{"damage":5.0,"enemies":"Chosen","floor":28.0,"turns":5.0},{"damage":1.0,"enemies":"Centurion and Healer","floor":29.0,"turns":4.0},{"damage":0.0,"enemies":"Gremlin Leader","floor":30.0,"turns":1.0},{"damage":7.0,"enemies":"Snake Plant","floor":31.0,"turns":3.0},{"damage":50.0,"enemies":"Champ","floor":33.0,"turns":10.0},{"damage":10.0,"enemies":"3 Shapes","floor":35.0,"turns":5.0},{"damage":0.0,"enemies":"Mind Bloom Boss Battle","floor":36.0,"turns":3.0},{"damage":1.0,"enemies":"3 Darklings","floor":38.0,"turns":3.0},{"damage":38.0,"enemies":"Writhing Mass","floor":41.0,"turns":5.0},{"damage":4.0,"enemies":"Transient","floor":42.0,"turns":5.0},{"damage":8.0,"enemies":"4 Shapes","floor":45.0,"turns":6.0},{"damage":8,"enemies":"Reptomancer","floor":46,"turns":6},{"damage":11,"enemies":"Maw","floor":48,"turns":7},{"damage":66,"enemies":"Donu and Deca","floor":50,"turns":11}],"seed_played":"-4966759196399664933","potions_obtained":[{"floor":3.0,"key":"Explosive Potion"},{"floor":7.0,"key":"Poison Potion"},{"floor":10.0,"key":"PowerPotion"},{"floor":12.0,"key":"Ancient Potion"},{"floor":28.0,"key":"Strength Potion"},{"floor":30.0,"key":"LiquidBronze"},{"floor":33.0,"key":"SteroidPotion"},{"floor":36.0,"key":"FearPotion"},{"floor":38.0,"key":"AttackPotion"},{"floor":42.0,"key":"GamblersBrew"},{"floor":46,"key":"Ancient Potion"}],"is_trial":false,"path_per_floor":["M","$","M","?","?","R","E","R","T","M","R","E","R","M","R","B",null,"M","$","?","$","?","R","?","R","T","R","M","M","E","M","R","B",null,"M","?","?","M","$","R","M","M","T","R","M","E","$","M","R","B"],"character_chosen":"THE_SILENT","items_purchased":["Dash","PiercingWail","Well Laid Plans","Backstab","Escape Plan","PiercingWail","OrangePellets","Noxious Fumes","Vajra","Caltrops"],"campfire_rested":7,"item_purchase_floors":[2,2,19,19,19,21,39,39,39,47],"current_hp_per_floor":[62,62,62,62,62,62,22,41,41,42,42,28,47,49,49,51,62,58,58,58,58,58,65,53,65,65,65,60,61,63,58,65,15,53,45,47,47,48,48,48,12,10,10,29,23,17,17,8,27,0],"gold":60,"neow_bonus":"HUNDRED_GOLD","is_prod":false,"is_daily":false,"chose_seed":false,"campfire_upgraded":3,"win_rate":0,"timestamp":1549212982,"path_taken":["M","$","M","?","?","R","E","R","T","M","R","E","R","?","R","BOSS","M","$","?","?","?","R","?","R","T","R","M","M","E","M","R","BOSS","M","?","?","M","$","R","?","M","T","R","M","E","?","M","R","BOSS"],"build_version":"2019-01-23","purchased_purges":2,"victory":false,"max_hp_per_floor":[70,70,70,65,65,65,65,65,65,65,65,65,65,65,65,65,65,65,65,65,65,65,65,65,65,65,65,65,65,65,65,65,65,65,65,65,65,65,65,65,65,65,65,65,65,65,65,65,65,65],"card_choices":[{"not_picked":["PiercingWail","Endless Agony"],"picked":"Dagger Spray","floor":1.0},{"not_picked":["Crippling Poison","Poisoned Stab"],"picked":"Skewer","floor":3.0},{"not_picked":["Heel Hook","Blade Dance","Eviscerate"],"picked":"SKIP","floor":7.0},{"not_picked":["Deflect","Prepared"],"picked":"Masterful Stab","floor":10.0},{"not_picked":["Finisher","Outmaneuver"],"picked":"Terror","floor":12.0},{"not_picked":["Bouncing Flask","Underhanded Strike"],"picked":"PiercingWail","floor":14.0},{"not_picked":["Tools of the Trade","Bullet Time"],"picked":"Die Die Die","floor":16.0},{"not_picked":["Reflex+1","Sucker Punch"],"picked":"Deflect+1","floor":18.0},{"not_picked":["Flying Knee","Outmaneuver+1"],"picked":"Caltrops","floor":28.0},{"not_picked":["Quick Slash+1","Bane"],"picked":"Expertise","floor":29.0},{"not_picked":["Underhanded Strike+1","Deadly Poison"],"picked":"Wraith Form v2","floor":30.0},{"not_picked":["Quick Slash","Bouncing Flask"],"picked":"Deadly Poison+1","floor":31.0},{"not_picked":["Die Die Die","Storm of Steel"],"picked":"A Thousand Cuts","floor":33.0},{"not_picked":["Calculated Gamble","All Out Attack"],"picked":"Well Laid Plans","floor":35.0},{"not_picked":["Underhanded Strike","Choke+1"],"picked":"Dodge and Roll+1","floor":36.0},{"not_picked":["Dagger Spray+1","Poisoned Stab"],"picked":"Blur","floor":38.0},{"not_picked":["Slice","Flying Knee+1"],"picked":"Acrobatics+1","floor":41.0},{"not_picked":["Outmaneuver+1","Masterful Stab+1"],"picked":"Venomology","floor":42.0},{"not_picked":["Underhanded Strike+1","Quick Slash"],"picked":"PiercingWail+1","floor":45.0},{"not_picked":["Underhanded Strike","Unload","Reflex"],"picked":"SKIP","floor":46},{"not_picked":["Sucker Punch","Acrobatics"],"picked":"Leg Sweep+1","floor":48}],"player_experience":1364565,"relics_obtained":[{"floor":7.0,"key":"Matryoshka"},{"floor":9.0,"key":"Blood Vial"},{"floor":9.0,"key":"Lantern"},{"floor":12.0,"key":"Orichalcum"},{"floor":26.0,"key":"Pen Nib"},{"floor":26.0,"key":"Gambling Chip"},{"floor":30.0,"key":"Bronze Scales"},{"floor":36.0,"key":"Shovel"},{"floor":40.0,"key":"Paper Crane"},{"floor":46,"key":"Nunchaku"}],"event_choices":[{"damage_healed":0.0,"max_hp_gain":0.0,"max_hp_loss":5.0,"gold_gain":0.0,"event_name":"Golden Idol","player_choice":"Lose Max HP","floor":4.0,"gold_loss":0.0,"damage_taken":0.0,"relics_obtained":["Golden Idol"]},{"damage_healed":0.0,"max_hp_gain":0.0,"max_hp_loss":0.0,"gold_gain":0.0,"event_name":"Upgrade Shrine","player_choice":"Upgraded","floor":5.0,"gold_loss":0.0,"damage_taken":0.0,"cards_upgraded":["Skewer"]},{"damage_healed":0.0,"max_hp_gain":0.0,"max_hp_loss":0.0,"gold_gain":0.0,"event_name":"Match and Keep!","player_choice":"1 cards matched","floor":20.0,"gold_loss":0.0,"damage_taken":0.0,"cards_obtained":["Neutralize"]},{"damage_healed":0.0,"max_hp_gain":0.0,"max_hp_loss":0.0,"gold_gain":0.0,"cards_transformed":["Strike_G","Strike_G"],"event_name":"Drug Dealer","player_choice":"Became Test Subject","floor":22.0,"gold_loss":0.0,"damage_taken":0.0,"cards_obtained":["Prepared","Backstab"]},{"damage_healed":0.0,"max_hp_gain":0.0,"max_hp_loss":0.0,"gold_gain":0.0,"event_name":"Knowing Skull","player_choice":"POTION ","floor":24.0,"potions_obtained":["Explosive Potion"],"gold_loss":0.0,"damage_taken":12.0,"cards_obtained":[]},{"damage_healed":0.0,"max_hp_gain":0.0,"max_hp_loss":0.0,"gold_gain":0.0,"event_name":"MindBloom","player_choice":"Fight","floor":36.0,"gold_loss":0.0,"damage_taken":0.0},{"damage_healed":0.0,"max_hp_gain":0.0,"max_hp_loss":0.0,"gold_gain":0.0,"event_name":"The Woman in Blue","player_choice":"Bought 0 Potions","floor":37.0,"gold_loss":0.0,"damage_taken":0.0}],"is_beta":true,"boss_relics":[{"not_picked":["Calling Bell","Empty Cage"],"picked":"Fusion Hammer"},{"not_picked":["Coffee Dripper","WristBlade"],"picked":"Lizard Tail"}],"items_purged_floors":[2,19],"is_endless":false,"potions_floor_spawned":[3,7,10,12,28,29,30,33,36,38,42,46],"killed_by":"Donu and Deca","ascension_level":8}