{"path_per_floor":["M","$","M","?","M","R","$","M","T","E","R","?","M","?","R","B",null,"M","?","$","M","M","R","M","M","T","R","T","$","R","M","R"],"character_chosen":"IRONCLAD","items_purchased":["Cleave","Battle Trance","Flex"],"gold_per_floor":[116,17,36,36,50,50,50,70,70,102,102,177,189,189,189,287,287,307,307,137,155,170,170,181,195,195,195,195,18,18,29,29],"floor_reached":33,"campfire_rested":4,"playtime":2645,"current_hp_per_floor":[68,68,69,74,77,77,77,76,76,63,63,52,47,47,70,39,77,61,45,45,36,31,54,33,26,40,67,67,67,67,58,85],"items_purged":["Strike_R","Strike_R","Strike_R"],"gold":29,"score":247,"play_id":"3147276d-b62a-4a2b-bead-f9987d133054","is_prod":false,"is_daily":false,"is_ascension_mode":false,"campfire_upgraded":3,"path_taken":["M","$","M","?","M","R","?","M","T","E","R","?","M","?","R","BOSS","M","?","$","?","M","R","M","M","T","R","?","?","R","?","R","BOSS"],"build_version":"2018-02-22-PROD2","purchased_purges":3,"victory":false,"master_deck":["Strike_R","Defend_R","Defend_R","Defend_R","Bash","Pommel Strike","Cleave","Shrug It Off+1","Headbutt","Headbutt","Rampage+1","Seeing Red","Limit Break+1","Shrug It Off","Battle Trance","Armaments","Twin Strike","Clothesline+1","Pommel Strike+1","Flex"],"max_hp_per_floor":[72,72,72,77,77,77,77,77,77,77,77,77,77,77,77,77,77,77,77,77,77,77,77,77,77,91,91,91,91,91,91,91],"relics":["Black Blood","Du-Vu Doll","Matryoshka","Nilry\u0027s Codex","Self Forming Clay","Mango","Prayer Wheel","Ancient Tea Set"],"card_choices":[{"not_picked":["Body Slam","Second Wind"],"picked":"Pommel Strike"},{"not_picked":["Perfected Strike","Thunderclap"],"picked":"Shrug It Off"},{"not_picked":["Clothesline","Twin Strike"],"picked":"Headbutt"},{"not_picked":["Sentinel","Heavy Blade"],"picked":"Headbutt"},{"not_picked":["Uppercut","Whirlwind"],"picked":"Rampage"},{"not_picked":["Pommel Strike","Searing Blow"],"picked":"Seeing Red"},{"not_picked":["Immolate","Fiend Fire"],"picked":"Limit Break"},{"not_picked":["Heavy Blade","Shockwave"],"picked":"Shrug It Off"},{"not_picked":["Clash","Havoc"],"picked":"Armaments"},{"not_picked":["Clash","Blood for Blood"],"picked":"Twin Strike"},{"not_picked":["Clash","Heavy Blade"],"picked":"Clothesline"},{"not_picked":["Pummel","Searing Blow"],"picked":"Pommel Strike"}],"player_experience":190382,"potions_floor_usage":[16,16,21,22,25,33],"damage_taken":[{"damage":10,"enemies":"Small Slimes","floor":1,"turns":5},{"damage":5,"enemies":"Jaw Worm","floor":3,"turns":4},{"damage":1,"enemies":"Cultist","floor":5,"turns":3},{"damage":7,"enemies":"2 Fungi Beasts","floor":8,"turns":4},{"damage":19,"enemies":"3 Sentries","floor":10,"turns":7},{"damage":11,"enemies":"Large Slime","floor":13,"turns":3},{"damage":37,"enemies":"The Guardian","floor":16,"turns":9},{"damage":26,"enemies":"2 Thieves","floor":18,"turns":5},{"damage":34,"enemies":"Spheric Guardian","floor":21,"turns":7},{"damage":15,"enemies":"Cultist and Chosen","floor":22,"turns":6},{"damage":31,"enemies":"Chosen and Byrds","floor":24,"turns":8},{"damage":17,"enemies":"Snake Plant","floor":25,"turns":3},{"damage":19,"enemies":"Centurion and Healer","floor":31,"turns":8},{"damage":99,"enemies":"Collector","floor":33,"turns":8}],"event_choices":[{"event_name":"Big Fish","player_choice":"Donut","floor":4,"damage_taken":0},{"event_name":"World of Goop","player_choice":"Gather Gold","floor":12,"damage_taken":0},{"event_name":"The Lab","player_choice":"Got Potions","floor":14,"damage_taken":0},{"event_name":"Cursed Tome","player_choice":"Obtained Book","floor":19,"damage_taken":0}],"boss_relics":[{"not_picked":["Snecko Eye","Runic Cube"],"picked":"Black Blood"}],"potions_floor_spawned":[3,5,16,24,25],"seed_played":"-236599932436720537","killed_by":"Collector","ascension_level":0,"is_trial":false}