{"path_per_floor":["M","?","$","?","M","E","M","R","T","R","E","M","$","M","R","B",null,"M","M","M","?","?"],"character_chosen":"THE_SILENT","items_purchased":["Infinite Blades","Accuracy"],"gold_per_floor":[119,119,8,83,96,129,154,154,154,154,198,219,42,60,60,183,183,201,217,236,236,151],"floor_reached":23,"campfire_rested":2,"playtime":1239,"current_hp_per_floor":[70,70,70,59,58,38,38,38,38,59,54,56,56,58,70,31,70,65,63,35,35,35],"items_purged":["Injury","Strike_G"],"gold":151,"score":231,"play_id":"ed6874f5-c1af-4d79-a0e9-f68d8ae55097","local_time":"20180308201345","is_prod":false,"is_daily":false,"is_ascension_mode":true,"campfire_upgraded":1,"timestamp":1520558025,"path_taken":["M","?","$","?","M","E","M","R","T","R","E","M","$","M","R","BOSS","M","M","M","?","?","E"],"build_version":"2018-03-01-PROD1","purchased_purges":2,"victory":false,"master_deck":["Defend_G","Defend_G","Defend_G","Defend_G","Defend_G","Strike_G","Strike_G","Strike_G","Strike_G+1","Survivor","Neutralize","Die Die Die+1","Cloak And Dagger+1","Infinite Blades","Well Laid Plans","Dash","Escape Plan","Cloak And Dagger","Endless Agony","Accuracy","Acrobatics","A Thousand Cuts","Dagger Spray+1"],"max_hp_per_floor":[70,70,70,70,70,70,70,70,70,70,70,70,70,70,70,70,70,70,70,70,70,70],"relics":["Ring of the Snake","Bloody Idol","Juzu Bracelet","Whetstone","Blood Vial","Cursed Key","Ice Cream"],"card_choices":[{"not_picked":["Riddle With Holes","Eviscerate"],"picked":"Cloak And Dagger"},{"not_picked":["Crippling Poison","Deflect"],"picked":"Well Laid Plans"},{"not_picked":["Dodge and Roll","Die Die Die"],"picked":"Dash"},{"not_picked":["Dagger Throw","Sucker Punch"],"picked":"Escape Plan"},{"not_picked":["Catalyst","Malaise"],"picked":"Cloak And Dagger"},{"not_picked":["Masterful Stab","Eviscerate"],"picked":"Endless Agony"},{"not_picked":["Infinite Blades","Outmaneuver"],"picked":"Acrobatics"},{"not_picked":["Die Die Die","Burst"],"picked":"A Thousand Cuts"},{"not_picked":["Escape Plan","Malaise"],"picked":"Dagger Spray"}],"player_experience":440712,"potions_floor_usage":[11,16],"damage_taken":[{"damage":0,"enemies":"Jaw Worm","floor":1,"turns":3},{"damage":1,"enemies":"Small Slimes","floor":5,"turns":3},{"damage":20,"enemies":"3 Sentries","floor":6,"turns":8},{"damage":0,"enemies":"2 Louse","floor":7,"turns":2},{"damage":5,"enemies":"Lagavulin","floor":11,"turns":6},{"damage":0,"enemies":"Exordium Thugs","floor":12,"turns":3},{"damage":0,"enemies":"Large Slime","floor":14,"turns":4},{"damage":39,"enemies":"Hexaghost","floor":16,"turns":10},{"damage":5,"enemies":"2 Thieves","floor":18,"turns":5},{"damage":4,"enemies":"Shell Parasite","floor":19,"turns":6},{"damage":30,"enemies":"3 Cultists","floor":20,"turns":6},{"damage":38,"enemies":"Book of Stabbing","floor":23,"turns":6}],"event_choices":[{"event_name":"Golden Idol","player_choice":"Take Wound","floor":2,"damage_taken":0},{"event_name":"World of Goop","player_choice":"Gather Gold","floor":4,"damage_taken":0},{"event_name":"Forgotten Altar","player_choice":"Gave Idol","floor":21,"damage_taken":0},{"event_name":"Addict","player_choice":"Obtained Relic","floor":22,"damage_taken":0}],"boss_relics":[{"not_picked":["Eternal Feather","Black Star"],"picked":"Cursed Key"}],"potions_floor_spawned":[1,6,12],"seed_played":"-5541717391498283024","killed_by":"Book of Stabbing","ascension_level":3,"is_trial":false}