{"gold_per_floor":[113,124,89,107,32,58,58,58,136,154,154,181,201,211,211,312,612,637,664,353,353,36,36,51,68,68,81,92,107,121,139,139,139],"floor_reached":33,"playtime":1790,"items_purged":[],"score":310,"play_id":"7d964aae-7053-43f2-8372-16c286e3b68b","local_time":"20180812184608","is_ascension_mode":false,"campfire_choices":[{"data":"Electrodynamics","floor":7,"key":"SMITH"},{"data":"Sunder","floor":11,"key":"SMITH"},{"floor":15,"key":"REST"},{"floor":32,"key":"REST"}],"neow_cost":"","seed_source_timestamp":167265031601847,"circlet_count":0,"master_deck":["Strike_B+1","Strike_B+1","Strike_B+1","Strike_B+1","Defend_B+1","Defend_B+1","Defend_B+1","Defend_B+1","Zap","Dualcast","Gash","Double Energy","Sunder+1","Stack","Electrodynamics+1","Storm","Consume","Ball Lightning","Compile Driver","Conserve Battery","Thunder Strike","Shame","Genetic Algorithm","Glacier","Loop","Melter","Loop","Leap","Go for the Eyes","Self Repair","FTL+1","Biased Cognition","Leap+1","Glacier+1","Compile Driver+1","Cold Snap+1"],"special_seed":0,"relics":["Cracked Core","Omamori","Shuriken","Dodecahedron","Calling Bell","MawBank","Meat on the Bone","Old Coin","Lee\u0027s Waffle","Lantern","Blue Candle"],"potions_floor_usage":[19,23,23,33],"damage_taken":[{"damage":0.0,"enemies":"Cultist","floor":1.0,"turns":4.0},{"damage":10.0,"enemies":"Jaw Worm","floor":2.0,"turns":4.0},{"damage":0,"enemies":"Small Slimes","floor":4,"turns":1},{"damage":23,"enemies":"3 Sentries","floor":6,"turns":7},{"damage":0,"enemies":"3 Louse","floor":10,"turns":1},{"damage":21,"enemies":"Lagavulin","floor":12,"turns":5},{"damage":4,"enemies":"2 Fungi Beasts","floor":13,"turns":2},{"damage":0,"enemies":"Large Slime","floor":14,"turns":3},{"damage":7,"enemies":"Slime Boss","floor":16,"turns":6},{"damage":17,"enemies":"3 Byrds","floor":18,"turns":3},{"damage":19,"enemies":"Shell Parasite","floor":19,"turns":5},{"damage":55,"enemies":"Book of Stabbing","floor":23,"turns":8},{"damage":10,"enemies":"Cultist and Chosen","floor":24,"turns":6},{"damage":37,"enemies":"Snake Plant","floor":25,"turns":5},{"damage":7,"enemies":"Snecko","floor":27,"turns":4},{"damage":21,"enemies":"Centurion and Healer","floor":28,"turns":8},{"damage":4,"enemies":"Chosen and Byrds","floor":29,"turns":5},{"damage":9,"enemies":"Sentry and Sphere","floor":30,"turns":4},{"damage":6,"enemies":"Snake Plant","floor":31,"turns":7},{"damage":73,"enemies":"Collector","floor":33,"turns":10}],"seed_played":"4698376407179675030","potions_obtained":[{"floor":4,"key":"Weak Potion"},{"floor":10,"key":"SpeedPotion"},{"floor":13,"key":"SmokeBomb"},{"floor":24,"key":"SpeedPotion"},{"floor":27,"key":"FearPotion"},{"floor":28,"key":"Weak Potion"},{"floor":30,"key":"Strength Potion"}],"is_trial":false,"path_per_floor":["M","M","$","M","$","E","R","?","T","M","R","E","M","M","R","B",null,"M","M","$","?","$","E","M","M","T","M","M","M","M","M","R"],"character_chosen":"DEFECT","items_purchased":["Sunder","Electrodynamics","Lee\u0027s Waffle","Loop","Melter","Lantern","Loop","Leap","Go for the Eyes"],"campfire_rested":2,"item_purchase_floors":[3,5,20,20,20,22,22,22,22],"current_hp_per_floor":[75,65,65,65,65,42,42,42,42,42,42,21,17,17,39,32,75,58,39,82,82,82,39,41,16,16,28,19,27,30,36,60,0],"gold":139,"neow_bonus":"","is_prod":false,"is_daily":false,"chose_seed":false,"campfire_upgraded":2,"win_rate":0,"timestamp":1534113968,"path_taken":["M","M","$","?","$","E","R","?","T","M","R","E","M","M","R","BOSS","M","M","$","?","$","E","M","M","T","M","M","M","M","M","R","BOSS"],"build_version":"2018-08-08","purchased_purges":0,"victory":false,"max_hp_per_floor":[75,75,75,75,75,75,75,75,75,75,75,75,75,75,75,75,75,75,75,82,82,82,82,82,82,82,82,82,82,82,82,82,82],"card_choices":[{"not_picked":["Streamline","Coolheaded"],"picked":"Gash","floor":1.0},{"not_picked":["Reprogram","FTL"],"picked":"Double Energy","floor":2.0},{"not_picked":["Streamline","Undo"],"picked":"Stack","floor":4},{"not_picked":["Beam Cell","Coolheaded"],"picked":"Storm","floor":6},{"not_picked":["Streamline","Barrage"],"picked":"Consume","floor":10},{"not_picked":["Genetic Algorithm","Coolheaded"],"picked":"Ball Lightning","floor":12},{"not_picked":["Darkness","Storm"],"picked":"Compile Driver","floor":13},{"not_picked":["Multi-Cast","Lockon"],"picked":"Conserve Battery","floor":14},{"not_picked":["Rainbow","Seek"],"picked":"Thunder Strike","floor":16},{"not_picked":["Force Field+1","Streamline"],"picked":"Genetic Algorithm","floor":18},{"not_picked":["Gash+1","Streamline"],"picked":"Glacier","floor":19},{"not_picked":["Ball Lightning","Heatsinks"],"picked":"Self Repair","floor":24},{"not_picked":["Go for the Eyes","Sweeping Beam"],"picked":"FTL+1","floor":25},{"not_picked":["Coolheaded","Beam Cell"],"picked":"Biased Cognition","floor":27},{"not_picked":["Sweeping Beam","Hologram+1"],"picked":"Leap+1","floor":28},{"not_picked":["Rip and Tear","Storm"],"picked":"Glacier+1","floor":29},{"not_picked":["Stack","Genetic Algorithm"],"picked":"Compile Driver+1","floor":30},{"not_picked":["Tempest+1","Compile Driver+1"],"picked":"Cold Snap+1","floor":31}],"player_experience":768108,"relics_obtained":[{"floor":6,"key":"Omamori"},{"floor":9,"key":"Shuriken"},{"floor":12,"key":"Dodecahedron"},{"floor":17,"key":"MawBank"},{"floor":17,"key":"Meat on the Bone"},{"floor":17,"key":"Old Coin"},{"floor":26,"key":"Blue Candle"}],"event_choices":[{"event_name":"The Cleric","player_choice":"Leave","floor":8,"damage_taken":0},{"event_name":"Back to Basics","player_choice":"Simplicity","floor":21,"damage_taken":0}],"is_beta":true,"boss_relics":[{"not_picked":["FrozenCore","Fusion Hammer"],"picked":"Calling Bell"}],"items_purged_floors":[],"is_endless":false,"potions_floor_spawned":[4,10,13,16,23,24,27,28,30],"killed_by":"Collector","ascension_level":0}