{"gold_per_floor":[119,130,145,145,157,157,184,203,278,228,228,258,322,336,336,432,432,443,462,41,52,0,30,48,61,61,61,61,79,79,96,96,192,192,204,217,1,14,25,25,41,55,55,55,75,27,44,44,44,44],"floor_reached":51,"playtime":20246,"items_purged":[],"score":954,"play_id":"ba124156-6a26-4aca-83af-631c22877516","local_time":"20180704225627","is_ascension_mode":true,"campfire_choices":[{"floor":6,"key":"REST"},{"data":"Beam Cell","floor":11,"key":"SMITH"},{"floor":15,"key":"REST"},{"floor":28,"key":"REST"},{"floor":32,"key":"REST"},{"data":"Buffer","floor":40,"key":"SMITH"},{"floor":49,"key":"REST"}],"neow_cost":"NONE","seed_source_timestamp":0,"circlet_count":0,"master_deck":["Strike_B","Defend_B","Defend_B","Defend_B","Defend_B","Zap","Dualcast+1","Gash+1","Redo","Gash","Gash","Beam Cell","Beam Cell+1","Gash","Static Discharge","Buffer+1","All For One","Conserve Battery","Rebound","Gash","Undo","Steam","Chill","Redo","Hologram+1","Glacier","Turbo+1","All For One","Steam+1","Beam Cell+1","Defragment+1","Buffer+1","Go for the Eyes","Redo+1","Gash+1","Scrape+1","Hologram","Conserve Battery","Gash+1","Master of Strategy","Apotheosis","Mayhem+1"],"special_seed":17716,"relics":["Cracked Core","Bag of Marbles","Oddly Smooth Stone","Shuriken","Gambling Chip","Strawberry","Empty Cage","Bag of Preparation","Ancient Tea Set","Frozen Egg 2","Anchor","Nuclear Battery","Orichalcum","Question Card","Emotion Chip"],"potions_floor_usage":[12,13,16,16,33,45],"damage_taken":[{"damage":1,"enemies":"Jaw Worm","floor":1,"turns":3},{"damage":7,"enemies":"2 Louse","floor":2,"turns":3},{"damage":0,"enemies":"Cultist","floor":3,"turns":4},{"damage":4,"enemies":"2 Fungi Beasts","floor":5,"turns":2},{"damage":15,"enemies":"Gremlin Nob","floor":7,"turns":3},{"damage":4,"enemies":"Looter","floor":8,"turns":2},{"damage":4,"enemies":"3 Sentries","floor":12,"turns":4},{"damage":2,"enemies":"3 Sentries","floor":13,"turns":3},{"damage":4,"enemies":"3 Louse","floor":14,"turns":2},{"damage":34,"enemies":"Hexaghost","floor":16,"turns":5},{"damage":32,"enemies":"2 Thieves","floor":18,"turns":4},{"damage":0,"enemies":"Chosen","floor":19,"turns":4},{"damage":10,"enemies":"Sentry and Sphere","floor":21,"turns":3},{"damage":6,"enemies":"Gremlin Leader","floor":23,"turns":4},{"damage":21,"enemies":"Snake Plant","floor":24,"turns":3},{"damage":0,"enemies":"Snecko","floor":25,"turns":3},{"damage":0,"enemies":"Slaver and Parasite","floor":29,"turns":3},{"damage":10,"enemies":"Centurion and Healer","floor":31,"turns":5},{"damage":43,"enemies":"Champ","floor":33,"turns":8},{"damage":11,"enemies":"Flame Bruiser 1 Orb","floor":35,"turns":5},{"damage":0,"enemies":"3 Shapes","floor":36,"turns":9},{"damage":20,"enemies":"Sphere and 2 Shapes","floor":38,"turns":4},{"damage":0,"enemies":"Maw","floor":39,"turns":5},{"damage":0,"enemies":"4 Shapes","floor":41,"turns":9},{"damage":0,"enemies":"Sphere and 2 Shapes","floor":42,"turns":6},{"damage":2,"floor":44,"turns":5},{"damage":19,"enemies":"Transient","floor":45,"turns":5},{"damage":3,"enemies":"3 Darklings","floor":47,"turns":3},{"damage":25,"enemies":"Time Eater","floor":50,"turns":6}],"seed_played":"-71874081359169380","potions_obtained":[{"floor":2,"key":"FearPotion"},{"floor":5,"key":"LiquidBronze"},{"floor":7,"key":"AttackPotion"},{"floor":12,"key":"Swift Potion"},{"floor":13,"key":"FocusPotion"},{"floor":16,"key":"Energy Potion"},{"floor":21,"key":"GamblersBrew"},{"floor":33,"key":"Energy Potion"},{"floor":36,"key":"Block Potion"}],"is_trial":false,"path_per_floor":["M","M","M","?","M","R","E","M","T","?","R","E","?","M","R","B",null,"M","M","$","M","?","E","M","M","T","?","R","M","?","M","R","B",null,"M","M","$","M","M","R","M","M","T","?","M","$","M","?","R","B"],"character_chosen":"DEFECT","items_purchased":["Gash","Bag of Preparation","Ancient Tea Set","Undo","Defragment+1","Orichalcum","Conserve Battery"],"campfire_rested":5,"item_purchase_floors":[20,20,20,20,37,37,46],"current_hp_per_floor":[74,67,67,52,48,70,55,51,51,51,51,47,52,48,72,38,82,50,50,50,40,40,34,13,13,13,13,37,37,64,54,78,35,82,71,71,71,51,51,51,51,51,51,49,30,30,27,17,41,16],"gold":44,"neow_bonus":"RANDOM_COMMON_RELIC","is_prod":false,"is_daily":false,"chose_seed":false,"campfire_upgraded":2,"win_rate":0,"timestamp":1530759387,"path_taken":["M","M","M","?","M","R","E","?","T","?","R","E","?","?","R","BOSS","M","M","$","?","?","E","?","M","T","?","R","M","?","?","R","BOSS","M","M","$","M","M","R","M","M","T","?","?","?","M","?","R","BOSS"],"build_version":"2018-07-03","purchased_purges":0,"victory":true,"max_hp_per_floor":[75,75,75,75,75,75,75,75,75,75,75,75,82,82,82,82,82,82,82,82,82,82,82,82,82,82,82,82,82,82,82,82,82,82,82,82,82,82,82,82,82,82,82,82,82,82,82,82,82,82],"card_choices":[{"not_picked":["Leap","Storm"],"picked":"Gash","floor":1},{"not_picked":["Lockon","Turbo"],"picked":"Redo","floor":2},{"not_picked":["Beam Cell","Heatsinks"],"picked":"Gash","floor":3},{"not_picked":["Hologram","Go for the Eyes"],"picked":"Gash","floor":5},{"not_picked":["Turbo","Seek"],"picked":"Beam Cell","floor":7},{"not_picked":["Capacitor","Heatsinks"],"picked":"Beam Cell","floor":8},{"not_picked":["Leap","Redo"],"picked":"Gash","floor":12},{"not_picked":["Barrage","Turbo"],"picked":"Static Discharge","floor":13},{"not_picked":["Barrage","Steam"],"picked":"Buffer","floor":14},{"not_picked":["Creative AI","Fission"],"picked":"All For One","floor":16},{"not_picked":["Turbo","Ball Lightning+1"],"picked":"Conserve Battery","floor":18},{"not_picked":["Recycle","Ball Lightning+1"],"picked":"Rebound","floor":19},{"not_picked":["Aggregate","Compile Driver"],"picked":"Steam","floor":21},{"not_picked":["Lockon","Storm"],"picked":"Chill","floor":23},{"not_picked":["Streamline","Turbo"],"picked":"Redo","floor":24},{"not_picked":["Sweeping Beam","Turbo"],"picked":"Hologram+1","floor":25},{"not_picked":["Rainbow","Skim"],"picked":"Glacier","floor":29},{"not_picked":["Consume","Redo"],"picked":"Turbo+1","floor":31},{"not_picked":["Rainbow","Creative AI+1"],"picked":"All For One","floor":33},{"not_picked":["Streamline+1","Static Discharge+1"],"picked":"Steam+1","floor":35},{"not_picked":["Rebound+1","Cold Snap+1"],"picked":"Beam Cell+1","floor":36},{"not_picked":["Cold Snap+1","Barrage+1"],"picked":"Buffer+1","floor":38},{"not_picked":["Hologram+1","Auto Shields+1"],"picked":"Go for the Eyes","floor":39},{"not_picked":["Cold Snap","Rebound+1"],"picked":"Redo+1","floor":41},{"not_picked":["Thunder Strike","Streamline"],"picked":"Gash+1","floor":42},{"not_picked":["Steam+1","Leap+1","Barrage+1"],"picked":"Scrape+1","floor":44},{"not_picked":["Go for the Eyes","Reprogram","Static Discharge+1"],"picked":"Hologram","floor":45},{"not_picked":["Undo","Fission","Reprogram"],"picked":"Gash+1","floor":47},{"not_picked":["Thinking Ahead","Finesse","The Bomb"],"picked":"Master of Strategy","floor":48},{"not_picked":["Deep Breath","Thinking Ahead","Blind"],"picked":"Apotheosis","floor":48},{"not_picked":["Dramatic Entrance","Enlightenment","Good Instincts"],"picked":"Mayhem+1","floor":48}],"player_experience":517360,"relics_obtained":[{"floor":7,"key":"Oddly Smooth Stone"},{"floor":9,"key":"Shuriken"},{"floor":12,"key":"Gambling Chip"},{"floor":13,"key":"Strawberry"},{"floor":23,"key":"Frozen Egg 2"},{"floor":26,"key":"Anchor"},{"floor":43,"key":"Question Card"},{"floor":44,"key":"Emotion Chip"}],"event_choices":[{"event_name":"Shining Light","player_choice":"Entered Light","floor":4,"damage_taken":0},{"event_name":"The Cleric","player_choice":"Card Removal","floor":10,"damage_taken":0},{"event_name":"Dead Adventurer","player_choice":"Searched \u00271\u0027 times","floor":13,"damage_taken":0},{"event_name":"Masked Bandits","player_choice":"Paid Bandits 52 gold","floor":22,"damage_taken":0},{"event_name":"Beggar","player_choice":"Ignored","floor":27,"damage_taken":0},{"event_name":"The Library","player_choice":"Heal","floor":30,"damage_taken":0},{"event_name":"MindBloom","player_choice":"Fight","floor":44,"damage_taken":0},{"event_name":"SensoryStone","player_choice":"Memory 3","floor":48,"damage_taken":0}],"boss_relics":[{"not_picked":["Runic Pyramid","Pandora\u0027s Box"],"picked":"Empty Cage"},{"not_picked":["Black Star","Eternal Feather"],"picked":"Nuclear Battery"}],"items_purged_floors":[],"is_endless":false,"potions_floor_spawned":[2,5,7,12,13,16,21,24,25,31,33,35,36,39,44],"ascension_level":1}