{"gold_per_floor":[362,362,49,59,9,34,109,109,154,154,180,32,32,63,63,63],"floor_reached":16,"playtime":716,"items_purged":[],"score":182,"play_id":"aa80d608-f0ad-47f8-aa82-4f5c47638cb1","local_time":"20181215214417","is_ascension_mode":true,"campfire_choices":[{"floor":8,"key":"REST"},{"floor":10,"key":"REST"},{"floor":13,"key":"REST"},{"data":"Rampage","floor":15,"key":"SMITH"}],"neow_cost":"TEN_PERCENT_HP_LOSS","seed_source_timestamp":35304277451685,"circlet_count":0,"master_deck":["AscendersBane","Strike_R","Strike_R","Strike_R","Strike_R","Defend_R","Defend_R","Defend_R","Defend_R","Bash","Clothesline","Bash","Carnage","Shrug It Off","Rampage+1","Corruption","True Grit","Reaper","Havoc","Shockwave"],"relics":["Burning Blood","Bag of Preparation","Potion Belt","Bronze Scales","Magic Flower","Red Skull","Pantograph"],"potions_floor_usage":[6],"damage_taken":[{"damage":8,"enemies":"Jaw Worm","floor":1,"turns":4},{"damage":2,"enemies":"Cultist","floor":4,"turns":4},{"damage":32,"enemies":"3 Sentries","floor":6,"turns":8},{"damage":48,"enemies":"Lagavulin","floor":11,"turns":7},{"damage":30,"enemies":"3 Sentries","floor":14,"turns":6},{"damage":87,"enemies":"Hexaghost","floor":16,"turns":11}],"seed_played":"-6334428704740548098","potions_obtained":[{"floor":4,"key":"SkillPotion"}],"is_trial":false,"path_per_floor":["M","?","$","M","?","E","?","R","T","R","E","$","R","E","R","B"],"character_chosen":"IRONCLAD","items_purchased":["Bag of Preparation","Shrug It Off","Rampage","Corruption","Red Skull"],"campfire_rested":3,"item_purchase_floors":[3,3,3,3,12],"current_hp_per_floor":[70,70,70,72,72,46,35,56,56,72,30,30,51,62,62,0],"gold":63,"neow_bonus":"TWO_FIFTY_GOLD","is_prod":false,"is_daily":false,"chose_seed":false,"campfire_upgraded":1,"win_rate":0,"timestamp":1544928257,"path_taken":["M","?","$","?","?","E","?","R","T","R","E","?","R","E","R","BOSS"],"build_version":"2018-12-13","purchased_purges":0,"victory":false,"max_hp_per_floor":[72,72,72,72,72,72,72,72,72,72,72,72,72,72,72,72],"card_choices":[{"not_picked":["Pommel Strike","Rupture"],"picked":"Clothesline","floor":1},{"not_picked":["Anger","Flex"],"picked":"True Grit","floor":4},{"not_picked":["Dark Embrace","Pummel"],"picked":"Reaper","floor":6},{"not_picked":["Brutality","Sentinel"],"picked":"Havoc","floor":11},{"not_picked":["Clash","Sentinel"],"picked":"Shockwave","floor":14}],"player_experience":984528,"relics_obtained":[{"floor":6,"key":"Potion Belt"},{"floor":9,"key":"Bronze Scales"},{"floor":11,"key":"Magic Flower"},{"floor":14,"key":"Pantograph"}],"event_choices":[{"damage_healed":0,"gold_gain":0,"player_choice":"2 cards matched","damage_taken":0,"max_hp_gain":0,"max_hp_loss":0,"event_name":"Match and Keep!","floor":2,"gold_loss":0,"cards_obtained":["Bash","Carnage"]},{"cards_removed":["Strike_R"],"damage_healed":0,"gold_gain":0,"player_choice":"Card Removal","damage_taken":0,"max_hp_gain":0,"max_hp_loss":0,"event_name":"The Cleric","floor":5,"gold_loss":50},{"damage_healed":0,"gold_gain":75,"player_choice":"Gather Gold","damage_taken":11,"max_hp_gain":0,"max_hp_loss":0,"event_name":"World of Goop","floor":7,"gold_loss":0}],"is_beta":true,"boss_relics":[],"items_purged_floors":[],"is_endless":false,"potions_floor_spawned":[4],"killed_by":"Hexaghost","ascension_level":12}