{"gold_per_floor":[111,124,49,95,95,95,106,131,208,208,228,228,244,258,258,361,361,377,377,387,418,333,333,351,351,351,370,370],"floor_reached":28,"playtime":1051,"items_purged":["Decay"],"score":319,"play_id":"6ec537a9-b651-467b-bbf2-2f1c60652823","local_time":"20180823185551","is_ascension_mode":true,"campfire_choices":[{"floor":6,"key":"DIG"},{"floor":10,"key":"DIG"},{"floor":12,"key":"DIG"},{"floor":15,"key":"REST"},{"floor":23,"key":"REST"},{"floor":25,"key":"DIG"}],"neow_cost":"CURSE","seed_source_timestamp":457979931123581,"circlet_count":0,"master_deck":["Strike_B","Strike_B","Strike_B","Strike_B","Defend_B","Defend_B+1","Defend_B","Defend_B","Zap","Dualcast+1","Conserve Battery","Ball Lightning","Loop+1","Cold Snap","Capacitor+1","Electrodynamics+1","Hologram+1","Turbo+1","Capacitor+1"],"relics":["Cracked Core","Shovel","Boot","Emotion Chip","Singing Bowl","Frozen Egg 2","Incense Burner","Vajra","Inserter","MutagenicStrength","Red Mask","Calipers","Bronze Scales","Potion Belt"],"potions_floor_usage":[18,24,27],"damage_taken":[{"damage":3,"enemies":"Cultist","floor":1,"turns":4},{"damage":0,"enemies":"Small Slimes","floor":2,"turns":3},{"damage":0,"enemies":"Jaw Worm","floor":7,"turns":2},{"damage":14,"enemies":"3 Sentries","floor":8,"turns":7},{"damage":5,"enemies":"Blue Slaver","floor":11,"turns":3},{"damage":19,"enemies":"Lots of Slimes","floor":13,"turns":4},{"damage":4,"enemies":"Red Slaver","floor":14,"turns":3},{"damage":29,"enemies":"Hexaghost","floor":16,"turns":10},{"damage":3,"enemies":"Chosen","floor":18,"turns":4},{"damage":1,"enemies":"Spheric Guardian","floor":20,"turns":3},{"damage":30,"enemies":"Masked Bandits","floor":21,"turns":5},{"damage":20,"enemies":"Snecko","floor":24,"turns":5},{"damage":24,"enemies":"Snake Plant","floor":27,"turns":3},{"damage":8,"enemies":"Centurion and Healer","floor":28,"turns":3}],"seed_played":"6645765605304874700","potions_obtained":[{"floor":7,"key":"LiquidBronze"},{"floor":14,"key":"Energy Potion"},{"floor":16,"key":"PowerPotion"},{"floor":20,"key":"GamblersBrew"},{"floor":24,"key":"FearPotion"}],"is_trial":false,"path_per_floor":["M","M","$","T","?","R","M","E","T","R","M","R","M","M","R","B",null,"M","?","M","?","?","R","M","R","T","M"],"character_chosen":"DEFECT","items_purchased":[],"campfire_rested":2,"item_purchase_floors":[],"current_hp_per_floor":[65,65,65,65,50,50,50,38,38,38,33,33,14,10,33,4,59,56,56,55,27,27,50,32,32,32,8,0],"gold":370,"neow_bonus":"ONE_RARE_RELIC","is_prod":false,"is_daily":false,"chose_seed":false,"campfire_upgraded":0,"win_rate":0,"timestamp":1535064951,"path_taken":["M","M","$","?","?","R","M","E","T","R","M","R","?","M","R","BOSS","M","?","M","?","?","R","M","R","T","M","M"],"build_version":"2018-08-23","purchased_purges":1,"victory":false,"max_hp_per_floor":[75,75,75,75,75,75,75,77,77,77,77,77,77,77,77,77,77,77,77,77,79,79,79,81,81,81,81,81],"card_choices":[{"not_picked":["Steam","Hologram"],"picked":"Conserve Battery","floor":1},{"not_picked":["Conserve Battery","Cold Snap"],"picked":"Ball Lightning","floor":2},{"not_picked":["Stack","Blizzard","Lockon"],"picked":"SKIP","floor":7},{"not_picked":["Barrage","Turbo","Steam"],"picked":"Singing Bowl","floor":8},{"not_picked":["Conserve Battery","BootSequence"],"picked":"Loop+1","floor":11},{"not_picked":["Coolheaded","Stack"],"picked":"Cold Snap","floor":13},{"not_picked":["Recycle","Beam Cell"],"picked":"Capacitor+1","floor":14},{"not_picked":["Meteor Strike","Machine Learning+1"],"picked":"Electrodynamics+1","floor":16},{"not_picked":["Undo","Recycle+1"],"picked":"Hologram+1","floor":18},{"not_picked":["Sweeping Beam+1","Ball Lightning"],"picked":"Turbo+1","floor":20},{"not_picked":["Doom and Gloom","Sunder","Skim+1"],"picked":"Singing Bowl","floor":21},{"not_picked":["Beam Cell","Stack","FTL"],"picked":"Singing Bowl","floor":24},{"not_picked":["Steam","Force Field"],"picked":"Capacitor+1","floor":27}],"player_experience":807402,"relics_obtained":[{"floor":4,"key":"Boot"},{"floor":6,"key":"Emotion Chip"},{"floor":8,"key":"Singing Bowl"},{"floor":9,"key":"Frozen Egg 2"},{"floor":10,"key":"Incense Burner"},{"floor":12,"key":"Vajra"},{"floor":21,"key":"Red Mask"},{"floor":25,"key":"Bronze Scales"},{"floor":26,"key":"Potion Belt"}],"event_choices":[{"event_name":"Shining Light","player_choice":"Entered Light","floor":5,"damage_taken":0},{"event_name":"Drug Dealer","player_choice":"Inject Mutagens","floor":19,"damage_taken":0},{"event_name":"Masked Bandits","player_choice":"Fought Bandits","floor":21,"damage_taken":0},{"event_name":"Addict","player_choice":"Obtained Relic","floor":22,"damage_taken":0}],"is_beta":true,"boss_relics":[{"not_picked":["Black Star","Philosopher\u0027s Stone"],"picked":"Inserter"}],"items_purged_floors":[3],"is_endless":false,"potions_floor_spawned":[7,14,16,20,24],"killed_by":"Centurion and Healer","ascension_level":9}