{"path_per_floor":["M","M","?","$","M","E","R","?","T","R","M","$","E","M","R","B",null,"M","?","M","?","M","E","?","M","T","E","R","$","M","E","R","B",null,"M","M","?","M","$"],"character_chosen":"IRONCLAD","items_purchased":["Wild Strike","Shrug It Off","Whetstone","True Grit","Apotheosis","Ice Cream","Singing Bowl"],"gold_per_floor":[212,228,403,64,79,111,111,111,161,161,178,0,29,43,43,148,148,159,159,175,90,104,137,137,155,233,265,265,20,31,63,63,167,167,181,192,162,173,53],"floor_reached":40,"campfire_rested":2,"playtime":1771,"current_hp_per_floor":[78,80,80,80,80,70,70,58,58,58,62,62,54,47,71,50,80,80,80,72,72,59,49,49,55,55,39,39,39,40,24,50,42,92,68,71,71,50,50],"items_purged":["Doubt"],"gold":53,"score":456,"play_id":"d21d3a28-ec52-4a26-8f5f-208852cce07e","local_time":"20180319223427","is_prod":false,"is_daily":false,"is_ascension_mode":false,"campfire_upgraded":3,"timestamp":1521513267,"path_taken":["M","M","?","$","M","E","R","?","T","R","M","?","E","M","R","BOSS","M","?","M","?","M","E","?","M","T","E","R","$","?","E","R","BOSS","M","?","?","M","$","E"],"build_version":"2018-03-15v3","purchased_purges":1,"victory":false,"master_deck":["Strike_R","Strike_R","Strike_R","Strike_R","Strike_R","Defend_R","Defend_R","Defend_R","Defend_R","Bash","Perfected Strike+1","Shrug It Off","Wild Strike+1","Shrug It Off","True Grit+1","Pommel Strike","Feel No Pain+1","Apotheosis+1","Wild Strike","Feed","Thunderclap","Pommel Strike+1","Evolve","Shrug It Off","Wild Strike+1","Sever Soul","Second Wind","Battle Trance"],"max_hp_per_floor":[80,80,80,80,80,80,80,80,80,80,80,80,80,80,80,80,80,80,80,80,80,80,84,84,88,88,88,88,88,88,88,88,92,92,92,92,92,92,92],"relics":["Black Blood","Whetstone","Dream Catcher","Bag of Marbles","Pen Nib","Bronze Scales","Velvet Choker","Blue Candle","Omamori","Prayer Wheel","The Courier","Ancient Tea Set","Ice Cream","Orichalcum","Singing Bowl"],"card_choices":[{"not_picked":["Clothesline","Sever Soul"],"picked":"Perfected Strike"},{"not_picked":["Entrench","Thunderclap"],"picked":"Shrug It Off"},{"not_picked":["Barricade","Perfected Strike"],"picked":"Pommel Strike"},{"not_picked":["Headbutt","Havoc"],"picked":"Feel No Pain"},{"not_picked":["Corruption","Anger"],"picked":"Wild Strike"},{"not_picked":["Bludgeon","Brutality"],"picked":"Feed"},{"not_picked":["Body Slam","Flex"],"picked":"Thunderclap"},{"not_picked":["Anger","Body Slam"],"picked":"Pommel Strike"},{"not_picked":["Berserk","Rage"],"picked":"Evolve"},{"not_picked":["Cleave","Armaments"],"picked":"Shrug It Off"},{"not_picked":["Headbutt","Havoc"],"picked":"Wild Strike"},{"not_picked":["Armaments","Rage"],"picked":"Sever Soul"},{"not_picked":["True Grit","Thunderclap"],"picked":"Second Wind"},{"not_picked":["Twin Strike","Double Tap"],"picked":"Battle Trance"}],"player_experience":614018,"potions_floor_usage":[16,23,31,33,38],"damage_taken":[{"damage":8,"enemies":"Jaw Worm","floor":1,"turns":4},{"damage":1,"enemies":"Cultist","floor":2,"turns":3},{"damage":0,"enemies":"2 Louse","floor":5,"turns":2},{"damage":16,"enemies":"3 Sentries","floor":6,"turns":5},{"damage":2,"enemies":"Looter","floor":11,"turns":2},{"damage":14,"enemies":"Gremlin Nob","floor":13,"turns":3},{"damage":13,"enemies":"3 Louse","floor":14,"turns":3},{"damage":27,"enemies":"Hexaghost","floor":16,"turns":8},{"damage":2,"enemies":"Chosen","floor":18,"turns":3},{"damage":14,"enemies":"Shell Parasite","floor":20,"turns":4},{"damage":19,"enemies":"Snecko","floor":22,"turns":4},{"damage":20,"enemies":"Slavers","floor":23,"turns":4},{"damage":4,"enemies":"Centurion and Healer","floor":25,"turns":4},{"damage":22,"enemies":"Book of Stabbing","floor":27,"turns":3},{"damage":5,"enemies":"Snake Plant","floor":30,"turns":3},{"damage":22,"enemies":"Gremlin Leader","floor":31,"turns":4},{"damage":18,"enemies":"Collector","floor":33,"turns":9},{"damage":34,"enemies":"3 Darklings","floor":35,"turns":6},{"damage":7,"enemies":"Orb Walker","floor":36,"turns":3},{"damage":31,"enemies":"4 Shapes","floor":38,"turns":6},{"damage":52,"enemies":"Nemesis","floor":40,"turns":8}],"event_choices":[{"event_name":"Liars Game","player_choice":"agreed","floor":3,"damage_taken":0},{"event_name":"Scrap Ooze","player_choice":"success","floor":8,"damage_taken":12},{"event_name":"The Mausoleum","player_choice":"Yes","floor":19,"damage_taken":0},{"event_name":"Addict","player_choice":"Obtained Relic","floor":21,"damage_taken":0},{"event_name":"Vampires","player_choice":"Ignored","floor":24,"damage_taken":0},{"event_name":"The Woman in Blue","player_choice":"Bought 2 Potions","floor":37,"damage_taken":0}],"boss_relics":[{"not_picked":["Tiny House","Astrolabe"],"picked":"Velvet Choker"},{"not_picked":["Question Card","Lizard Tail"],"picked":"Black Blood"}],"potions_floor_spawned":[2,6,11,14,22,27,30],"seed_played":"-6505012533560257952","killed_by":"Nemesis","ascension_level":0,"is_trial":false}