{"gold_per_floor":[114,114,137,162,212,212,245,245,245,264,264,264,282,282,282,412,412,437,437,456,456,184,184,184],"floor_reached":24,"playtime":737,"items_purged":["Writhe"],"score":281,"play_id":"9053915a-2319-4115-88e1-6a18cebeb004","local_time":"20180701153322","is_ascension_mode":true,"campfire_choices":[{"data":"Feel No Pain","floor":6,"key":"SMITH"},{"floor":8,"key":"REST"},{"data":"Spot Weakness","floor":12,"key":"SMITH"},{"floor":15,"key":"REST"},{"floor":23,"key":"REST"}],"neow_cost":"CURSE","seed_source_timestamp":1449321496868467,"circlet_count":0,"master_deck":["Strike_R","Strike_R","Strike_R","Strike_R","Strike_R","Defend_R+1","Defend_R+1","Defend_R","Defend_R","Bash","Injury","Spot Weakness+1","Uppercut","Feel No Pain+1","Battle Trance","Berserk","Body Slam","Headbutt","Cleave","Body Slam","Heavy Blade","Shrug It Off","Feed","Clothesline","Heavy Blade","True Grit","Double Tap","Pummel","Iron Wave","Berserk","Sword Boomerang"],"relics":["Burning Blood","Prayer Wheel","Golden Idol","Happy Flower","War Paint","Lantern","Potion Belt","Fusion Hammer","Singing Bowl","Regal Pillow"],"potions_floor_usage":[7,7,10,18],"damage_taken":[{"damage":16,"enemies":"Jaw Worm","floor":1,"turns":4},{"damage":5,"enemies":"Small Slimes","floor":3,"turns":3},{"damage":13,"enemies":"2 Louse","floor":4,"turns":3},{"damage":35,"enemies":"Lagavulin","floor":7,"turns":5},{"damage":6,"enemies":"Exordium Thugs","floor":10,"turns":3},{"damage":8,"enemies":"Blue Slaver","floor":13,"turns":2},{"damage":43,"enemies":"The Guardian","floor":16,"turns":9},{"damage":22,"enemies":"3 Byrds","floor":18,"turns":5},{"damage":20,"enemies":"2 Thieves","floor":20,"turns":4},{"damage":73,"enemies":"Gremlin Leader","floor":24,"turns":5}],"seed_played":"7083977871377172968","potions_obtained":[{"floor":3,"key":"SteroidPotion"},{"floor":4,"key":"Strength Potion"},{"floor":7,"key":"AttackPotion"},{"floor":10,"key":"LiquidBronze"},{"floor":20,"key":"FearPotion"}],"is_trial":false,"path_per_floor":["M","?","M","M","T","R","E","R","T","M","?","R","M","?","R","B",null,"M","?","M","?","$","R"],"character_chosen":"IRONCLAD","items_purchased":["Sword Boomerang","Regal Pillow"],"campfire_rested":3,"item_purchase_floors":[22,22],"current_hp_per_floor":[62,62,63,56,56,56,27,49,49,49,46,46,44,44,66,29,63,47,47,33,33,33,70,0],"gold":184,"neow_bonus":"ONE_RARE_RELIC","is_prod":false,"is_daily":false,"chose_seed":false,"campfire_upgraded":2,"win_rate":0,"timestamp":1530473602,"path_taken":["M","?","M","M","?","R","E","R","T","M","?","R","M","?","R","BOSS","M","?","?","?","$","R","E"],"build_version":"2018-06-29","purchased_purges":1,"victory":false,"max_hp_per_floor":[80,74,74,74,74,74,74,74,74,74,74,74,74,74,74,74,74,74,74,74,74,74,74,74],"card_choices":[{"not_picked":["Anger","Searing Blow"],"picked":"Spot Weakness","floor":1},{"not_picked":["Perfected Strike","Cleave"],"picked":"Uppercut","floor":1},{"not_picked":["Thunderclap","Havoc"],"picked":"Feel No Pain","floor":3},{"not_picked":["Havoc","Pommel Strike"],"picked":"Battle Trance","floor":3},{"not_picked":["Rupture","Havoc"],"picked":"Berserk","floor":4},{"not_picked":["Pummel","Havoc"],"picked":"Body Slam","floor":4},{"not_picked":["Inflame","Havoc"],"picked":"Headbutt","floor":7},{"not_picked":["Wild Strike","Rupture"],"picked":"Cleave","floor":10},{"not_picked":["Carnage","Perfected Strike"],"picked":"Body Slam","floor":10},{"not_picked":["Dropkick","Twin Strike"],"picked":"Heavy Blade","floor":13},{"not_picked":["Clothesline","Armaments"],"picked":"Shrug It Off","floor":13},{"not_picked":["Juggernaut","Immolate"],"picked":"Feed","floor":16},{"not_picked":["Wild Strike+1","Clash"],"picked":"Clothesline","floor":18},{"not_picked":["Dual Wield","Pommel Strike+1"],"picked":"Heavy Blade","floor":18},{"not_picked":["Clothesline","Heavy Blade"],"picked":"True Grit","floor":20},{"not_picked":["Bloodletting","Iron Wave+1"],"picked":"Double Tap","floor":20}],"player_experience":496439,"relics_obtained":[{"floor":5,"key":"Happy Flower"},{"floor":7,"key":"War Paint"},{"floor":9,"key":"Lantern"}],"event_choices":[{"event_name":"Golden Idol","player_choice":"Lose Max HP","floor":2,"damage_taken":0},{"event_name":"Scrap Ooze","player_choice":"success","floor":11,"damage_taken":3},{"event_name":"Liars Game","player_choice":"disagreed","floor":14,"damage_taken":0},{"event_name":"The Mausoleum","player_choice":"Yes","floor":19,"damage_taken":0},{"event_name":"Match and Keep!","player_choice":"3 cards matched","floor":21,"damage_taken":0}],"boss_relics":[{"not_picked":["Runic Cube","Coffee Dripper"],"picked":"Fusion Hammer"}],"items_purged_floors":[22],"is_endless":false,"potions_floor_spawned":[3,4,7,10,20],"killed_by":"Gremlin Leader","ascension_level":9}