{"gold_per_floor":[115,134,149,164,13,13,40,40,95,124,136,136,151,171,171,276,276,292,207,219,219,64,96,96,116,190,205,216,216,228,228,228,323,323,335,335,51,70,370,370,403,418,418,418],"floor_reached":44,"playtime":2286,"items_purged":["Scrape"],"score":873,"play_id":"7b8249f4-0188-4bef-b796-e7e21e1052c4","local_time":"20181227213859","is_ascension_mode":true,"campfire_choices":[{"data":"Zap","floor":6,"key":"SMITH"},{"data":"Glacier","floor":8,"key":"SMITH"},{"floor":12,"key":"REST"},{"floor":15,"key":"REST"},{"data":"Defragment","floor":24,"key":"SMITH"},{"floor":29,"key":"REST"},{"floor":32,"key":"REST"},{"data":"Creative AI","floor":40,"key":"SMITH"}],"neow_cost":"NONE","seed_source_timestamp":1070279012396476,"circlet_count":0,"master_deck":["AscendersBane","Zap+1","Dualcast","Cold Snap","Glacier+1","Tempest","Ball Lightning","Sweeping Beam","Defragment","Ball Lightning","Glacier","Ball Lightning","Creative AI+1","Defragment","Loop","Defragment+1","Creative AI","Glacier","Heatsinks+1","Core Surge","Necronomicurse","Echo Form","Core Surge","Echo Form","Meteor Strike","Recycle","Fission","Capacitor+1","Blizzard","Turbo+1"],"relics":["Empty Cage","Bag of Preparation","Question Card","Anchor","Lantern","Velvet Choker","Ornamental Fan","DataDisk","Dream Catcher","Necronomicon","Pandora\u0027s Box","Runic Capacitor","Centennial Puzzle","Strawberry"],"potions_floor_usage":[11,27,33,44],"damage_taken":[{"damage":0,"enemies":"Cultist","floor":1,"turns":4},{"damage":0,"enemies":"Small Slimes","floor":2,"turns":4},{"damage":0,"enemies":"Jaw Worm","floor":3,"turns":7},{"damage":10,"enemies":"2 Fungi Beasts","floor":4,"turns":5},{"damage":24,"enemies":"Lagavulin","floor":7,"turns":5},{"damage":9,"enemies":"3 Sentries","floor":10,"turns":7},{"damage":2,"enemies":"Lots of Slimes","floor":11,"turns":3},{"damage":0,"enemies":"Looter","floor":13,"turns":3},{"damage":0,"enemies":"2 Fungi Beasts","floor":14,"turns":2},{"damage":25,"enemies":"The Guardian","floor":16,"turns":10},{"damage":0,"enemies":"Spheric Guardian","floor":18,"turns":4},{"damage":3,"enemies":"2 Thieves","floor":20,"turns":4},{"damage":1,"enemies":"Book of Stabbing","floor":23,"turns":6},{"damage":24,"enemies":"Snake Plant","floor":25,"turns":4},{"damage":0,"enemies":"Centurion and Healer","floor":27,"turns":5},{"damage":5,"enemies":"Sentry and Sphere","floor":28,"turns":8},{"damage":5,"enemies":"Chosen and Byrds","floor":30,"turns":4},{"damage":0,"enemies":"Champ","floor":33,"turns":10},{"damage":36,"enemies":"3 Darklings","floor":35,"turns":7},{"damage":13,"enemies":"3 Shapes","floor":38,"turns":6},{"damage":0,"enemies":"Giant Head","floor":41,"turns":9},{"damage":40,"enemies":"Jaw Worm Horde","floor":42,"turns":5},{"damage":39,"enemies":"Nemesis","floor":44,"turns":2}],"seed_played":"5121172293547993066","potions_obtained":[{"floor":2,"key":"Poison Potion"},{"floor":11,"key":"Strength Potion"},{"floor":13,"key":"Energy Potion"},{"floor":14,"key":"Regen Potion"},{"floor":18,"key":"Dexterity Potion"},{"floor":30,"key":"GamblersBrew"},{"floor":35,"key":"FocusPotion"}],"is_trial":false,"path_per_floor":["M","M","M","M","$","R","E","R","T","E","M","R","M","M","R","B",null,"M","?","M","?","$","E","R","M","T","M","M","R","M","?","R","B",null,"M","?","$","M","?","R","E","M","T","E"],"character_chosen":"DEFECT","items_purchased":["Bag of Preparation","DataDisk","Runic Capacitor"],"campfire_rested":4,"item_purchase_floors":[5,22,37],"current_hp_per_floor":[68,68,68,58,58,58,34,34,34,25,23,45,45,45,67,42,67,67,67,64,64,64,63,63,39,39,48,43,65,60,44,66,66,73,37,66,66,53,53,53,53,13,20,0],"gold":418,"neow_bonus":"BOSS_RELIC","is_prod":false,"is_daily":false,"chose_seed":false,"campfire_upgraded":4,"win_rate":0,"timestamp":1545964739,"path_taken":["M","M","?","M","$","R","E","R","T","E","M","R","?","?","R","BOSS","M","?","M","?","$","E","R","M","T","M","?","R","M","?","R","BOSS","M","?","$","M","?","R","E","?","T","E"],"build_version":"2018-12-25","purchased_purges":1,"victory":false,"max_hp_per_floor":[75,75,75,75,75,75,75,75,75,75,75,75,75,75,75,75,75,75,75,75,75,75,75,75,75,75,75,75,75,75,75,75,75,75,75,66,66,66,66,66,66,66,73,73],"card_choices":[{"not_picked":["Beam Cell","Gash"],"picked":"Cold Snap","floor":1},{"not_picked":["Redo","Turbo"],"picked":"Glacier","floor":2},{"not_picked":["Darkness","Leap"],"picked":"Tempest","floor":3},{"not_picked":["Stack","Rainbow"],"picked":"Ball Lightning","floor":4},{"not_picked":["Gash","Streamline"],"picked":"Sweeping Beam","floor":7},{"not_picked":["Doom and Gloom","Go for the Eyes","Turbo"],"picked":"Defragment","floor":10},{"not_picked":["Cold Snap","Beam Cell","Barrage"],"picked":"Ball Lightning","floor":11},{"not_picked":["Turbo","Stack","Heatsinks"],"picked":"Glacier","floor":13},{"not_picked":["Heatsinks","Conserve Battery","Leap"],"picked":"Ball Lightning","floor":14},{"not_picked":["Reboot","Thunder Strike","Seek"],"picked":"Creative AI","floor":16},{"not_picked":["Leap","Lockon","Hologram+1"],"picked":"Defragment","floor":18},{"not_picked":["White Noise","Static Discharge","Steam"],"picked":"Loop","floor":20},{"not_picked":["Multi-Cast","Redo","BootSequence"],"picked":"Creative AI","floor":23},{"not_picked":["Streamline","Scrape","Rebound+1"],"picked":"Glacier","floor":25},{"not_picked":["Hello World","Beam Cell","Ball Lightning"],"picked":"Heatsinks+1","floor":27},{"not_picked":["Stack","Rebound","Go for the Eyes"],"picked":"Core Surge","floor":28},{"not_picked":["Beam Cell","Conserve Battery+1","Rip and Tear+1","Ball Lightning"],"picked":"SKIP","floor":30},{"not_picked":["Hyperbeam","Biased Cognition","Thunder Strike"],"picked":"Echo Form","floor":33},{"not_picked":["Rebound+1","Chill+1","Barrage"],"picked":"Capacitor+1","floor":35},{"not_picked":["Auto Shields","Aggregate","Sweeping Beam","Barrage+1"],"picked":"SKIP","floor":38},{"not_picked":["Sweeping Beam+1","Rebound","Conserve Battery"],"picked":"Blizzard","floor":41},{"not_picked":["Go for the Eyes+1","Compile Driver+1","Melter"],"picked":"Turbo+1","floor":42}],"player_experience":1037744,"relics_obtained":[{"floor":7,"key":"Question Card"},{"floor":9,"key":"Anchor"},{"floor":10,"key":"Lantern"},{"floor":23,"key":"Dream Catcher"},{"floor":31,"key":"Necronomicon"},{"floor":41,"key":"Centennial Puzzle"},{"floor":43,"key":"Strawberry"}],"event_choices":[{"damage_healed":0,"gold_gain":0,"player_choice":"Obtained Relic","damage_taken":0,"relics_obtained":["Ornamental Fan"],"max_hp_gain":0,"max_hp_loss":0,"event_name":"Addict","floor":19,"gold_loss":85},{"damage_healed":0,"gold_gain":0,"player_choice":"Copied","damage_taken":0,"max_hp_gain":0,"max_hp_loss":0,"event_name":"Duplicator","floor":21,"gold_loss":0,"cards_obtained":["Defragment"]},{"damage_healed":0,"gold_gain":0,"player_choice":"Obtained Book","damage_taken":16,"max_hp_gain":0,"max_hp_loss":0,"event_name":"Cursed Tome","floor":31,"gold_loss":0},{"damage_healed":66,"gold_gain":0,"player_choice":"Heal","damage_taken":0,"max_hp_gain":0,"max_hp_loss":9,"event_name":"The Moai Head","floor":36,"gold_loss":0},{"damage_healed":0,"gold_gain":300,"player_choice":"Gold","damage_taken":0,"max_hp_gain":0,"max_hp_loss":0,"event_name":"Wheel of Change","floor":39,"gold_loss":0}],"is_beta":true,"boss_relics":[{"not_picked":["Coffee Dripper","Philosopher\u0027s Stone"],"picked":"Velvet Choker"},{"not_picked":["Orrery","Snecko Eye"],"picked":"Pandora\u0027s Box"}],"items_purged_floors":[37],"is_endless":false,"potions_floor_spawned":[2,11,13,14,18,25,30,35,41],"killed_by":"Nemesis","ascension_level":11}