{"gold_per_floor":[10,10,30,41,61,92,109,109,109,141,141,157,157,169,169,268,268,283,283,283,294,327,327,340,37,86,116,133,133,158,63,63,165,165,183,183,193,211,4,4,226,23,92,103,135,148,45,65,65,65,65,65,40,69,69],"floor_reached":56,"playtime":3383,"items_purged":["Strike_R","Strike_R","Strike_R"],"score":1369,"play_id":"88dc26d3-8ee9-4b5e-ade1-aacd08434427","local_time":"20190114002938","is_ascension_mode":true,"campfire_choices":[{"data":"Feed","floor":8,"key":"SMITH"},{"floor":15,"key":"REST"},{"data":"Demon Form","floor":23,"key":"SMITH"},{"floor":29,"key":"REST"},{"floor":32,"key":"REST"},{"floor":40,"key":"REST"},{"floor":49,"key":"RECALL"},{"data":"True Grit","floor":52,"key":"SMITH"}],"neow_cost":"NO_GOLD","seed_source_timestamp":363453754271148,"circlet_count":0,"master_deck":["Strike_R","Strike_R","Defend_R","Defend_R","Defend_R","Defend_R","Bash","Feed+1","Clothesline","Shockwave","Anger","Armaments","Demon Form+1","Whirlwind","True Grit+1","Flame Barrier","Reaper","Shockwave","Offering","True Grit","Shrug It Off","Exhume","Spot Weakness","Shrug It Off","Shrug It Off","Reaper","Evolve+1","Rupture+1","Sword Boomerang+1","Exhume","Shrug It Off","Sword Boomerang"],"relics":["Burning Blood","Pantograph","Ornamental Fan","Pocketwatch","Mark of Pain","Red Mask","Bronze Scales","PreservedInsect","Smiling Mask","Paper Frog","Red Skull","Runic Pyramid","Lantern","Bag of Preparation","Blood Vial","Bottled Lightning"],"potions_floor_usage":[11,16,22,24,30,33,38,44,45,45,55],"damage_taken":[{"damage":18,"enemies":"Jaw Worm","floor":1,"turns":5},{"damage":0,"enemies":"Cultist","floor":3,"turns":4},{"damage":4,"enemies":"Small Slimes","floor":4,"turns":4},{"damage":6,"enemies":"Red Slaver","floor":5,"turns":4},{"damage":19,"enemies":"Gremlin Nob","floor":6,"turns":5},{"damage":22,"enemies":"Blue Slaver","floor":7,"turns":6},{"damage":21,"enemies":"Lagavulin","floor":10,"turns":6},{"damage":6,"enemies":"2 Fungi Beasts","floor":12,"turns":3},{"damage":14,"enemies":"Exordium Wildlife","floor":14,"turns":5},{"damage":18,"enemies":"The Guardian","floor":16,"turns":10},{"damage":25,"enemies":"Spheric Guardian","floor":18,"turns":5},{"damage":14,"enemies":"Chosen","floor":21,"turns":5},{"damage":24,"enemies":"Masked Bandits","floor":22,"turns":4},{"damage":15,"enemies":"Snecko","floor":24,"turns":4},{"damage":30,"enemies":"Slavers","floor":27,"turns":5},{"damage":30,"enemies":"Shelled Parasite and Fungi","floor":28,"turns":5},{"damage":6,"enemies":"Book of Stabbing","floor":30,"turns":4},{"damage":77,"enemies":"Automaton","floor":33,"turns":14},{"damage":21,"enemies":"Orb Walker","floor":35,"turns":4},{"damage":13,"enemies":"3 Shapes","floor":37,"turns":6},{"damage":61,"enemies":"Writhing Mass","floor":38,"turns":9},{"damage":47,"enemies":"Sphere and 2 Shapes","floor":44,"turns":7},{"damage":75,"enemies":"Reptomancer","floor":45,"turns":8},{"damage":59,"enemies":"Maw","floor":46,"turns":9},{"damage":93,"enemies":"Jaw Worm Horde","floor":48,"turns":6},{"damage":96,"enemies":"Donu and Deca","floor":50,"turns":8},{"damage":66,"enemies":"Shield and Spear","floor":54,"turns":7},{"damage":211,"enemies":"The Heart","floor":55,"turns":11}],"seed_played":"-8414956168969056230","potions_obtained":[{"floor":5,"key":"Strength Potion"},{"floor":7,"key":"FearPotion"},{"floor":11,"key":"Fruit Juice"},{"floor":11,"key":"Dexterity Potion"},{"floor":14,"key":"Block Potion"},{"floor":18,"key":"EssenceOfSteel"},{"floor":27,"key":"Dexterity Potion"},{"floor":28,"key":"SkillPotion"},{"floor":30,"key":"LiquidBronze"},{"floor":33,"key":"Explosive Potion"},{"floor":38,"key":"AttackPotion"},{"floor":45,"key":"SneckoOil"}],"is_trial":false,"path_per_floor":["M","?","M","M","M","E","M","R","T","E","?","M","?","M","R","B",null,"M","?","?","M","?","R","M","$","T","E","M","R","E","$","R","B",null,"M","?","M","M","$","R","?","$","T","M","E","M","$","M","R","B",null,"R","$","E","B",null],"character_chosen":"IRONCLAD","items_purchased":["Bronze Scales","PreservedInsect","Shrug It Off","Lantern","Bag of Preparation","LiquidBronze","Shrug It Off","Sword Boomerang"],"campfire_rested":4,"item_purchase_floors":[25,25,31,39,42,47,47,53],"current_hp_per_floor":[71,71,77,82,85,72,59,59,59,48,53,57,57,53,85,113,113,104,81,81,85,71,71,62,62,62,60,54,94,94,94,134,67,138,135,122,119,89,89,131,131,131,131,108,116,145,145,67,67,140,158,158,158,144,43],"gold":69,"neow_bonus":"THREE_RARE_CARDS","is_prod":false,"is_daily":false,"chose_seed":false,"campfire_upgraded":3,"win_rate":0,"timestamp":1547443778,"path_taken":["M","?","M","M","M","E","M","R","T","E","?","?","?","M","R","BOSS","M","?","?","M","?","R","M","$","T","E","M","R","E","$","R","BOSS","M","?","M","M","?","R","?","?","T","?","E","M","$","M","R","BOSS","R","$","E","BOSS"],"build_version":"2019-01-10","purchased_purges":3,"victory":true,"max_hp_per_floor":[83,83,83,86,89,89,92,92,92,96,101,105,105,109,109,113,113,113,118,118,118,122,122,122,122,122,126,134,134,134,134,134,138,138,138,138,142,142,142,142,142,142,142,150,154,158,158,158,158,158,158,158,158,166,170],"card_choices":[{"not_picked":["Dark Embrace","Fiend Fire"],"picked":"Feed","floor":0},{"not_picked":["Anger","Spot Weakness"],"picked":"Clothesline","floor":1},{"not_picked":["Spot Weakness","Iron Wave"],"picked":"Shockwave","floor":3},{"not_picked":["Evolve","Dropkick"],"picked":"Anger","floor":4},{"not_picked":["Cleave","Perfected Strike"],"picked":"Armaments","floor":5},{"not_picked":["Rage","Impervious"],"picked":"Demon Form","floor":6},{"not_picked":["Armaments","Second Wind"],"picked":"Whirlwind","floor":7},{"not_picked":["Thunderclap","Havoc"],"picked":"True Grit","floor":10},{"not_picked":["Iron Wave","Body Slam","Entrench"],"picked":"SKIP","floor":12},{"not_picked":["Body Slam","Perfected Strike"],"picked":"Shockwave","floor":14},{"not_picked":["Brutality","Dark Embrace"],"picked":"Offering","floor":16},{"not_picked":["Sever Soul","Iron Wave+1"],"picked":"True Grit","floor":18},{"not_picked":["Armaments","Thunderclap","Sever Soul+1"],"picked":"SKIP","floor":21},{"not_picked":["Blood for Blood+1","Cleave","Anger"],"picked":"SKIP","floor":24},{"not_picked":["Metallicize","Cleave"],"picked":"Exhume","floor":27},{"not_picked":["Second Wind","Anger"],"picked":"Spot Weakness","floor":28},{"not_picked":["Flex","Metallicize"],"picked":"Shrug It Off","floor":30},{"not_picked":["Bludgeon","Demon Form"],"picked":"Reaper","floor":33},{"not_picked":["True Grit","Warcry+1"],"picked":"Evolve+1","floor":35},{"not_picked":["Rampage","Cleave+1"],"picked":"Rupture+1","floor":37},{"not_picked":["Sword Boomerang","Cleave","Perfected Strike+1"],"picked":"SKIP","floor":38},{"not_picked":["Flex","Power Through+1"],"picked":"Sword Boomerang+1","floor":44},{"not_picked":["Warcry+1","Carnage"],"picked":"Exhume","floor":45},{"not_picked":["Clothesline","Pommel Strike+1","True Grit"],"picked":"SKIP","floor":46},{"not_picked":["Dropkick","Iron Wave+1","Cleave"],"picked":"SKIP","floor":48},{"not_picked":["Spot Weakness+1","Wild Strike","Anger+1"],"picked":"SKIP","floor":54}],"player_experience":1255298,"relics_obtained":[{"floor":6,"key":"Pantograph"},{"floor":9,"key":"Ornamental Fan"},{"floor":10,"key":"Pocketwatch"},{"floor":22,"key":"Red Mask"},{"floor":26,"key":"Smiling Mask"},{"floor":27,"key":"Paper Frog"},{"floor":30,"key":"Red Skull"},{"floor":45,"key":"Blood Vial"},{"floor":54,"key":"Bottled Lightning"}],"event_choices":[{"damage_healed":0,"gold_gain":0,"player_choice":"Leave","damage_taken":0,"max_hp_gain":0,"max_hp_loss":0,"event_name":"The Cleric","floor":2,"gold_loss":0},{"damage_healed":0,"gold_gain":0,"player_choice":"Got Potions","damage_taken":0,"max_hp_gain":0,"max_hp_loss":0,"event_name":"Lab","floor":11,"gold_loss":0},{"damage_healed":0,"gold_gain":0,"player_choice":"2 cards matched","damage_taken":0,"max_hp_gain":0,"max_hp_loss":0,"event_name":"Match and Keep!","floor":13,"gold_loss":0,"cards_obtained":["Flame Barrier","Reaper"]},{"damage_healed":0,"gold_gain":0,"player_choice":"Shed Blood","damage_taken":28,"max_hp_gain":5,"max_hp_loss":0,"event_name":"Forgotten Altar","floor":19,"gold_loss":0},{"damage_healed":0,"gold_gain":0,"player_choice":"Read","damage_taken":0,"max_hp_gain":0,"max_hp_loss":0,"event_name":"The Library","floor":20,"gold_loss":0,"cards_obtained":["Shrug It Off"]},{"damage_healed":0,"gold_gain":0,"player_choice":"Fought Bandits","damage_taken":0,"max_hp_gain":0,"max_hp_loss":0,"event_name":"Masked Bandits","floor":22,"gold_loss":0},{"damage_healed":0,"gold_gain":0,"player_choice":"Damaged","damage_taken":13,"max_hp_gain":0,"max_hp_loss":0,"event_name":"Wheel of Change","floor":36,"gold_loss":0},{"damage_healed":0,"gold_gain":222,"player_choice":"Wore Mask","damage_taken":0,"max_hp_gain":0,"max_hp_loss":0,"event_name":"Tomb of Lord Red Mask","floor":41,"gold_loss":0}],"is_beta":true,"boss_relics":[{"not_picked":["Orrery","Black Blood"],"picked":"Mark of Pain"},{"not_picked":["Eternal Feather","Runic Cube"],"picked":"Runic Pyramid"}],"items_purged_floors":[31,39,42],"is_endless":false,"potions_floor_spawned":[5,7,12,14,18,27,28,30,33,38,45],"ascension_level":2}