{"path_per_floor":["M","$","M","?","M","R","E","M","T","R","M","M","R","E","R","B",null,"M","M","?","M","?","R"],"character_chosen":"THE_SILENT","items_purchased":["Slice"],"gold_per_floor":[111,64,79,154,174,174,199,216,288,288,303,318,318,318,318,417,417,432,407,407,426,426,426,426],"floor_reached":24,"campfire_rested":5,"playtime":1036,"item_purchase_floors":[2],"current_hp_per_floor":[62,62,51,40,39,60,39,22,22,43,34,29,50,50,70,35,61,50,32,32,15,15,25,0],"items_purged":[],"gold":426,"score":363,"play_id":"cf595ffd-8c88-4ae8-97d1-cc1d11565f4c","local_time":"20180602003746","is_prod":false,"is_daily":false,"chose_seed":false,"is_ascension_mode":true,"campfire_upgraded":0,"win_rate":0,"timestamp":1527914266,"campfire_choices":[{"floor":6,"key":"REST"},{"floor":10,"key":"REST"},{"floor":13,"key":"REST"},{"floor":15,"key":"REST"},{"floor":23,"key":"REST"}],"path_taken":["M","$","?","?","?","R","E","M","T","R","M","M","R","E","R","BOSS","M","M","?","M","?","R","E"],"build_version":"2018-05-30v2","seed_source_timestamp":1342873817009459,"purchased_purges":0,"victory":false,"master_deck":["Defend_G","Defend_G","Defend_G","Defend_G","Strike_G","Strike_G","Strike_G","Survivor","Neutralize","Escape Plan","Slice","Riddle With Holes","Noxious Fumes","Adrenaline","Footwork","Dash","Backflip","Adrenaline","Flying Knee+1","Footwork+1","Dagger Throw+1","Backflip","Catalyst","Neutralize","Blade Dance","Ghostly","Ghostly","Ghostly","Ghostly","Ghostly"],"max_hp_per_floor":[70,70,70,70,70,70,70,70,70,70,70,70,70,70,70,70,70,70,70,70,70,35,35,35],"relics":["Ring of the Snake","Peace Pipe","Question Card","Astrolabe"],"card_choices":[{"not_picked":["Prepared","Slice"],"picked":"Escape Plan","floor":1},{"not_picked":["Acrobatics","Outmaneuver"],"picked":"Riddle With Holes","floor":3},{"not_picked":["Riddle With Holes","Deadly Poison"],"picked":"Noxious Fumes","floor":5},{"not_picked":["Heel Hook","Skewer"],"picked":"Adrenaline","floor":7},{"not_picked":["Blur","Quick Slash"],"picked":"Footwork","floor":8},{"not_picked":["Sucker Punch","PiercingWail","Expertise"],"picked":"Dash","floor":11},{"not_picked":["Dodge and Roll","Dagger Throw","Dagger Spray"],"picked":"Backflip","floor":12},{"not_picked":["Envenom","Storm of Steel","Tactician"],"picked":"Adrenaline","floor":16},{"not_picked":["Poisoned Stab+1","Acrobatics","Flying Knee"],"picked":"Backflip","floor":18},{"not_picked":["Slice","Distraction","Underhanded Strike"],"picked":"Catalyst","floor":19},{"not_picked":["Venomology","Outmaneuver","Underhanded Strike"],"picked":"Blade Dance","floor":21}],"player_experience":387094,"potions_floor_usage":[7,14,24],"damage_taken":[{"damage":1,"enemies":"Cultist","floor":1,"turns":5},{"damage":11,"enemies":"Jaw Worm","floor":3,"turns":7},{"damage":1,"enemies":"Small Slimes","floor":5,"turns":4},{"damage":21,"enemies":"Gremlin Nob","floor":7,"turns":5},{"damage":17,"enemies":"Exordium Thugs","floor":8,"turns":5},{"damage":9,"enemies":"Red Slaver","floor":11,"turns":5},{"damage":5,"enemies":"Looter","floor":12,"turns":4},{"damage":0,"enemies":"Lagavulin","floor":14,"turns":1},{"damage":35,"enemies":"The Guardian","floor":16,"turns":16},{"damage":11,"enemies":"Spheric Guardian","floor":18,"turns":6},{"damage":18,"enemies":"2 Thieves","floor":19,"turns":5},{"damage":17,"enemies":"Cultist and Chosen","floor":21,"turns":8},{"damage":28,"enemies":"Book of Stabbing","floor":24,"turns":7}],"relics_obtained":[{"floor":7,"key":"Peace Pipe"},{"floor":9,"key":"Question Card"}],"event_choices":[{"event_name":"World of Goop","player_choice":"Gather Gold","floor":4,"damage_taken":0},{"event_name":"Match and Keep!","player_choice":"1 cards matched","floor":20,"damage_taken":0},{"event_name":"Ghosts","player_choice":"Became a Ghost","floor":22,"damage_taken":0}],"boss_relics":[{"not_picked":["White Beast Statue","Runic Dome"],"picked":"Astrolabe"}],"items_purged_floors":[],"potions_floor_spawned":[1,3,14,21],"seed_played":"-2966959533617602920","killed_by":"Book of Stabbing","ascension_level":9,"potions_obtained":[{"floor":1,"key":"GhostInAJar"},{"floor":3,"key":"SmokeBomb"},{"floor":21,"key":"PowerPotion"}],"is_trial":false}