{"gold_per_floor":[119,198,215,231,306,306,337,357,357,389,402,402,577,15,15,119,119,138,138,38,63,40,40,51,71,71,91,104,117,117,117,117,221,221,232,232,252,18,28,28,47,47,47,58,58,85,135,155,155,155,155,155,7,42,42],"floor_reached":55,"playtime":2709,"items_purged":["Doubt","Strike_R"],"score":889,"play_id":"8e6a4f85-85a6-4907-ace2-2817506efa50","local_time":"20181230165158","is_ascension_mode":false,"campfire_choices":[{"data":"Cleave","floor":6,"key":"SMITH"},{"floor":12,"key":"REST"},{"data":"Demon Form","floor":15,"key":"SMITH"},{"data":"Feed","floor":23,"key":"SMITH"},{"data":"Armaments","floor":30,"key":"SMITH"},{"data":"Metallicize","floor":32,"key":"SMITH"},{"floor":40,"key":"REST"},{"data":"Limit Break","floor":42,"key":"SMITH"},{"data":"Whirlwind","floor":45,"key":"SMITH"},{"floor":49,"key":"RECALL"},{"data":"Disarm","floor":52,"key":"SMITH"}],"neow_cost":"NONE","seed_source_timestamp":5226015971792,"circlet_count":0,"master_deck":["Bash+1","Headbutt","Cleave+1","Dropkick","Corruption","Shockwave","Shrug It Off","Demon Form+1","Feed+1","Fiend Fire","Shrug It Off","Metallicize+1","Armaments+1","Metallicize+1","Parasite","Evolve","Seeing Red+1","Seeing Red","Limit Break+1","Rage","Heavy Blade","Rage","Wild Strike","Sever Soul","Dark Embrace","Metallicize","Power Through","Whirlwind+1","Sword Boomerang+1","Panacea","Parasite","Ghostly Armor+1","Shockwave+1","Decay","Power Through+1","Disarm+1","Shrug It Off","Dual Wield"],"relics":["Burning Blood","Mummified Hand","Happy Flower","Pen Nib","Strawberry","Bottled Tornado","Cursed Key","Red Mask","Kunai","MutagenicStrength","Pandora\u0027s Box","Orichalcum","Red Skull","Pocketwatch","Bronze Scales","Lantern"],"potions_floor_usage":[10,25,28,29,33,33,33,46,47,55],"damage_taken":[{"damage":8,"enemies":"2 Louse","floor":1,"turns":2},{"damage":6,"enemies":"Jaw Worm","floor":3,"turns":3},{"damage":2,"enemies":"Small Slimes","floor":4,"turns":3},{"damage":46,"enemies":"3 Sentries","floor":7,"turns":11},{"damage":1,"enemies":"2 Fungi Beasts","floor":8,"turns":3},{"damage":26,"enemies":"Lagavulin","floor":10,"turns":4},{"damage":1,"enemies":"Exordium Thugs","floor":11,"turns":3},{"damage":0,"enemies":"Slime Boss","floor":16,"turns":5},{"damage":16,"enemies":"Shell Parasite","floor":18,"turns":3},{"damage":18,"enemies":"Masked Bandits","floor":21,"turns":3},{"damage":1,"enemies":"Chosen","floor":24,"turns":2},{"damage":2,"enemies":"Sentry and Sphere","floor":25,"turns":4},{"damage":3,"enemies":"Snecko","floor":27,"turns":3},{"damage":1,"enemies":"Chosen and Byrds","floor":28,"turns":4},{"damage":13,"enemies":"Sentry and Sphere","floor":29,"turns":4},{"damage":18,"enemies":"Automaton","floor":33,"turns":10},{"damage":21,"enemies":"Orb Walker","floor":35,"turns":4},{"damage":29,"enemies":"3 Darklings","floor":37,"turns":7},{"damage":6,"enemies":"Writhing Mass","floor":39,"turns":9},{"damage":0,"enemies":"Jaw Worm Horde","floor":41,"turns":2},{"damage":6,"enemies":"Spire Growth","floor":44,"turns":5},{"damage":0,"enemies":"Giant Head","floor":46,"turns":6},{"damage":16,"enemies":"2 Orb Walkers","floor":47,"turns":4},{"damage":27,"enemies":"Writhing Mass","floor":48,"turns":7},{"damage":52,"enemies":"Donu and Deca","floor":50,"turns":6},{"damage":68,"enemies":"Shield and Spear","floor":54,"turns":6},{"damage":73,"enemies":"The Heart","floor":55,"turns":8}],"seed_played":"-6369766291854898012","potions_obtained":[{"floor":4,"key":"GamblersBrew"},{"floor":7,"key":"Poison Potion"},{"floor":8,"key":"Swift Potion"},{"floor":24,"key":"PowerPotion"},{"floor":27,"key":"Dexterity Potion"},{"floor":28,"key":"Swift Potion"},{"floor":29,"key":"GamblersBrew"},{"floor":35,"key":"LiquidBronze"},{"floor":39,"key":"GamblersBrew"},{"floor":44,"key":"Poison Potion"}],"is_trial":false,"path_per_floor":["M","?","M","M","T","R","E","M","T","E","M","R","?","$","R","B",null,"M","?","$","?","$","R","M","M","T","M","M","M","R","?","R","B",null,"M","?","M","$","M","R","M","R","T","M","R","E","?","M","R","B",null,"R","$","E","B"],"character_chosen":"IRONCLAD","items_purchased":["Demon Form","Feed","Bottled Tornado","Armaments","Orichalcum","Panacea","Bronze Scales"],"campfire_rested":2,"item_purchase_floors":[14,14,14,22,38,38,53],"current_hp_per_floor":[78,78,78,80,80,80,40,45,45,32,37,63,63,63,63,69,87,77,77,77,68,68,68,73,81,81,84,93,90,90,90,90,82,106,95,95,72,72,76,110,114,114,114,118,118,118,112,95,95,53,130,130,130,72,0],"gold":42,"neow_bonus":"UPGRADE_CARD","is_prod":false,"is_daily":false,"chose_seed":false,"campfire_upgraded":8,"win_rate":0,"timestamp":1546206718,"path_taken":["M","?","M","M","?","R","E","M","T","E","M","R","?","$","R","BOSS","M","?","?","?","$","R","M","M","T","M","M","?","R","?","R","BOSS","M","?","M","$","M","R","M","R","T","M","R","E","?","M","R","BOSS","R","$","E","BOSS"],"build_version":"2018-12-25","purchased_purges":2,"victory":false,"max_hp_per_floor":[80,80,80,80,80,80,80,80,80,87,87,87,87,87,87,87,87,87,87,87,90,90,90,90,94,94,94,98,102,102,102,102,106,106,110,110,110,110,114,114,114,114,114,118,118,118,122,126,126,130,130,130,130,134,134],"card_choices":[{"not_picked":["Second Wind","Seeing Red"],"picked":"Headbutt","floor":1},{"not_picked":["Iron Wave","Perfected Strike"],"picked":"Cleave","floor":3},{"not_picked":["Flex","Reckless Charge"],"picked":"Dropkick","floor":4},{"not_picked":["Flex","Heavy Blade"],"picked":"Corruption","floor":7},{"not_picked":["Warcry","Headbutt"],"picked":"Shockwave","floor":8},{"not_picked":["Infernal Blade","Twin Strike"],"picked":"Shrug It Off","floor":10},{"not_picked":["Reckless Charge","Wild Strike"],"picked":"Spot Weakness","floor":11},{"not_picked":["Berserk","Brutality"],"picked":"Fiend Fire","floor":16},{"not_picked":["Pommel Strike","Perfected Strike"],"picked":"Shrug It Off","floor":18},{"not_picked":["Pommel Strike","True Grit"],"picked":"Metallicize+1","floor":21},{"not_picked":["Thunderclap+1","Sentinel"],"picked":"Metallicize","floor":24},{"not_picked":["Twin Strike","Armaments","Sword Boomerang"],"picked":"SKIP","floor":25},{"not_picked":["Iron Wave","Rupture+1"],"picked":"Evolve","floor":27},{"not_picked":["Perfected Strike","Wild Strike"],"picked":"Seeing Red+1","floor":28},{"not_picked":["Infernal Blade","Twin Strike"],"picked":"Seeing Red","floor":29},{"not_picked":["Demon Form","Exhume"],"picked":"Limit Break","floor":33},{"not_picked":["Second Wind","Anger"],"picked":"Whirlwind","floor":35},{"not_picked":["Uppercut+1","Cleave"],"picked":"Sword Boomerang+1","floor":37},{"not_picked":["Armaments","Reckless Charge"],"picked":"Ghostly Armor+1","floor":39},{"not_picked":["Havoc","Inflame+1"],"picked":"Shockwave+1","floor":41},{"not_picked":["Heavy Blade+1","Iron Wave+1"],"picked":"Power Through+1","floor":44},{"not_picked":["Body Slam","Spot Weakness"],"picked":"Disarm","floor":46},{"not_picked":["Searing Blow","Power Through+1"],"picked":"Shrug It Off","floor":48},{"not_picked":["Dropkick","Intimidate+1"],"picked":"Dual Wield","floor":54}],"player_experience":1080521,"relics_obtained":[{"floor":5,"key":"Mummified Hand"},{"floor":7,"key":"Happy Flower"},{"floor":9,"key":"Pen Nib"},{"floor":10,"key":"Strawberry"},{"floor":21,"key":"Red Mask"},{"floor":26,"key":"Kunai"},{"floor":46,"key":"Red Skull"},{"floor":47,"key":"Pocketwatch"},{"floor":54,"key":"Lantern"}],"event_choices":[{"damage_healed":0,"gold_gain":79,"player_choice":"Gained Gold","damage_taken":0,"max_hp_gain":0,"max_hp_loss":0,"event_name":"Golden Wing","floor":2,"gold_loss":0},{"damage_healed":0,"gold_gain":175,"player_choice":"AGREE","damage_taken":0,"max_hp_gain":0,"max_hp_loss":0,"event_name":"Liars Game","floor":13,"gold_loss":0,"cards_obtained":["Doubt"]},{"damage_healed":0,"gold_gain":0,"player_choice":"0 cards matched","damage_taken":0,"max_hp_gain":0,"max_hp_loss":0,"event_name":"Match and Keep!","floor":19,"gold_loss":0,"cards_obtained":[]},{"damage_healed":0,"gold_gain":0,"player_choice":"Fought Bandits","damage_taken":0,"max_hp_gain":0,"max_hp_loss":0,"event_name":"Masked Bandits","floor":21,"gold_loss":0},{"damage_healed":0,"gold_gain":0,"player_choice":"Inject Mutagens","damage_taken":0,"relics_obtained":["MutagenicStrength"],"max_hp_gain":0,"max_hp_loss":0,"event_name":"Drug Dealer","floor":31,"gold_loss":0},{"cards_removed":["Spot Weakness"],"damage_healed":0,"gold_gain":0,"player_choice":"Removed Skill","damage_taken":0,"max_hp_gain":0,"max_hp_loss":0,"event_name":"Falling","floor":36,"gold_loss":0},{"damage_healed":0,"gold_gain":0,"player_choice":"Fight","damage_taken":0,"max_hp_gain":0,"max_hp_loss":0,"event_name":"Mysterious Sphere","floor":47,"gold_loss":0}],"is_beta":true,"boss_relics":[{"not_picked":["Empty Cage","Calling Bell"],"picked":"Cursed Key"},{"not_picked":["Black Star","Runic Cube"],"picked":"Pandora\u0027s Box"}],"items_purged_floors":[14,20],"is_endless":false,"potions_floor_spawned":[4,7,8,24,27,28,29,35,39,44],"killed_by":"The Heart","ascension_level":0}