{"gold_per_floor":[115,133,133,308,324,324,30,49,49,89,114,138,138,163,163,163],"floor_reached":16,"playtime":969,"items_purged":["Doubt"],"score":163,"play_id":"da1bd173-686e-4e42-9436-db89955eb286","local_time":"20181215195843","is_ascension_mode":true,"campfire_choices":[{"data":"Rampage","floor":6,"key":"SMITH"},{"floor":13,"key":"REST"},{"floor":15,"key":"REST"}],"neow_cost":"NONE","seed_source_timestamp":28712102603792,"circlet_count":0,"master_deck":["AscendersBane","Strike_R","Strike_R","Strike_R","Strike_R","Strike_R","Defend_R","Defend_R","Defend_R","Defend_R","Bash","Shockwave","Rampage+1","True Grit","Shrug It Off","Offering","Shockwave","Armaments"],"relics":["Burning Blood","Golden Idol","Blood Vial","Centennial Puzzle","Bottled Lightning"],"potions_floor_usage":[8,10,14,16],"damage_taken":[{"damage":10,"enemies":"2 Louse","floor":1,"turns":3},{"damage":11,"enemies":"Jaw Worm","floor":2,"turns":4},{"damage":12,"enemies":"Small Slimes","floor":5,"turns":4},{"damage":19,"enemies":"Exordium Thugs","floor":8,"turns":6},{"damage":32,"enemies":"3 Sentries","floor":10,"turns":8},{"damage":6,"enemies":"3 Louse","floor":12,"turns":4},{"damage":7,"enemies":"Large Slime","floor":14,"turns":6},{"damage":76,"enemies":"Hexaghost","floor":16,"turns":12}],"seed_played":"-3779741466976199057","potions_obtained":[{"floor":0,"key":"PowerPotion"},{"floor":0,"key":"EssenceOfSteel"},{"floor":10,"key":"Block Potion"},{"floor":12,"key":"SpeedPotion"}],"is_trial":false,"path_per_floor":["M","M","?","?","M","R","$","M","T","E","T","M","R","M","R","B"],"character_chosen":"IRONCLAD","items_purchased":["Blood Vial","True Grit","Shrug It Off"],"campfire_rested":2,"item_purchase_floors":[7,7,7],"current_hp_per_floor":[68,63,63,63,57,57,57,46,46,22,22,24,46,47,69,0],"gold":163,"neow_bonus":"THREE_SMALL_POTIONS","is_prod":false,"is_daily":false,"chose_seed":false,"campfire_upgraded":1,"win_rate":0,"timestamp":1544921923,"path_taken":["M","M","?","?","?","R","$","M","T","E","?","M","R","M","R","BOSS"],"build_version":"2018-12-13","purchased_purges":1,"victory":false,"max_hp_per_floor":[80,80,74,74,74,74,74,74,74,74,74,74,74,74,74,74],"card_choices":[{"not_picked":["Twin Strike","Anger"],"picked":"Shockwave","floor":1},{"not_picked":["Clash","Headbutt"],"picked":"Rampage","floor":2},{"not_picked":["Perfected Strike","Heavy Blade","Blood for Blood"],"picked":"SKIP","floor":5},{"not_picked":["Perfected Strike","Sword Boomerang","Body Slam"],"picked":"SKIP","floor":8},{"not_picked":["Hemokinesis","Havoc"],"picked":"Offering","floor":10},{"not_picked":["Iron Wave","Warcry"],"picked":"Shockwave","floor":12},{"not_picked":["Power Through","Body Slam"],"picked":"Armaments","floor":14}],"player_experience":978167,"relics_obtained":[{"floor":9,"key":"Centennial Puzzle"},{"floor":10,"key":"Bottled Lightning"}],"event_choices":[{"damage_healed":0,"gold_gain":0,"player_choice":"Lose Max HP","damage_taken":0,"relics_obtained":["Golden Idol"],"max_hp_gain":0,"max_hp_loss":6,"event_name":"Golden Idol","floor":3,"gold_loss":0},{"damage_healed":0,"gold_gain":175,"player_choice":"AGREE","damage_taken":0,"max_hp_gain":0,"max_hp_loss":0,"event_name":"Liars Game","floor":4,"gold_loss":0,"cards_obtained":["Doubt"]}],"is_beta":true,"boss_relics":[],"items_purged_floors":[7],"is_endless":false,"potions_floor_spawned":[2,5,10,12],"killed_by":"Hexaghost","ascension_level":12}