{"gold_per_floor":[16,116,135,146,165,165,165,190,190,190,242,242,242,261,261,261],"floor_reached":16,"playtime":618,"items_purged":[],"score":170,"play_id":"bfb94a1e-ba60-4886-b0d9-91b283d8c48a","local_time":"20181228191906","is_ascension_mode":true,"campfire_choices":[{"data":"Dagger Spray","floor":6,"key":"SMITH"},{"data":"Neutralize","floor":10,"key":"SMITH"},{"data":"Cloak And Dagger","floor":12,"key":"SMITH"},{"floor":15,"key":"REST"}],"neow_cost":"NO_GOLD","seed_source_timestamp":4333617242145,"circlet_count":0,"master_deck":["AscendersBane","Defend_G","Defend_G","Defend_G","Defend_G","Defend_G","Strike_G","Strike_G","Strike_G","Strike_G","Strike_G","Survivor","Neutralize+1","Dagger Throw","Dagger Spray+1","Tactician","Cloak And Dagger+1","PiercingWail","PiercingWail"],"relics":["Ring of the Snake","Tough Bandages","Oddly Smooth Stone","PreservedInsect"],"potions_floor_usage":[8,16],"damage_taken":[{"damage":6,"enemies":"Small Slimes","floor":1,"turns":6},{"damage":0,"enemies":"Cultist","floor":3,"turns":4},{"damage":0,"enemies":"Jaw Worm","floor":4,"turns":4},{"damage":0,"enemies":"Blue Slaver","floor":5,"turns":6},{"damage":12,"enemies":"3 Sentries","floor":8,"turns":9},{"damage":5,"enemies":"Looter","floor":14,"turns":4},{"damage":76,"enemies":"Slime Boss","floor":16,"turns":11}],"seed_played":"5768953230497828173","potions_obtained":[{"floor":1,"key":"Block Potion"},{"floor":13,"key":"FairyPotion"},{"floor":13,"key":"Dexterity Potion"}],"is_trial":false,"path_per_floor":["M","?","M","M","M","R","?","E","T","R","T","R","?","M","R","B"],"character_chosen":"THE_SILENT","items_purchased":[],"campfire_rested":1,"item_purchase_floors":[],"current_hp_per_floor":[53,53,53,53,53,53,58,46,46,46,46,46,46,41,62,0],"gold":261,"neow_bonus":"ONE_RARE_RELIC","is_prod":false,"is_daily":false,"chose_seed":false,"campfire_upgraded":3,"win_rate":0,"timestamp":1546042746,"path_taken":["M","?","M","M","?","R","?","E","T","R","?","R","?","M","R","BOSS"],"build_version":"2018-12-25","purchased_purges":0,"victory":false,"max_hp_per_floor":[66,66,66,66,66,66,71,71,71,71,71,71,71,71,71,71],"card_choices":[{"not_picked":["Endless Agony","Quick Slash"],"picked":"Dagger Throw","floor":1},{"not_picked":["Underhanded Strike","Calculated Gamble"],"picked":"Dagger Spray","floor":3},{"not_picked":["Setup","Bane"],"picked":"Tactician","floor":4},{"not_picked":["Reflex","Backflip"],"picked":"Cloak And Dagger","floor":5},{"not_picked":["Quick Slash","Setup"],"picked":"PiercingWail","floor":8},{"not_picked":["Heel Hook","Bane"],"picked":"PiercingWail","floor":14}],"player_experience":1048020,"relics_obtained":[{"floor":8,"key":"Oddly Smooth Stone"},{"floor":11,"key":"PreservedInsect"}],"event_choices":[{"damage_healed":0,"gold_gain":100,"player_choice":"Pray","damage_taken":0,"max_hp_gain":0,"max_hp_loss":0,"event_name":"Golden Shrine","floor":2,"gold_loss":0},{"damage_healed":0,"gold_gain":0,"player_choice":"Donut","damage_taken":0,"max_hp_gain":5,"max_hp_loss":0,"event_name":"Big Fish","floor":7,"gold_loss":0},{"damage_healed":0,"gold_gain":0,"player_choice":"Got Potions","damage_taken":0,"max_hp_gain":0,"max_hp_loss":0,"event_name":"Lab","floor":13,"gold_loss":0}],"is_beta":true,"boss_relics":[],"items_purged_floors":[],"is_endless":false,"potions_floor_spawned":[1],"killed_by":"Slime Boss","ascension_level":14}