{"gold_per_floor":[20,32,32,47,59,59,79,79,79,112,127,147,147,476,476,476],"floor_reached":16,"playtime":843,"items_purged":[],"score":228,"play_id":"92fba52f-0075-4a1e-b14a-451328edc420","local_time":"20190217192122","is_ascension_mode":true,"campfire_choices":[{"data":"Poisoned Stab","floor":6.0,"key":"SMITH"},{"data":"Flechettes","floor":8.0,"key":"SMITH"},{"data":"Dagger Spray","floor":13.0,"key":"SMITH"},{"data":"Corpse Explosion","floor":15.0,"key":"SMITH"}],"neow_cost":"NO_GOLD","seed_source_timestamp":177687332974176,"circlet_count":0,"master_deck":["AscendersBane","Defend_G","Defend_G","Defend_G","Defend_G","Defend_G","Strike_G","Strike_G","Strike_G","Strike_G","Survivor","Neutralize","Deflect","Poisoned Stab+1","Flechettes+1","Flying Knee","Dagger Spray+1","Backflip","Deflect","Corpse Explosion+1"],"special_seed":0,"relics":["Ring of the Snake","Mango","Ginger","Frozen Egg 2","Old Coin"],"potions_floor_usage":[16,16],"damage_taken":[{"damage":6.0,"enemies":"2 Louse","floor":1.0,"turns":5.0},{"damage":2.0,"enemies":"Jaw Worm","floor":2.0,"turns":6.0},{"damage":1.0,"enemies":"Small Slimes","floor":4.0,"turns":5.0},{"damage":8.0,"enemies":"3 Louse","floor":5.0,"turns":6.0},{"damage":0.0,"enemies":"Looter","floor":7.0,"turns":4.0},{"damage":1.0,"enemies":"Gremlin Nob","floor":10.0,"turns":4.0},{"damage":0.0,"enemies":"Large Slime","floor":11.0,"turns":4.0},{"damage":3.0,"enemies":"2 Fungi Beasts","floor":12.0,"turns":3.0},{"damage":17.0,"enemies":"3 Sentries","floor":14.0,"turns":8.0},{"damage":35,"enemies":"Slime Boss","floor":16,"turns":6}],"seed_played":"5209439944774353074","potions_obtained":[{"floor":5.0,"key":"GhostInAJar"},{"floor":7.0,"key":"Ancient Potion"},{"floor":10.0,"key":"Energy Potion"},{"floor":14.0,"key":"SkillPotion"}],"is_trial":false,"path_per_floor":["M","M","?","M","M","R","M","R","T","E","M","M","R","E","R","B"],"character_chosen":"THE_SILENT","items_purchased":[],"campfire_rested":0,"item_purchase_floors":[],"current_hp_per_floor":[67,65,58,57,49,49,49,49,49,48,48,45,45,28,28,0],"gold":476,"neow_bonus":"ONE_RARE_RELIC","is_prod":false,"is_daily":false,"chose_seed":false,"campfire_upgraded":4,"win_rate":0,"timestamp":1550460082,"path_taken":["M","M","?","M","M","R","M","R","T","E","M","M","R","E","R","BOSS"],"build_version":"2019-02-06","purchased_purges":0,"victory":false,"max_hp_per_floor":[80,80,80,80,80,80,80,80,80,80,80,80,80,80,80,80],"card_choices":[{"not_picked":["Acrobatics","Bane","Outmaneuver"],"picked":"SKIP","floor":1.0},{"not_picked":["Outmaneuver","PiercingWail"],"picked":"Deflect","floor":2.0},{"not_picked":["Accuracy","PiercingWail"],"picked":"Poisoned Stab","floor":4.0},{"not_picked":["Finisher","Doppelganger"],"picked":"Flechettes","floor":5.0},{"not_picked":["Sucker Punch","Acrobatics"],"picked":"Flying Knee","floor":7.0},{"not_picked":["Dodge and Roll","Prepared"],"picked":"Dagger Spray","floor":10.0},{"not_picked":["Bane","Quick Slash"],"picked":"Backflip","floor":11.0},{"not_picked":["Poisoned Stab","Slice"],"picked":"Deflect","floor":12.0},{"not_picked":["Dagger Spray","Riddle With Holes"],"picked":"Corpse Explosion","floor":14.0}],"player_experience":1336401,"relics_obtained":[{"floor":9.0,"key":"Ginger"},{"floor":10.0,"key":"Frozen Egg 2"},{"floor":14.0,"key":"Old Coin"}],"event_choices":[{"cards_removed":["Strike_G"],"damage_healed":0.0,"max_hp_gain":0.0,"max_hp_loss":0.0,"gold_gain":0.0,"event_name":"Golden Wing","player_choice":"Card Removal","floor":3.0,"gold_loss":0.0,"damage_taken":7.0}],"is_beta":true,"boss_relics":[],"items_purged_floors":[],"is_endless":false,"potions_floor_spawned":[5,7,10,14],"killed_by":"Slime Boss","ascension_level":20}