{"gold_per_floor":[118,118,118,24,38,38,65,65,119,143,155,181,226,248,260,375,387,418,345,357,385,34,34,51,51,51,51,67,94,110,142,142,244,244,263,363,227,327,342,342,374,391,391,50,65,65,90,100,100,100,100,100,49,83,83],"floor_reached":55,"playtime":2599,"items_purged":["Strike_G"],"score":1160,"play_id":"4e01ab46-7eaf-4bb2-8aa9-f8ab89f0c69b","local_time":"20190129222119","is_ascension_mode":true,"campfire_choices":[{"data":"Neutralize","floor":6.0,"key":"SMITH"},{"floor":8.0,"key":"REST"},{"data":"Predator","floor":11.0,"key":"SMITH"},{"floor":15.0,"key":"REST"},{"data":"Cloak And Dagger","floor":23.0,"key":"SMITH"},{"data":"A Thousand Cuts","floor":25.0,"key":"SMITH"},{"data":"Cloak And Dagger","floor":32.0,"key":"SMITH"},{"floor":40.0,"key":"RECALL"},{"floor":46.0,"key":"REST"},{"floor":49.0,"key":"REST"},{"floor":52.0,"key":"REST"}],"neow_cost":"NONE","seed_source_timestamp":176781463161587,"circlet_count":0,"master_deck":["Defend_G","Defend_G","Defend_G","Defend_G","Defend_G","Strike_G","Strike_G","Strike_G","Strike_G","Survivor","Neutralize+1","Cloak And Dagger","Predator+1","Cloak And Dagger+1","PiercingWail","Finisher","Heel Hook","Finisher","Infinite Blades","Caltrops","Adrenaline","Caltrops+1","Dodge and Roll+1","A Thousand Cuts+1","Well Laid Plans","Cloak And Dagger+1","Die Die Die","Dodge and Roll","After Image","PiercingWail+1","Blade Dance","Well Laid Plans","Escape Plan+1","Masterful Stab+1","Blur","Blade Dance","Infinite Blades","Cloak And Dagger","Wraith Form v2"],"special_seed":0,"relics":["Ring of the Snake","Bag of Preparation","Ancient Tea Set","MawBank","Ninja Scroll","Philosopher\u0027s Stone","Shuriken","MutagenicStrength","PreservedInsect","Letter Opener","Unceasing Top","Blood Vial","Fusion Hammer","Du-Vu Doll","Mummified Hand","Ornamental Fan","Molten Egg 2","Bag of Marbles"],"potions_floor_usage":[55,55,55],"damage_taken":[{"damage":4.0,"enemies":"Jaw Worm","floor":1.0,"turns":6.0},{"damage":0.0,"enemies":"Small Slimes","floor":5.0,"turns":4.0},{"damage":53.0,"enemies":"Gremlin Nob","floor":7.0,"turns":6.0},{"damage":0.0,"enemies":"Cultist","floor":10.0,"turns":2.0},{"damage":0.0,"enemies":"Looter","floor":12.0,"turns":2.0},{"damage":17.0,"enemies":"3 Sentries","floor":13.0,"turns":9.0},{"damage":0.0,"enemies":"2 Fungi Beasts","floor":14.0,"turns":2.0},{"damage":34.0,"enemies":"Slime Boss","floor":16.0,"turns":6.0},{"damage":2.0,"enemies":"Spheric Guardian","floor":18.0,"turns":3.0},{"damage":0.0,"enemies":"Chosen","floor":21.0,"turns":3.0},{"damage":1.0,"enemies":"Centurion and Healer","floor":24.0,"turns":4.0},{"damage":9.0,"enemies":"Snake Plant","floor":28.0,"turns":3.0},{"damage":0.0,"enemies":"Gremlin Leader","floor":29.0,"turns":5.0},{"damage":0.0,"enemies":"Chosen and Byrds","floor":30.0,"turns":3.0},{"damage":4.0,"enemies":"Book of Stabbing","floor":31.0,"turns":3.0},{"damage":54.0,"enemies":"Automaton","floor":33.0,"turns":7.0},{"damage":0.0,"enemies":"3 Darklings","floor":35.0,"turns":4.0},{"damage":0.0,"enemies":"Mind Bloom Boss Battle","floor":36.0,"turns":4.0},{"damage":1.0,"enemies":"3 Shapes","floor":39.0,"turns":5.0},{"damage":6.0,"enemies":"Nemesis","floor":41.0,"turns":3.0},{"damage":0.0,"enemies":"Spire Growth","floor":42.0,"turns":3.0},{"damage":0.0,"enemies":"Writhing Mass","floor":45.0,"turns":4.0},{"damage":0.0,"enemies":"Giant Head","floor":47.0,"turns":2.0},{"damage":0.0,"enemies":"Jaw Worm Horde","floor":48.0,"turns":1.0},{"damage":31.0,"enemies":"Awakened One","floor":50.0,"turns":9.0},{"damage":12.0,"enemies":"Shield and Spear","floor":54.0,"turns":5.0},{"damage":65,"enemies":"The Heart","floor":55,"turns":6}],"seed_played":"8308520526006379790","potions_obtained":[{"floor":7.0,"key":"EssenceOfSteel"},{"floor":13.0,"key":"AttackPotion"},{"floor":16.0,"key":"AttackPotion"},{"floor":21.0,"key":"GamblersBrew"},{"floor":28.0,"key":"Regen Potion"},{"floor":30.0,"key":"Swift Potion"},{"floor":33.0,"key":"SkillPotion"},{"floor":39.0,"key":"Strength Potion"},{"floor":42.0,"key":"GhostInAJar"},{"floor":45.0,"key":"PowerPotion"},{"floor":54.0,"key":"FearPotion"}],"is_trial":false,"path_per_floor":["M","?","?","$","M","R","E","R","T","M","R","M","E","M","R","B",null,"M","?","?","M","$","R","M","R","T","?","M","E","M","E","R","B",null,"M","?","$","?","M","R","E","M","T","$","M","R","E","M","R","B",null,"R","$","E","B"],"character_chosen":"THE_SILENT","items_purchased":["Predator","Cloak And Dagger","PreservedInsect","A Thousand Cuts","Blade Dance","Well Laid Plans","SteroidPotion","Ornamental Fan","Blur","Blade Dance","Dexterity Potion"],"campfire_rested":5,"item_purchase_floors":[4,4,22,22,37,37,37,44,44,44,53],"current_hp_per_floor":[59,64,64,64,64,64,11,33,33,33,33,33,16,16,38,4,57,55,55,55,55,55,55,54,54,54,75,66,75,75,71,71,19,61,63,65,65,65,66,66,62,64,64,64,66,75,75,75,75,44,67,75,75,63,0],"gold":83,"neow_bonus":"RANDOM_COMMON_RELIC","is_prod":false,"is_daily":false,"chose_seed":false,"campfire_upgraded":5,"win_rate":0,"timestamp":1548818479,"path_taken":["M","?","?","?","M","R","E","R","T","M","R","M","E","?","R","BOSS","M","?","?","M","$","R","M","R","T","?","M","E","M","E","R","BOSS","M","?","$","?","?","R","E","M","T","$","M","R","E","M","R","BOSS","R","$","E","BOSS"],"build_version":"2019-01-23","purchased_purges":1,"victory":false,"max_hp_per_floor":[70,75,75,75,75,75,75,75,75,75,75,75,75,75,75,75,75,75,75,75,75,75,75,75,75,75,75,75,75,75,75,75,75,75,75,75,75,75,75,75,75,75,75,75,75,75,75,75,75,75,75,75,75,75,75],"card_choices":[{"not_picked":["Prepared","Tactician"],"picked":"Cloak And Dagger","floor":1.0},{"not_picked":["Backflip","Crippling Poison"],"picked":"PiercingWail","floor":5.0},{"not_picked":["Dodge and Roll","Eviscerate"],"picked":"Finisher","floor":7.0},{"not_picked":["Caltrops","Quick Slash"],"picked":"Heel Hook","floor":10.0},{"not_picked":["Quick Slash","Bouncing Flask"],"picked":"Finisher","floor":12.0},{"not_picked":["Endless Agony","Masterful Stab"],"picked":"Infinite Blades","floor":13.0},{"not_picked":["Underhanded Strike","Deflect"],"picked":"Caltrops","floor":14.0},{"not_picked":["Tools of the Trade","Night Terror"],"picked":"Adrenaline","floor":16.0},{"not_picked":["Dagger Throw","Escape Plan"],"picked":"Caltrops+1","floor":18.0},{"not_picked":["Sucker Punch","Bouncing Flask"],"picked":"Dodge and Roll+1","floor":21.0},{"not_picked":["Deadly Poison+1","Backflip+1"],"picked":"Well Laid Plans","floor":24.0},{"not_picked":["Poisoned Stab","Infinite Blades"],"picked":"Cloak And Dagger","floor":28.0},{"not_picked":["Tactician","Catalyst","Prepared"],"picked":"SKIP","floor":29.0},{"not_picked":["PiercingWail","Dagger Throw"],"picked":"Die Die Die","floor":30.0},{"not_picked":["All Out Attack","Flying Knee"],"picked":"Dodge and Roll","floor":31.0},{"not_picked":["A Thousand Cuts","Grand Finale"],"picked":"After Image","floor":33.0},{"not_picked":["Calculated Gamble","Dash","Crippling Poison"],"picked":"SKIP","floor":35.0},{"not_picked":["Crippling Poison","Deadly Poison"],"picked":"PiercingWail+1","floor":36.0},{"not_picked":["Tactician+1","Flying Knee+1"],"picked":"Escape Plan+1","floor":39.0},{"not_picked":["Underhanded Strike+1","Unload"],"picked":"Masterful Stab+1","floor":41.0},{"not_picked":["Underhanded Strike","Deadly Poison+1","Dash+1"],"picked":"SKIP","floor":42.0},{"not_picked":["Reflex","Dagger Spray","Outmaneuver"],"picked":"SKIP","floor":45.0},{"not_picked":["Poisoned Stab","Accuracy+1"],"picked":"Infinite Blades","floor":47.0},{"not_picked":["Dagger Spray+1","PiercingWail"],"picked":"Cloak And Dagger","floor":48.0},{"not_picked":["Quick Slash+1","Dagger Throw+1"],"picked":"Wraith Form v2","floor":54.0}],"player_experience":1340047,"relics_obtained":[{"floor":7.0,"key":"Ancient Tea Set"},{"floor":9.0,"key":"MawBank"},{"floor":13.0,"key":"Ninja Scroll"},{"floor":26.0,"key":"Letter Opener"},{"floor":29.0,"key":"Unceasing Top"},{"floor":31.0,"key":"Blood Vial"},{"floor":36.0,"key":"Du-Vu Doll"},{"floor":41.0,"key":"Mummified Hand"},{"floor":47.0,"key":"Molten Egg 2"},{"floor":54.0,"key":"Bag of Marbles"}],"event_choices":[{"damage_healed":0.0,"max_hp_gain":5.0,"max_hp_loss":0.0,"gold_gain":0.0,"event_name":"Big Fish","player_choice":"Donut","floor":2.0,"gold_loss":0.0,"damage_taken":0.0},{"damage_healed":0.0,"max_hp_gain":0.0,"max_hp_loss":0.0,"gold_gain":0.0,"event_name":"Liars Game","player_choice":"Ignored","floor":3.0,"gold_loss":0.0,"damage_taken":0.0},{"damage_healed":0.0,"max_hp_gain":0.0,"max_hp_loss":0.0,"gold_gain":0.0,"event_name":"Addict","player_choice":"Obtained Relic","floor":19.0,"gold_loss":85.0,"damage_taken":0.0,"relics_obtained":["Shuriken"]},{"damage_healed":0.0,"max_hp_gain":0.0,"max_hp_loss":0.0,"gold_gain":0.0,"event_name":"Drug Dealer","player_choice":"Inject Mutagens","floor":20.0,"gold_loss":0.0,"damage_taken":0.0,"relics_obtained":["MutagenicStrength"]},{"damage_healed":25.0,"max_hp_gain":0.0,"max_hp_loss":0.0,"gold_gain":0.0,"event_name":"The Library","player_choice":"Heal","floor":27.0,"gold_loss":0.0,"damage_taken":0.0},{"damage_healed":0.0,"max_hp_gain":0.0,"max_hp_loss":0.0,"gold_gain":0.0,"event_name":"MindBloom","player_choice":"Fight","floor":36.0,"gold_loss":0.0,"damage_taken":0.0},{"damage_healed":0.0,"max_hp_gain":0.0,"max_hp_loss":0.0,"gold_gain":100.0,"event_name":"Golden Shrine","player_choice":"Pray","floor":38.0,"gold_loss":0.0,"damage_taken":0.0}],"is_beta":true,"boss_relics":[{"not_picked":["Coffee Dripper","Astrolabe"],"picked":"Philosopher\u0027s Stone"},{"not_picked":["Velvet Choker","Lizard Tail"],"picked":"Fusion Hammer"}],"items_purged_floors":[22],"is_endless":false,"potions_floor_spawned":[7,13,16,21,28,30,33,39,42,45,54],"killed_by":"The Heart","ascension_level":8}