{"gold_per_floor":[110,60,12,12,29,29,29,63,144,176,176,208,12,23,23,118,118,135,153,153,68,83,83,118,118,118,150,150,249,265,290,290,290],"floor_reached":33,"playtime":1762,"items_purged":[],"score":464,"play_id":"894f4639-30ff-434d-8978-8abfbdf680e5","local_time":"20190203142442","is_ascension_mode":true,"campfire_choices":[{"data":"Perfected Strike","floor":6.0,"key":"SMITH"},{"data":"Feel No Pain","floor":15.0,"key":"SMITH"},{"data":"Demon Form","floor":23.0,"key":"SMITH"},{"data":"Barricade","floor":25.0,"key":"SMITH"},{"floor":28.0,"key":"DIG"},{"floor":32,"key":"REST"}],"neow_cost":"NONE","seed_source_timestamp":581420350664452,"circlet_count":0,"master_deck":["Strike_R","Strike_R","Strike_R","Strike_R","Defend_R","Defend_R","Defend_R","Defend_R","Bash","Perfected Strike+1","Pommel Strike","Clothesline","Evolve","Feel No Pain+1","Infernal Blade+1","Shrug It Off+1","Demon Form+1","Armaments+1","Pommel Strike","Barricade+1","Havoc+1","Shockwave+1"],"special_seed":0,"relics":["Burning Blood","NeowsBlessing","Smiling Mask","Regal Pillow","Toxic Egg 2","Magic Flower","Pen Nib","Medical Kit","Velvet Choker","Singing Bowl","Shovel","Bottled Tornado","Calipers","Centennial Puzzle","Question Card"],"potions_floor_usage":[31],"damage_taken":[{"damage":0.0,"enemies":"Small Slimes","floor":1.0,"turns":1.0},{"damage":0.0,"enemies":"Jaw Worm","floor":5.0,"turns":1.0},{"damage":0.0,"enemies":"Lagavulin","floor":8.0,"turns":1.0},{"damage":25.0,"enemies":"3 Sentries","floor":10.0,"turns":7.0},{"damage":24.0,"enemies":"Gremlin Nob","floor":12.0,"turns":4.0},{"damage":0.0,"enemies":"Cultist","floor":14.0,"turns":3.0},{"damage":51.0,"enemies":"Hexaghost","floor":16.0,"turns":13.0},{"damage":7.0,"enemies":"Chosen","floor":18.0,"turns":5.0},{"damage":7.0,"enemies":"3 Byrds","floor":19.0,"turns":3.0},{"damage":23.0,"enemies":"Sentry and Sphere","floor":22.0,"turns":5.0},{"damage":19.0,"enemies":"Gremlin Leader","floor":24.0,"turns":8.0},{"damage":38.0,"enemies":"Book of Stabbing","floor":27.0,"turns":5.0},{"damage":22.0,"enemies":"Snake Plant","floor":30.0,"turns":4.0},{"damage":31,"enemies":"Slavers","floor":31,"turns":8},{"damage":63,"enemies":"Automaton","floor":33,"turns":6}],"seed_played":"883200104934003791","potions_obtained":[{"floor":1.0,"key":"SpeedPotion"},{"floor":11.0,"key":"Fruit Juice"},{"floor":11.0,"key":"Regen Potion"},{"floor":11.0,"key":"BloodPotion"},{"floor":14.0,"key":"EssenceOfSteel"},{"floor":16.0,"key":"Block Potion"},{"floor":18.0,"key":"LiquidBronze"},{"floor":22.0,"key":"Ancient Potion"},{"floor":31,"key":"Poison Potion"}],"is_trial":false,"path_per_floor":["M","?","$","?","M","R","?","E","T","E","?","E","$","M","R","B",null,"M","M","?","?","M","R","E","R","T","E","R","?","M","E","R","B"],"character_chosen":"IRONCLAD","items_purchased":["Pommel Strike","Medical Kit"],"campfire_rested":1,"item_purchase_floors":[3,13],"current_hp_per_floor":[78,78,78,71,77,77,77,80,80,61,66,63,63,72,72,30,71,73,75,75,75,61,61,75,75,75,46,46,46,35,15,56,0],"gold":290,"neow_bonus":"THREE_ENEMY_KILL","is_prod":false,"is_daily":false,"chose_seed":false,"campfire_upgraded":4,"win_rate":0,"timestamp":1549221882,"path_taken":["M","?","$","?","M","R","?","E","T","E","?","E","$","M","R","BOSS","M","?","?","?","M","R","E","R","T","E","R","?","M","E","R","BOSS"],"build_version":"2019-01-23","purchased_purges":0,"victory":false,"max_hp_per_floor":[80,80,80,80,80,80,80,80,80,80,85,85,85,85,85,85,85,85,85,85,85,85,85,85,85,85,85,85,85,87,89,89,89],"card_choices":[{"not_picked":["Inflame","Iron Wave"],"picked":"Perfected Strike","floor":1.0},{"not_picked":["Thunderclap","Shrug It Off"],"picked":"Clothesline","floor":5.0},{"not_picked":["Seeing Red","Flex"],"picked":"Evolve","floor":8.0},{"not_picked":["True Grit+1","Reckless Charge"],"picked":"Feel No Pain","floor":10.0},{"not_picked":["Anger","Thunderclap"],"picked":"Infernal Blade+1","floor":12.0},{"not_picked":["Warcry+1","Iron Wave"],"picked":"Shrug It Off+1","floor":14.0},{"not_picked":["Exhume+1","Offering+1"],"picked":"Demon Form","floor":16.0},{"not_picked":["Reckless Charge+1","Hemokinesis"],"picked":"Armaments+1","floor":18.0},{"not_picked":["Headbutt","Thunderclap"],"picked":"Pommel Strike","floor":19.0},{"not_picked":["Inflame","Disarm+1"],"picked":"Barricade","floor":22.0},{"not_picked":["Ghostly Armor+1","Searing Blow+1"],"picked":"Havoc+1","floor":24.0},{"not_picked":["Heavy Blade","Exhume+1"],"picked":"Shockwave+1","floor":27.0},{"not_picked":["Flex+1","Havoc+1","Pommel Strike+1"],"picked":"Singing Bowl","floor":30.0},{"not_picked":["Flex+1","Rupture","Twin Strike"],"picked":"Singing Bowl","floor":31}],"player_experience":1367040,"relics_obtained":[{"floor":8.0,"key":"Regal Pillow"},{"floor":9.0,"key":"Toxic Egg 2"},{"floor":10.0,"key":"Magic Flower"},{"floor":12.0,"key":"Pen Nib"},{"floor":24.0,"key":"Shovel"},{"floor":26.0,"key":"Bottled Tornado"},{"floor":27.0,"key":"Calipers"},{"floor":28.0,"key":"Centennial Puzzle"},{"floor":31,"key":"Question Card"}],"event_choices":[{"cards_removed":["Strike_R"],"damage_healed":0.0,"max_hp_gain":0.0,"max_hp_loss":0.0,"gold_gain":0.0,"event_name":"The Cleric","player_choice":"Card Removal","floor":2.0,"gold_loss":50.0,"damage_taken":0.0},{"damage_healed":0.0,"max_hp_gain":0.0,"max_hp_loss":0.0,"gold_gain":0.0,"event_name":"Scrap Ooze","player_choice":"Success","floor":4.0,"gold_loss":0.0,"damage_taken":7.0,"relics_obtained":["Smiling Mask"]},{"damage_healed":0.0,"max_hp_gain":0.0,"max_hp_loss":0.0,"gold_gain":0.0,"event_name":"Liars Game","player_choice":"Ignored","floor":7.0,"gold_loss":0.0,"damage_taken":0.0},{"damage_healed":0.0,"max_hp_gain":0.0,"max_hp_loss":0.0,"gold_gain":0.0,"event_name":"Lab","player_choice":"Got Potions","floor":11.0,"gold_loss":0.0,"damage_taken":0.0},{"damage_healed":0.0,"max_hp_gain":0.0,"max_hp_loss":0.0,"gold_gain":0.0,"event_name":"Ghosts","player_choice":"Ignored","floor":20.0,"gold_loss":0.0,"damage_taken":0.0},{"damage_healed":0.0,"max_hp_gain":0.0,"max_hp_loss":0.0,"gold_gain":0.0,"event_name":"Addict","player_choice":"Obtained Relic","floor":21.0,"gold_loss":85.0,"damage_taken":0.0,"relics_obtained":["Singing Bowl"]},{"damage_healed":0.0,"max_hp_gain":0.0,"max_hp_loss":0.0,"gold_gain":99.0,"event_name":"Nest","player_choice":"Stole From Cult","floor":29.0,"gold_loss":0.0,"damage_taken":0.0}],"is_beta":true,"boss_relics":[{"not_picked":["Orrery","Runic Cube"],"picked":"Velvet Choker"}],"items_purged_floors":[],"is_endless":false,"potions_floor_spawned":[1,14,16,18,22,31],"killed_by":"Automaton","ascension_level":7}