{"gold_per_floor":[367,382,268,284,17,17,50,50,50,70,90,103,138,152,152,226,226,236,236,236,255,274,274],"floor_reached":23,"playtime":1440,"items_purged":["Writhe"],"score":406,"play_id":"a4cb91ca-1dc9-4540-b317-f86bf23afcb3","local_time":"20190101094947","is_ascension_mode":true,"campfire_choices":[{"data":"Go for the Eyes","floor":6.0,"key":"SMITH"},{"data":"Zap","floor":8.0,"key":"SMITH"},{"data":"Static Discharge","floor":15.0,"key":"SMITH"}],"neow_cost":"CURSE","seed_source_timestamp":0,"circlet_count":0,"master_deck":["AscendersBane","Strike_B+1","Strike_B+1","Strike_B+1","Strike_B+1","Defend_B+1","Defend_B+1","Defend_B+1","Defend_B+1","Zap+1","Dualcast","Go for the Eyes+1","Ball Lightning","Static Discharge+1","Cold Snap","Cold Snap","Genetic Algorithm","Undo","Stack","Compile Driver","Double Energy","Seek","Defragment","Capacitor"],"special_seed":0,"relics":["Cracked Core","Meat on the Bone","Ornamental Fan","Odd Mushroom","Mummified Hand","Nuclear Battery"],"potions_floor_usage":[21],"damage_taken":[{"damage":1.0,"enemies":"Cultist","floor":1.0,"turns":3.0},{"damage":0.0,"enemies":"Small Slimes","floor":2.0,"turns":4.0},{"damage":10.0,"enemies":"2 Louse","floor":4.0,"turns":2.0},{"damage":10.0,"enemies":"Lagavulin","floor":7.0,"turns":8.0},{"damage":12.0,"enemies":"The Mushroom Lair","floor":10.0,"turns":5.0},{"damage":9.0,"enemies":"2 Fungi Beasts","floor":11.0,"turns":3.0},{"damage":4.0,"enemies":"Exordium Thugs","floor":12.0,"turns":4.0},{"damage":19.0,"enemies":"3 Sentries","floor":13.0,"turns":9.0},{"damage":4.0,"enemies":"Looter","floor":14.0,"turns":3.0},{"damage":34.0,"enemies":"The Guardian","floor":16.0,"turns":13.0},{"damage":11.0,"enemies":"Shell Parasite","floor":18.0,"turns":5.0},{"damage":30,"enemies":"2 Thieves","floor":21,"turns":4},{"damage":22,"enemies":"3 Cultists","floor":22,"turns":5},{"damage":21,"enemies":"Book of Stabbing","floor":23,"turns":3}],"seed_played":"-2559350430895788448","potions_obtained":[{"floor":2.0,"key":"SpeedPotion"},{"floor":10.0,"key":"FocusPotion"},{"floor":12.0,"key":"FearPotion"},{"floor":13.0,"key":"SteroidPotion"},{"floor":21,"key":"Ancient Potion"}],"is_trial":false,"path_per_floor":["M","M","$","M","$","R","E","R","T","?","M","M","E","M","R","B","M","?","M","E"],"character_chosen":"DEFECT","items_purchased":["Static Discharge","Meat on the Bone"],"campfire_rested":0,"item_purchase_floors":[3,5],"current_hp_per_floor":[63,63,63,53,53,53,43,43,43,43,46,42,35,43,43,21,59,48,48,48,30,20,0],"gold":274,"neow_bonus":"TWO_FIFTY_GOLD","is_prod":false,"is_daily":false,"chose_seed":false,"campfire_upgraded":3,"win_rate":0,"timestamp":1546364987,"path_taken":["M","?","$","M","$","R","E","R","T","?","M","M","E","M","R","BOSS","M","?","?","M","?","E"],"build_version":"2018-12-25","purchased_purges":1,"victory":false,"max_hp_per_floor":[71,71,71,71,71,71,71,71,71,71,71,71,71,71,71,71,71,71,71,71,71,71,71],"card_choices":[{"not_picked":["Steam","Conserve Battery"],"picked":"Go for the Eyes","floor":1.0},{"not_picked":["Barrage","Sweeping Beam"],"picked":"Ball Lightning","floor":2.0},{"not_picked":["Turbo","Go for the Eyes"],"picked":"Cold Snap","floor":4.0},{"not_picked":["Redo","Darkness"],"picked":"Cold Snap","floor":7.0},{"not_picked":["Ball Lightning","Multi-Cast"],"picked":"Genetic Algorithm","floor":10.0},{"not_picked":["Coolheaded","Sweeping Beam"],"picked":"Undo","floor":11.0},{"not_picked":["Barrage","Beam Cell"],"picked":"Stack","floor":12.0},{"not_picked":["Beam Cell","Ball Lightning"],"picked":"Compile Driver","floor":13.0},{"not_picked":["Hyperbeam","Ball Lightning"],"picked":"Double Energy","floor":14.0},{"not_picked":["Fission","Reboot"],"picked":"Seek","floor":16.0},{"not_picked":["Rip and Tear+1","Hologram"],"picked":"Defragment","floor":18.0},{"not_picked":["Blizzard","Go for the Eyes","Gash"],"picked":"SKIP","floor":21},{"not_picked":["Rebound","Compile Driver+1"],"picked":"Capacitor","floor":22}],"player_experience":1168749,"relics_obtained":[{"floor":9.0,"key":"Ornamental Fan"},{"floor":10.0,"key":"Odd Mushroom"},{"floor":13.0,"key":"Mummified Hand"}],"event_choices":[{"damage_healed":0.0,"max_hp_gain":0.0,"max_hp_loss":0.0,"gold_gain":0.0,"event_name":"Mushrooms","player_choice":"Fought Mushrooms","floor":10.0,"gold_loss":0.0,"damage_taken":0.0},{"damage_healed":0.0,"max_hp_gain":0.0,"max_hp_loss":0.0,"gold_gain":0.0,"event_name":"Back to Basics","player_choice":"Simplicity","floor":19.0,"gold_loss":0.0,"damage_taken":0.0,"cards_upgraded":["Strike_B","Strike_B","Strike_B","Strike_B","Defend_B","Defend_B","Defend_B","Defend_B"]},{"damage_healed":0.0,"max_hp_gain":0.0,"max_hp_loss":0.0,"gold_gain":0.0,"event_name":"FaceTrader","player_choice":"Leave","floor":20.0,"gold_loss":0.0,"damage_taken":0.0}],"is_beta":true,"boss_relics":[{"not_picked":["Orrery","Eternal Feather"],"picked":"Nuclear Battery"}],"items_purged_floors":[3],"is_endless":false,"potions_floor_spawned":[2,10,12,13,14,21],"killed_by":"Book of Stabbing","ascension_level":20}