{"gold_per_floor":[214,214,233,15,32,32,32,60,60,87,87,107,125,156,156,251,251,262,252,10,22,22,22,55,55,55,55,5,5,31,46,46,149,149,162,162,172,225,7,7,7,34,34,34,53,53,71,87,87,87],"floor_reached":50,"playtime":3535,"items_purged":["Strike_B"],"score":606,"play_id":"8aa89718-282a-4c95-89e5-f12dfd191ca5","local_time":"20190101155408","is_ascension_mode":true,"campfire_choices":[{"data":"Crippling Poison","floor":6.0,"key":"SMITH"},{"data":"Well Laid Plans","floor":11.0,"key":"SMITH"},{"floor":15.0,"key":"REST"},{"floor":23.0,"key":"REST"},{"floor":27.0,"key":"REST"},{"data":"Strike_G","floor":29.0,"key":"PURGE"},{"data":"Strike_G","floor":32.0,"key":"PURGE"},{"floor":40.0,"key":"REST"},{"data":"Strike_G","floor":41.0,"key":"PURGE"},{"floor":44.0,"key":"REST"},{"floor":49,"key":"RECALL"}],"neow_cost":"NONE","seed_source_timestamp":68358977894785,"circlet_count":0,"master_deck":["Defend_G","Defend_G","Defend_G","Defend_G","Defend_G","Strike_G","Survivor","Neutralize","Crippling Poison+1","Quick Slash","Slice","Well Laid Plans+1","Malaise","Escape Plan","Dash","Riddle With Holes","Night Terror","Leg Sweep","Sucker Punch","Noxious Fumes","Apotheosis","Acrobatics","Backstab","Wraith Form v2","Deflect","Bullet Time","Caltrops","Dodge and Roll","PiercingWail+1","Footwork","Night Terror","Skewer+1","PiercingWail","Neutralize","Choke","All Out Attack+1"],"special_seed":0,"relics":["Ring of the Snake","PreservedInsect","Peace Pipe","Gremlin Horn","Ornamental Fan","Vajra","Fusion Hammer","Letter Opener","MutagenicStrength","Sundial","Orichalcum","Potion Belt","Sozu","WingedGreaves","Bottled Tornado"],"potions_floor_usage":[50],"damage_taken":[{"damage":0.0,"enemies":"Jaw Worm","floor":1.0,"turns":4.0},{"damage":0.0,"enemies":"Cultist","floor":3.0,"turns":5.0},{"damage":0.0,"enemies":"2 Louse","floor":5.0,"turns":3.0},{"damage":10.0,"enemies":"Gremlin Nob","floor":8.0,"turns":3.0},{"damage":3.0,"enemies":"3 Sentries","floor":10.0,"turns":6.0},{"damage":0.0,"enemies":"Blue Slaver","floor":12.0,"turns":4.0},{"damage":5.0,"enemies":"Exordium Thugs","floor":13.0,"turns":5.0},{"damage":6.0,"enemies":"Lagavulin","floor":14.0,"turns":5.0},{"damage":14.0,"enemies":"Slime Boss","floor":16.0,"turns":10.0},{"damage":18.0,"enemies":"Spheric Guardian","floor":18.0,"turns":7.0},{"damage":7.0,"enemies":"2 Thieves","floor":19.0,"turns":4.0},{"damage":2.0,"enemies":"3 Cultists","floor":21.0,"turns":5.0},{"damage":16.0,"enemies":"Slavers","floor":24.0,"turns":5.0},{"damage":0.0,"enemies":"Gremlin Leader","floor":30.0,"turns":5.0},{"damage":4.0,"enemies":"Snake Plant","floor":31.0,"turns":5.0},{"damage":19.0,"enemies":"Collector","floor":33.0,"turns":11.0},{"damage":0.0,"enemies":"3 Shapes","floor":35.0,"turns":3.0},{"damage":8.0,"enemies":"3 Darklings","floor":37.0,"turns":4.0},{"damage":11.0,"enemies":"2 Orb Walkers","floor":38.0,"turns":6.0},{"damage":15.0,"enemies":"Giant Head","floor":42.0,"turns":11.0},{"damage":12.0,"enemies":"Jaw Worm Horde","floor":45.0,"turns":3.0},{"damage":45.0,"enemies":"Spire Growth","floor":47.0,"turns":7.0},{"damage":1.0,"enemies":"4 Shapes","floor":48.0,"turns":7.0},{"damage":8,"enemies":"Awakened One","floor":50,"turns":2}],"seed_played":"5130241467337506602","potions_obtained":[{"floor":3.0,"key":"FearPotion"},{"floor":5.0,"key":"Explosive Potion"},{"floor":12.0,"key":"PowerPotion"},{"floor":14.0,"key":"GhostInAJar"},{"floor":16.0,"key":"Strength Potion"},{"floor":24.0,"key":"Swift Potion"},{"floor":30.0,"key":"FearPotion"},{"floor":31.0,"key":"Explosive Potion"}],"is_trial":false,"path_per_floor":["M","?","M","$","M","R","$","E","T","E","R","M","M","E","R","B",null,"M","M","$","M","$","R","E","?","T","R","?","R","E","M","R","B",null,"M","?","M","?","$","R","R","E","T","R","M","?","M","M","B"],"character_chosen":"THE_SILENT","items_purchased":["PreservedInsect","Noxious Fumes","Apotheosis","Footwork","Night Terror"],"campfire_rested":5,"item_purchase_floors":[4,20,20,39,39],"current_hp_per_floor":[70,70,70,70,70,70,70,60,60,57,57,57,52,46,67,53,70,52,45,45,43,43,64,48,48,48,69,69,69,69,65,65,46,70,70,66,58,47,47,66,66,51,51,66,54,54,9,8,8,0],"gold":87,"neow_bonus":"HUNDRED_GOLD","is_prod":false,"is_daily":false,"chose_seed":false,"campfire_upgraded":2,"win_rate":0,"timestamp":1546376048,"path_taken":["M","?","M","?","M","R","$","E","T","E","R","M","M","E","R","BOSS","M","M","?","M","$","R","E","?","T","R","?","R","E","?","R","BOSS","M","?","M","?","$","R","R","E","T","R","M","?","?","?","R","BOSS"],"build_version":"2018-12-25","purchased_purges":1,"victory":false,"max_hp_per_floor":[70,70,70,70,70,70,70,70,70,70,70,70,70,70,70,70,70,70,70,70,70,70,70,70,70,70,70,70,70,70,70,70,70,70,70,66,66,66,66,66,66,66,66,66,66,66,66,66,66,66],"card_choices":[{"not_picked":["Dagger Spray","Finisher"],"picked":"Crippling Poison","floor":1.0},{"not_picked":["Acrobatics","Flechettes"],"picked":"Quick Slash","floor":3.0},{"not_picked":["Underhanded Strike","Outmaneuver"],"picked":"Slice","floor":5.0},{"not_picked":["Blade Dance","Acrobatics"],"picked":"Well Laid Plans","floor":8.0},{"not_picked":["Slice","Choke"],"picked":"Malaise","floor":10.0},{"not_picked":["Catalyst","Setup"],"picked":"Escape Plan","floor":12.0},{"not_picked":["Bane","All Out Attack"],"picked":"Dash","floor":13.0},{"not_picked":["Setup","Dodge and Roll"],"picked":"Riddle With Holes","floor":14.0},{"not_picked":["Doppelganger","Burst"],"picked":"Night Terror","floor":16.0},{"not_picked":["Predator","Backflip"],"picked":"Leg Sweep","floor":18.0},{"not_picked":["Eviscerate+1","Outmaneuver+1"],"picked":"Sucker Punch","floor":19.0},{"not_picked":["Blade Dance","Dagger Spray"],"picked":"Acrobatics","floor":21.0},{"not_picked":["Flying Knee","Prepared"],"picked":"Backstab","floor":24.0},{"not_picked":["Prepared+1","Cloak And Dagger"],"picked":"Wraith Form v2","floor":30.0},{"not_picked":["Slice+1","Poisoned Stab"],"picked":"Deflect","floor":31.0},{"not_picked":["Venomology","Wraith Form v2"],"picked":"Bullet Time","floor":33.0},{"not_picked":["Bane","Dodge and Roll"],"picked":"Caltrops","floor":35.0},{"not_picked":["Eviscerate","Flying Knee"],"picked":"Dodge and Roll","floor":37.0},{"not_picked":["Flechettes+1","Deflect+1"],"picked":"PiercingWail+1","floor":38.0},{"not_picked":["Setup","Quick Slash+1"],"picked":"Skewer+1","floor":42.0},{"not_picked":["Skewer","Dagger Throw+1"],"picked":"PiercingWail","floor":45.0},{"not_picked":["Bane","Dagger Throw"],"picked":"Choke","floor":47.0},{"not_picked":["Well Laid Plans","Blade Dance"],"picked":"All Out Attack+1","floor":48.0}],"player_experience":1126096,"relics_obtained":[{"floor":8.0,"key":"Peace Pipe"},{"floor":9.0,"key":"Gremlin Horn"},{"floor":10.0,"key":"Ornamental Fan"},{"floor":14.0,"key":"Vajra"},{"floor":24.0,"key":"Letter Opener"},{"floor":26.0,"key":"Sundial"},{"floor":30.0,"key":"Potion Belt"},{"floor":38.0,"key":"WingedGreaves"},{"floor":42.0,"key":"Bottled Tornado"}],"event_choices":[{"cards_removed":["Strike_G"],"damage_healed":0.0,"max_hp_gain":0.0,"max_hp_loss":0.0,"gold_gain":0.0,"event_name":"NoteForYourself","player_choice":"Took Card","floor":2.0,"gold_loss":0.0,"damage_taken":0.0,"cards_obtained":["Strike_B"]},{"damage_healed":0.0,"max_hp_gain":0.0,"max_hp_loss":0.0,"gold_gain":0.0,"event_name":"Drug Dealer","player_choice":"Inject Mutagens","floor":25.0,"gold_loss":0.0,"damage_taken":0.0,"relics_obtained":["MutagenicStrength"]},{"damage_healed":0.0,"max_hp_gain":0.0,"max_hp_loss":0.0,"gold_gain":0.0,"event_name":"WeMeetAgain","player_choice":"Paid Gold","floor":28.0,"gold_loss":50.0,"damage_taken":0.0,"relics_obtained":["Orichalcum"]},{"damage_healed":0.0,"max_hp_gain":0.0,"max_hp_loss":4.0,"gold_gain":0.0,"event_name":"Winding Halls","player_choice":"Max HP","floor":36.0,"gold_loss":0.0,"damage_taken":0.0},{"damage_healed":0.0,"max_hp_gain":0.0,"max_hp_loss":0.0,"gold_gain":0.0,"event_name":"Mysterious Sphere","player_choice":"Fight","floor":38.0,"gold_loss":0.0,"damage_taken":0.0},{"damage_healed":0.0,"max_hp_gain":0.0,"max_hp_loss":0.0,"gold_gain":0.0,"event_name":"Match and Keep!","player_choice":"1 cards matched","floor":46.0,"gold_loss":0.0,"damage_taken":0.0,"cards_obtained":["Neutralize"]}],"is_beta":true,"boss_relics":[{"not_picked":["Tiny House","Orrery"],"picked":"Fusion Hammer"},{"not_picked":["Runic Pyramid","Astrolabe"],"picked":"Sozu"}],"items_purged_floors":[4],"is_endless":false,"potions_floor_spawned":[3,5,12,14,16,24,30,31,37,42,45,48],"killed_by":"Awakened One","ascension_level":1}