{"gold_per_floor":[114,129,148,5,5,5,5,5,32,32,45,55,80,11,11,109,109,122,133,99,110,126,126,159,159,212,223,223,223,237,237,237,336,336,346,8,26,38,55,85,5,5,30,30,47,147,147,147,147,147,147,147,0,33,33],"floor_reached":55,"playtime":6145,"items_purged":[],"score":797,"play_id":"2bcbd27e-0e08-4a43-a96f-2c522dcf68c7","local_time":"20181231173253","is_ascension_mode":false,"campfire_choices":[{"data":"True Grit","floor":6,"key":"SMITH"},{"data":"Pommel Strike","floor":8,"key":"SMITH"},{"data":"Bash","floor":10,"key":"SMITH"},{"data":"Sword Boomerang","floor":15,"key":"SMITH"},{"data":"Limit Break","floor":23,"key":"SMITH"},{"floor":25,"key":"REST"},{"data":"Ghostly","floor":29,"key":"SMITH"},{"floor":32,"key":"REST"},{"data":"Rupture","floor":42,"key":"SMITH"},{"data":"Armaments","floor":44,"key":"SMITH"},{"data":"Barricade","floor":47,"key":"SMITH"},{"floor":49,"key":"RECALL"},{"data":"Ghostly","floor":52,"key":"SMITH"}],"neow_cost":"NONE","seed_source_timestamp":90683415186996,"circlet_count":0,"master_deck":["Strike_R","Strike_R","Strike_R","Strike_R","Defend_R","Defend_R","Defend_R","Defend_R","Bash+1","True Grit+1","Headbutt","Pommel Strike+1","Sword Boomerang+1","Brutality","Pummel","Limit Break+1","Shrug It Off","Battle Trance+1","Rupture+1","Battle Trance","Armaments+1","Armaments+1","Rupture","Ghostly+1","Ghostly+1","Ghostly","Ghostly","Ghostly","Combust","Barricade+1","Twin Strike","Reaper","Rupture","Warcry","Body Slam+1","Parasite","Cleave","Whirlwind","Writhe","Heavy Blade","Madness","Madness","Rage"],"relics":["Burning Blood","Strawberry","Orichalcum","Red Skull","Regal Pillow","Centennial Puzzle","Velvet Choker","Bird Faced Urn","Happy Flower","Enchiridion","Cursed Key","Ancient Tea Set","Dream Catcher","Pocketwatch","Pen Nib","Blue Candle"],"potions_floor_usage":[12,13,22,24,33,39,50,55],"damage_taken":[{"damage":2,"enemies":"2 Louse","floor":1,"turns":3},{"damage":1,"enemies":"Jaw Worm","floor":2,"turns":4},{"damage":2,"enemies":"Small Slimes","floor":3,"turns":3},{"damage":3,"enemies":"Gremlin Gang","floor":11,"turns":5},{"damage":17,"enemies":"Exordium Thugs","floor":12,"turns":4},{"damage":17,"enemies":"Gremlin Nob","floor":13,"turns":4},{"damage":31,"enemies":"Hexaghost","floor":16,"turns":7},{"damage":2,"enemies":"3 Byrds","floor":18,"turns":5},{"damage":14,"enemies":"Spheric Guardian","floor":19,"turns":4},{"damage":23,"enemies":"3 Cultists","floor":21,"turns":5},{"damage":34,"enemies":"Cultist and Chosen","floor":22,"turns":7},{"damage":26,"enemies":"Slavers","floor":24,"turns":5},{"damage":0,"enemies":"Shelled Parasite and Fungi","floor":27,"turns":7},{"damage":7,"enemies":"Centurion and Healer","floor":30,"turns":6},{"damage":35,"enemies":"Collector","floor":33,"turns":5},{"damage":21,"enemies":"3 Darklings","floor":35,"turns":5},{"damage":23,"enemies":"Orb Walker","floor":37,"turns":5},{"damage":10,"enemies":"Spire Growth","floor":38,"turns":7},{"damage":5,"enemies":"Writhing Mass","floor":39,"turns":5},{"damage":7,"enemies":"Reptomancer","floor":40,"turns":6},{"damage":7,"enemies":"Maw","floor":45,"turns":7},{"damage":6,"enemies":"Mind Bloom Boss Battle","floor":46,"turns":5},{"damage":47,"enemies":"Donu and Deca","floor":50,"turns":7},{"damage":11,"enemies":"Shield and Spear","floor":54,"turns":6},{"damage":55,"enemies":"The Heart","floor":55,"turns":6}],"seed_played":"817883363204228870","potions_obtained":[{"floor":1,"key":"Swift Potion"},{"floor":3,"key":"Weak Potion"},{"floor":11,"key":"Poison Potion"},{"floor":12,"key":"Ancient Potion"},{"floor":19,"key":"FearPotion"},{"floor":22,"key":"FearPotion"},{"floor":27,"key":"Energy Potion"},{"floor":39,"key":"Regen Potion"},{"floor":45,"key":"Fire Potion"}],"is_trial":false,"path_per_floor":["M","M","M","$","?","R","?","R","T","R","M","M","E","?","R","B",null,"M","M","$","M","M","R","E","R","T","M","?","R","M","?","R","B",null,"M","$","M","M","M","E","$","R","T","R","M","?","R","?","R","B",null,"R","$","E","B"],"character_chosen":"IRONCLAD","items_purchased":["Orichalcum","Rupture","Reaper","Ancient Tea Set","Rupture","Whirlwind","Pen Nib"],"campfire_rested":2,"item_purchase_floors":[4,20,36,36,36,41,53],"current_hp_per_floor":[87,87,87,87,87,87,87,87,87,87,87,76,65,65,65,40,87,87,79,79,62,34,34,14,55,55,61,43,43,43,27,43,15,43,30,30,25,43,43,43,43,43,43,43,43,43,43,38,38,43,43,43,43,43,0],"gold":33,"neow_bonus":"RANDOM_COMMON_RELIC","is_prod":false,"is_daily":false,"chose_seed":false,"campfire_upgraded":10,"win_rate":0,"timestamp":1546295573,"path_taken":["M","M","M","$","?","R","?","R","T","R","M","M","E","?","R","BOSS","M","M","$","?","M","R","E","R","T","M","?","R","M","?","R","BOSS","M","$","M","M","M","E","$","R","T","R","M","?","R","?","R","BOSS","R","$","E","BOSS"],"build_version":"2018-12-25","purchased_purges":0,"victory":false,"max_hp_per_floor":[87,87,87,87,87,87,87,87,87,87,87,87,87,87,87,87,87,87,87,87,87,87,87,87,87,87,87,43,43,43,43,43,43,43,43,43,43,43,43,43,43,43,43,43,43,43,43,43,43,43,43,43,43,43,43],"card_choices":[{"not_picked":["Corruption","Sever Soul"],"picked":"True Grit","floor":1},{"not_picked":["Sword Boomerang","True Grit"],"picked":"Headbutt","floor":2},{"not_picked":["Corruption","Body Slam"],"picked":"Pommel Strike","floor":3},{"not_picked":["Blood for Blood","Intimidate"],"picked":"Sword Boomerang","floor":11},{"not_picked":["Searing Blow","Body Slam"],"picked":"Brutality","floor":12},{"not_picked":["Headbutt","True Grit"],"picked":"Pummel","floor":13},{"not_picked":["Juggernaut","Fiend Fire"],"picked":"Limit Break","floor":16},{"not_picked":["Ghostly Armor+1","Perfected Strike"],"picked":"Shrug It Off","floor":18},{"not_picked":["True Grit","Second Wind+1"],"picked":"Battle Trance+1","floor":19},{"not_picked":["Flex","Heavy Blade"],"picked":"Battle Trance","floor":21},{"not_picked":["Twin Strike","Headbutt"],"picked":"Armaments","floor":22},{"not_picked":["Warcry","Dropkick"],"picked":"Armaments+1","floor":24},{"not_picked":["Intimidate","Burning Pact"],"picked":"Rupture","floor":27},{"not_picked":["Pommel Strike","Burning Pact"],"picked":"Combust","floor":30},{"not_picked":["Berserk","Impervious"],"picked":"Barricade","floor":33},{"not_picked":["Armaments","Clothesline+1"],"picked":"Twin Strike","floor":35},{"not_picked":["Blood for Blood","Burning Pact+1"],"picked":"Warcry","floor":37},{"not_picked":["Anger","Wild Strike"],"picked":"Body Slam+1","floor":38},{"not_picked":["Sever Soul","Iron Wave"],"picked":"Cleave","floor":39},{"not_picked":["Second Wind","Hemokinesis","Body Slam"],"picked":"SKIP","floor":40},{"not_picked":["Perfected Strike","Headbutt","Searing Blow"],"picked":"SKIP","floor":45},{"not_picked":["Sword Boomerang+1","Sever Soul"],"picked":"Heavy Blade","floor":46},{"not_picked":["Searing Blow+1","Fiend Fire"],"picked":"Rage","floor":54}],"player_experience":1110173,"relics_obtained":[{"floor":9,"key":"Red Skull"},{"floor":13,"key":"Regal Pillow"},{"floor":24,"key":"Bird Faced Urn"},{"floor":26,"key":"Happy Flower"},{"floor":31,"key":"Enchiridion"},{"floor":40,"key":"Dream Catcher"},{"floor":46,"key":"Pocketwatch"},{"floor":54,"key":"Blue Candle"}],"event_choices":[{"damage_healed":0,"gold_gain":0,"player_choice":"Leave","damage_taken":0,"max_hp_gain":0,"max_hp_loss":0,"event_name":"The Cleric","floor":5,"gold_loss":0},{"cards_removed":["Strike_R"],"damage_healed":0,"gold_gain":0,"player_choice":"Forget","damage_taken":0,"max_hp_gain":0,"max_hp_loss":0,"event_name":"Living Wall","floor":7,"gold_loss":0},{"damage_healed":0,"gold_gain":0,"player_choice":"Paid Gold","damage_taken":0,"relics_obtained":["Centennial Puzzle"],"max_hp_gain":0,"max_hp_loss":0,"event_name":"WeMeetAgain","floor":14,"gold_loss":69},{"damage_healed":0,"gold_gain":0,"player_choice":"Became a Ghost","damage_taken":0,"max_hp_gain":0,"max_hp_loss":44,"event_name":"Ghosts","floor":28,"gold_loss":0,"cards_obtained":["Ghostly","Ghostly","Ghostly","Ghostly","Ghostly"]},{"damage_healed":0,"gold_gain":0,"player_choice":"Obtained Book","damage_taken":16,"max_hp_gain":0,"max_hp_loss":0,"event_name":"Cursed Tome","floor":31,"gold_loss":0},{"damage_healed":0,"gold_gain":0,"player_choice":"Fight","damage_taken":0,"max_hp_gain":0,"max_hp_loss":0,"event_name":"MindBloom","floor":46,"gold_loss":0},{"damage_healed":0,"gold_gain":0,"player_choice":"Embrace Madness","damage_taken":5,"max_hp_gain":0,"max_hp_loss":0,"event_name":"Winding Halls","floor":48,"gold_loss":0,"cards_obtained":["Madness","Madness"]}],"is_beta":true,"boss_relics":[{"not_picked":["Coffee Dripper","Ectoplasm"],"picked":"Velvet Choker"},{"not_picked":["Orrery","Philosopher\u0027s Stone"],"picked":"Cursed Key"}],"items_purged_floors":[],"is_endless":false,"potions_floor_spawned":[1,3,11,12,19,22,27,39,45,46],"killed_by":"The Heart","ascension_level":0}