{"gold_per_floor":[18,38,38,38,56,87,87,105,105,31,66,66,123,73,73,168,168,185,185,203,216,7,35,35,35,35,66,77,90,105,138,138,236,236,252,327,341,353,318,349,122,122,122,152,192,204,16,44,44,44],"floor_reached":51,"playtime":5187,"items_purged":["Pain","Strike_G"],"score":905,"play_id":"91e75972-7d5f-4fd4-a580-94a508c39be1","local_time":"20181104131106","is_ascension_mode":true,"campfire_choices":[{"floor":7,"key":"REST"},{"data":"Neutralize","floor":12,"key":"SMITH"},{"data":"Finisher","floor":15,"key":"SMITH"},{"floor":24,"key":"REST"},{"floor":32,"key":"REST"},{"floor":42,"key":"REST"},{"floor":46,"key":"REST"},{"floor":49,"key":"REST"}],"neow_cost":"NO_GOLD","seed_source_timestamp":1219363061548375,"circlet_count":0,"master_deck":["Defend_G","Defend_G","Defend_G","Defend_G","Defend_G","Strike_G","Strike_G","Strike_G+1","Survivor","Neutralize+1","Riddle With Holes","Dagger Spray+1","Finisher+1","Night Terror","Blade Dance","Venomology","Setup","Die Die Die","Dodge and Roll","PiercingWail+1","Dash","Footwork","Backflip","Masterful Stab+1","Malaise","Deflect+1","Blade Dance","Infinite Blades+1","Heel Hook","A Thousand Cuts","Crippling Poison+1","Noxious Fumes","A Thousand Cuts","Adrenaline","Mind Blast","Predator+1","Escape Plan+1","Footwork"],"relics":["Ring of the Snake","Ornamental Fan","Ninja Scroll","Blood Vial","Tiny Chest","Fusion Hammer","WarpedTongs","Smiling Mask","Darkstone Periapt","Pantograph","Happy Flower","Runic Dome","Bag of Marbles","MawBank","Centennial Puzzle","Pen Nib","Mercury Hourglass"],"potions_floor_usage":[11,13,16,16,21,23,27,28,29,30,31,33,33,33,37,38,40,40,44,48,48,50,50,50,50],"damage_taken":[{"damage":0,"enemies":"2 Louse","floor":1,"turns":3},{"damage":6,"enemies":"Jaw Worm","floor":2,"turns":3},{"damage":0,"enemies":"Small Slimes","floor":5,"turns":2},{"damage":33,"enemies":"Lagavulin","floor":6,"turns":6},{"damage":5,"enemies":"Looter","floor":8,"turns":3},{"damage":0,"enemies":"3 Sentries","floor":11,"turns":4},{"damage":10,"enemies":"Lagavulin","floor":13,"turns":5},{"damage":32,"enemies":"The Guardian","floor":16,"turns":13},{"damage":0,"enemies":"3 Byrds","floor":18,"turns":3},{"damage":0,"enemies":"2 Thieves","floor":20,"turns":1},{"damage":14,"enemies":"3 Cultists","floor":21,"turns":6},{"damage":4,"enemies":"Book of Stabbing","floor":23,"turns":2},{"damage":1,"enemies":"Slavers","floor":27,"turns":7},{"damage":2,"enemies":"Shelled Parasite and Fungi","floor":28,"turns":5},{"damage":0,"enemies":"Centurion and Healer","floor":29,"turns":7},{"damage":1,"enemies":"Snecko","floor":30,"turns":3},{"damage":4,"enemies":"Book of Stabbing","floor":31,"turns":5},{"damage":0,"enemies":"Automaton","floor":33,"turns":13},{"damage":1,"enemies":"3 Darklings","floor":35,"turns":4},{"damage":4,"enemies":"Orb Walker","floor":37,"turns":4},{"damage":16,"enemies":"4 Shapes","floor":38,"turns":7},{"damage":19,"enemies":"Nemesis","floor":40,"turns":9},{"damage":0,"enemies":"Transient","floor":44,"turns":5},{"damage":23,"enemies":"Reptomancer","floor":45,"turns":5},{"damage":11,"enemies":"Giant Head","floor":48,"turns":7},{"damage":38,"enemies":"Donu and Deca","floor":50,"turns":6}],"seed_played":"-3785971644422846284","potions_obtained":[{"floor":1,"key":"Dexterity Potion"},{"floor":8,"key":"Explosive Potion"},{"floor":11,"key":"Ancient Potion"},{"floor":16,"key":"Energy Potion"},{"floor":20,"key":"Regen Potion"},{"floor":27,"key":"Energy Potion"},{"floor":33,"key":"GamblersBrew"},{"floor":37,"key":"SkillPotion"},{"floor":38,"key":"GhostInAJar"},{"floor":44,"key":"GamblersBrew"},{"floor":48,"key":"Fire Potion"}],"is_trial":false,"path_per_floor":["M","M","?","$","M","E","R","M","T","$","E","R","E","?","R","B",null,"M","?","M","M","$","E","R","?","T","E","M","M","M","E","R","B",null,"M","?","M","M","$","E","$","R","T","M","E","R","$","E","R","B",null],"character_chosen":"THE_SILENT","items_purchased":["LiquidBronze","Footwork","Backflip","Noxious Fumes","Adrenaline","Mind Blast","Pen Nib"],"campfire_rested":6,"item_purchase_floors":[10,22,22,39,41,41,47],"current_hp_per_floor":[84,78,61,61,61,28,53,48,48,48,48,48,40,40,40,10,84,84,84,84,79,79,77,84,84,84,83,82,84,83,80,84,84,84,83,75,73,59,59,42,42,67,67,69,48,73,73,64,84,46],"gold":44,"neow_bonus":"TWENTY_PERCENT_HP_BONUS","is_prod":false,"is_daily":false,"chose_seed":false,"campfire_upgraded":2,"win_rate":0,"timestamp":1541355066,"path_taken":["M","M","?","$","M","E","R","M","T","?","E","R","E","?","R","BOSS","M","?","?","M","$","E","R","?","T","E","M","M","M","E","R","BOSS","M","?","M","M","?","E","$","R","T","M","E","R","$","E","R","BOSS"],"build_version":"2018-11-02","purchased_purges":2,"victory":true,"max_hp_per_floor":[84,84,84,84,84,84,84,84,84,84,84,84,84,84,84,84,84,84,84,84,84,84,84,84,84,84,84,84,84,84,84,84,84,84,84,84,84,84,84,84,84,84,84,84,84,84,84,84,84,84],"card_choices":[{"not_picked":["Underhanded Strike","Dagger Spray"],"picked":"Riddle With Holes","floor":1},{"not_picked":["Deadly Poison","Concentrate"],"picked":"Dagger Spray","floor":2},{"not_picked":["Underhanded Strike","Flying Knee"],"picked":"Finisher","floor":5},{"not_picked":["Storm of Steel","Tactician"],"picked":"Night Terror","floor":6},{"not_picked":["Accuracy","Slice"],"picked":"Blade Dance","floor":8},{"not_picked":["All Out Attack","Slice"],"picked":"Venomology","floor":11},{"not_picked":["Sucker Punch","Dagger Spray"],"picked":"Setup","floor":13},{"not_picked":["Unload","Phantasmal Killer"],"picked":"Die Die Die","floor":16},{"not_picked":["Expertise","Bane"],"picked":"Dodge and Roll","floor":18},{"not_picked":["Dagger Spray","Bouncing Flask"],"picked":"PiercingWail+1","floor":20},{"not_picked":["Underhanded Strike","Bane"],"picked":"Dash","floor":21},{"not_picked":["Poisoned Stab","Flechettes+1"],"picked":"Masterful Stab+1","floor":23},{"not_picked":["Accuracy","Dagger Throw"],"picked":"Malaise","floor":27},{"not_picked":["Slice","Outmaneuver"],"picked":"Deflect+1","floor":28},{"not_picked":["Masterful Stab","Catalyst"],"picked":"Blade Dance","floor":29},{"not_picked":["Eviscerate","Sucker Punch"],"picked":"Infinite Blades+1","floor":30},{"not_picked":["Outmaneuver","Dagger Spray"],"picked":"Heel Hook","floor":31},{"not_picked":["Bullet Time","Envenom"],"picked":"A Thousand Cuts","floor":33},{"not_picked":["Poisoned Stab+1","Bane+1","Dagger Throw"],"picked":"SKIP","floor":35},{"not_picked":["Backstab","Slice"],"picked":"Crippling Poison+1","floor":37},{"not_picked":["Prepared","Dagger Spray","Underhanded Strike"],"picked":"SKIP","floor":38},{"not_picked":["Quick Slash","Sucker Punch+1"],"picked":"A Thousand Cuts","floor":40},{"not_picked":["Prepared+1","Underhanded Strike"],"picked":"Predator+1","floor":44},{"not_picked":["Prepared+1","Night Terror"],"picked":"Escape Plan+1","floor":45},{"not_picked":["Quick Slash+1","Eviscerate+1"],"picked":"Footwork","floor":48}],"player_experience":895991,"relics_obtained":[{"floor":6,"key":"Ornamental Fan"},{"floor":9,"key":"Ninja Scroll"},{"floor":11,"key":"Blood Vial"},{"floor":13,"key":"Tiny Chest"},{"floor":23,"key":"Smiling Mask"},{"floor":26,"key":"Darkstone Periapt"},{"floor":27,"key":"Pantograph"},{"floor":31,"key":"Happy Flower"},{"floor":40,"key":"Bag of Marbles"},{"floor":43,"key":"MawBank"},{"floor":45,"key":"Centennial Puzzle"},{"floor":48,"key":"Mercury Hourglass"}],"event_choices":[{"damage_healed":0,"gold_gain":0,"player_choice":"Entered Light","damage_taken":17,"max_hp_gain":0,"max_hp_loss":0,"event_name":"Shining Light","floor":3,"gold_loss":0,"cards_upgraded":["Strike_G","Dagger Spray"]},{"cards_removed":["Strike_G"],"damage_healed":0,"gold_gain":0,"player_choice":"Card Removal","damage_taken":0,"max_hp_gain":0,"max_hp_loss":0,"event_name":"The Cleric","floor":14,"gold_loss":50},{"damage_healed":0,"gold_gain":0,"player_choice":"Rummage","damage_taken":0,"relics_obtained":["WarpedTongs"],"max_hp_gain":0,"max_hp_loss":0,"event_name":"Accursed Blacksmith","floor":19,"gold_loss":0,"cards_obtained":["Pain"]},{"damage_healed":0,"gold_gain":0,"player_choice":"Ignored","damage_taken":0,"max_hp_gain":0,"max_hp_loss":0,"event_name":"Beggar","floor":25,"gold_loss":0},{"damage_healed":0,"gold_gain":75,"player_choice":"Touch","damage_taken":8,"max_hp_gain":0,"max_hp_loss":0,"event_name":"FaceTrader","floor":36,"gold_loss":0}],"is_beta":true,"boss_relics":[{"not_picked":["Snecko Eye","Tiny House"],"picked":"Fusion Hammer"},{"not_picked":["Lizard Tail","Velvet Choker"],"picked":"Runic Dome"}],"items_purged_floors":[22,47],"is_endless":false,"potions_floor_spawned":[1,8,11,16,20,27,28,31,33,37,38,44,48],"ascension_level":1}