{"path_per_floor":["M","?","?","M","M","R","M","?","T","R","?","M","M","M","R","B",null,"M","M","$","M","M","R","E"],"character_chosen":"DEFECT","items_purchased":["Gremlin Horn","Glacier"],"gold_per_floor":[15,15,15,35,45,45,56,120,120,120,120,143,156,177,177,306,306,325,339,56,74,98,98,141,141],"floor_reached":25,"campfire_rested":3,"playtime":1090,"current_hp_per_floor":[66,59,44,44,44,66,66,47,47,69,69,62,37,23,43,23,69,69,69,69,69,44,44,6,0],"items_purged":[],"gold":141,"score":217,"play_id":"7dcb6702-06d8-4894-b472-6406e56a3479","local_time":"20180429145410","is_prod":false,"is_daily":false,"chose_seed":false,"is_ascension_mode":false,"campfire_upgraded":1,"timestamp":1525028050,"path_taken":["M","?","?","M","M","R","?","?","T","R","?","M","?","M","R","BOSS","M","M","$","M","M","R","E","M"],"build_version":"2018-04-27v3","seed_source_timestamp":1490933281307351,"purchased_purges":0,"victory":false,"master_deck":["Defend_B","Defend_B+1","Zap+1","Dualcast","Sweeping Beam","Undo","Melter","Coolheaded","Tempest","Storm","Sunder+1","Streamline","Static Discharge","Barrage","Rainbow","Creative AI+1","Tempest+1","Chaos+1","Capacitor","Go for the Eyes","Glacier","Barrage","Cold Snap","Blizzard"],"max_hp_per_floor":[75,75,75,75,75,75,75,75,75,75,69,69,69,69,69,69,69,69,69,69,69,69,69,69,69],"relics":["Cracked Core","Ginger","Dodecahedron","Golden Idol","Astrolabe","Gremlin Horn","Pen Nib"],"card_choices":[{"not_picked":["Skim","Axe Kick"],"picked":"Melter","floor":1},{"not_picked":["Skim","Go for the Eyes"],"picked":"Coolheaded","floor":4},{"not_picked":["Blaster","Sweeping Beam"],"picked":"Tempest","floor":5},{"not_picked":["Sweeping Beam","Coolheaded"],"picked":"Storm","floor":7},{"not_picked":["Gash","Chill"],"picked":"Sunder","floor":8},{"not_picked":["Rebound","Sweeping Beam"],"picked":"Streamline","floor":12},{"not_picked":["Axe Kick","Nova"],"picked":"Static Discharge","floor":13},{"not_picked":["Capacitor","Sweeping Beam"],"picked":"Barrage","floor":14},{"not_picked":["Amplify","Machine Learning"],"picked":"Rainbow","floor":16},{"not_picked":["Skim","Barrage"],"picked":"Capacitor","floor":18},{"not_picked":["Sweeping Beam","Gash"],"picked":"Go for the Eyes","floor":19},{"not_picked":["Rebound","Reprogram"],"picked":"Barrage","floor":21},{"not_picked":["Axe Kick","Chill"],"picked":"Cold Snap","floor":22},{"not_picked":["Recycle","Cold Snap"],"picked":"Blizzard","floor":24}],"player_experience":325044,"potions_floor_usage":[24],"damage_taken":[{"damage":9,"enemies":"2 Louse","floor":1,"turns":3},{"damage":0,"enemies":"Jaw Worm","floor":4,"turns":3},{"damage":0,"enemies":"Cultist","floor":5,"turns":3},{"damage":0,"enemies":"Large Slime","floor":7,"turns":4},{"damage":19,"enemies":"3 Sentries","floor":8,"turns":5},{"damage":7,"enemies":"3 Louse","floor":12,"turns":2},{"damage":25,"enemies":"Exordium Thugs","floor":13,"turns":4},{"damage":14,"enemies":"Large Slime","floor":14,"turns":5},{"damage":53,"enemies":"Slime Boss","floor":16,"turns":9},{"damage":0,"enemies":"Chosen","floor":18,"turns":4},{"damage":0,"enemies":"Spheric Guardian","floor":19,"turns":2},{"damage":0,"enemies":"Chosen and Byrds","floor":21,"turns":4},{"damage":25,"enemies":"Snecko","floor":22,"turns":4},{"damage":38,"enemies":"Gremlin Leader","floor":24,"turns":6},{"damage":12,"enemies":"Slaver and Parasite","floor":25,"turns":1}],"event_choices":[{"event_name":"Golden Wing","player_choice":"Card Removal","floor":2,"damage_taken":0},{"event_name":"Shining Light","player_choice":"Entered Light","floor":3,"damage_taken":0},{"event_name":"Dead Adventurer","player_choice":"Searched \u00271\u0027 times","floor":8,"damage_taken":0},{"event_name":"Golden Idol","player_choice":"Lose Max HP","floor":11,"damage_taken":0}],"boss_relics":[{"not_picked":["Runic Dome","Orrery"],"picked":"Astrolabe"}],"potions_floor_spawned":[7,8,14,16,21,22],"seed_played":"4656637399800150028","killed_by":"Slaver and Parasite","ascension_level":0,"is_trial":false}