{"gold_per_floor":[115,115,115,126,142,142,153,153,180,180,209,209,236,265,265,337,337,350,363,273,292,42,76,92,92,92,92,66,95,109,122,122,194,194,211,211,54,69,69,69,102,116,143,243,243,260,273,285,285,285],"floor_reached":50,"playtime":2675,"items_purged":[],"score":887,"play_id":"b04c7f0b-5ca3-430e-9da4-6970f2012bda","local_time":"20181227203157","is_ascension_mode":true,"campfire_choices":[{"data":"Dagger Spray","floor":6,"key":"SMITH"},{"data":"Neutralize","floor":8,"key":"SMITH"},{"floor":12,"key":"REST"},{"floor":15,"key":"REST"},{"data":"Cloak And Dagger","floor":25,"key":"SMITH"},{"floor":27,"key":"REST"},{"floor":32,"key":"REST"},{"data":"Envenom","floor":40,"key":"SMITH"},{"floor":45,"key":"REST"},{"floor":49,"key":"REST"}],"neow_cost":"NONE","seed_source_timestamp":1065867546256720,"circlet_count":0,"master_deck":["AscendersBane","Survivor+1","Neutralize+1","Slice","Dagger Spray+1","PiercingWail","Blade Dance","Riddle With Holes+1","All Out Attack+1","Quick Slash+1","Adrenaline","Blade Dance","Well Laid Plans","Finisher+1","Cloak And Dagger+1","Dagger Spray+1","Blade Dance","Blur","Sucker Punch+1","Envenom+1","Setup","Flying Knee+1","Envenom","Backstab+1","Concentrate","Glass Knife+1","Riddle With Holes+1","Storm of Steel","Accuracy","Dodge and Roll","Backflip","Leg Sweep","Backflip","Doppelganger"],"relics":["Ring of the Snake","Strawberry","Orichalcum","Molten Egg 2","Meat on the Bone","Odd Mushroom","Busted Crown","Boot","Shuriken","Ancient Tea Set","Pandora\u0027s Box","Bronze Scales","Tingsha","Art of War","Bird Faced Urn"],"potions_floor_usage":[16,16,16,23,29,33,46,50],"damage_taken":[{"damage":7,"enemies":"2 Louse","floor":1,"turns":3},{"damage":1,"enemies":"Small Slimes","floor":4,"turns":4},{"damage":0,"enemies":"Jaw Worm","floor":5,"turns":5},{"damage":10,"enemies":"Large Slime","floor":7,"turns":9},{"damage":18,"enemies":"Gremlin Nob","floor":11,"turns":5},{"damage":11,"enemies":"3 Sentries","floor":13,"turns":8},{"damage":6,"enemies":"The Mushroom Lair","floor":14,"turns":3},{"damage":31,"enemies":"The Guardian","floor":16,"turns":8},{"damage":2,"enemies":"2 Thieves","floor":18,"turns":3},{"damage":4,"enemies":"Chosen","floor":19,"turns":4},{"damage":4,"enemies":"Centurion and Healer","floor":21,"turns":7},{"damage":34,"enemies":"Book of Stabbing","floor":23,"turns":5},{"damage":9,"enemies":"Snake Plant","floor":24,"turns":4},{"damage":28,"enemies":"Slavers","floor":29,"turns":4},{"damage":7,"enemies":"Snecko","floor":30,"turns":3},{"damage":4,"enemies":"Chosen and Byrds","floor":31,"turns":4},{"damage":39,"enemies":"Champ","floor":33,"turns":9},{"damage":6,"enemies":"Orb Walker","floor":35,"turns":2},{"damage":12,"enemies":"3 Darklings","floor":38,"turns":3},{"damage":10,"enemies":"Nemesis","floor":41,"turns":5},{"damage":23,"enemies":"Maw","floor":42,"turns":5},{"damage":0,"enemies":"Mind Bloom Boss Battle","floor":44,"turns":5},{"damage":18,"enemies":"4 Shapes","floor":46,"turns":7},{"damage":6,"enemies":"Jaw Worm Horde","floor":47,"turns":2},{"damage":3,"enemies":"Sphere and 2 Shapes","floor":48,"turns":4},{"damage":90,"enemies":"Time Eater","floor":50,"turns":9}],"seed_played":"7932001308696148377","potions_obtained":[{"floor":0,"key":"EntropicBrew"},{"floor":0,"key":"Explosive Potion"},{"floor":11,"key":"Strength Potion"},{"floor":18,"key":"GamblersBrew"},{"floor":23,"key":"Weak Potion"},{"floor":24,"key":"PowerPotion"},{"floor":33,"key":"SpeedPotion"},{"floor":35,"key":"Fire Potion"},{"floor":42,"key":"SkillPotion"},{"floor":46,"key":"Energy Potion"},{"floor":47,"key":"Swift Potion"}],"is_trial":false,"path_per_floor":["M","?","?","M","M","R","M","R","T","T","E","R","E","?","R","B",null,"M","M","?","M","$","E","M","R","T","R","$","E","M","M","R","B",null,"M","?","$","M","?","R","E","M","T","?","R","M","M","M","R","B"],"character_chosen":"THE_SILENT","items_purchased":["Strength Potion","Well Laid Plans","Finisher+1","Cloak And Dagger","Blade Dance","Bronze Scales"],"campfire_rested":6,"item_purchase_floors":[22,22,22,22,28,37],"current_hp_per_floor":[52,52,57,56,56,56,46,46,46,46,28,51,40,46,69,50,71,69,65,65,61,61,39,42,42,42,65,65,49,42,50,73,46,70,64,64,64,52,52,52,42,31,31,43,66,56,52,53,76,0],"gold":285,"neow_bonus":"THREE_SMALL_POTIONS","is_prod":false,"is_daily":false,"chose_seed":false,"campfire_upgraded":4,"win_rate":0,"timestamp":1545960717,"path_taken":["M","?","?","M","M","R","M","R","T","?","E","R","E","?","R","BOSS","M","M","?","M","$","E","M","R","T","R","?","E","M","M","R","BOSS","M","?","$","M","?","R","E","M","T","?","R","M","M","M","R","BOSS"],"build_version":"2018-12-25","purchased_purges":0,"victory":false,"max_hp_per_floor":[66,73,78,78,78,78,78,78,78,78,78,78,78,78,78,78,78,78,78,78,78,78,78,78,78,78,78,78,78,78,78,78,78,78,78,78,78,78,78,78,78,78,78,78,78,78,78,78,78,78],"card_choices":[{"not_picked":["Escape Plan","Reflex"],"picked":"Slice","floor":1},{"not_picked":["Flechettes","Quick Slash"],"picked":"Dagger Spray","floor":4},{"not_picked":["Escape Plan","Backflip"],"picked":"PiercingWail","floor":5},{"not_picked":["Finisher","Masterful Stab"],"picked":"Blade Dance","floor":7},{"not_picked":["Infinite Blades","Dagger Spray"],"picked":"Riddle With Holes","floor":11},{"not_picked":["Prepared","Blade Dance"],"picked":"All Out Attack+1","floor":13},{"not_picked":["Blade Dance","Concentrate"],"picked":"Quick Slash+1","floor":14},{"not_picked":["Unload+1","Tools of the Trade"],"picked":"Adrenaline","floor":16},{"not_picked":["Outmaneuver"],"picked":"SKIP","floor":18},{"not_picked":["Choke+1"],"picked":"SKIP","floor":19},{"not_picked":[],"picked":"Blade Dance","floor":21},{"not_picked":[],"picked":"Caltrops","floor":23},{"not_picked":[],"picked":"Dagger Spray+1","floor":24},{"not_picked":[],"picked":"Blur","floor":29},{"not_picked":[],"picked":"Sucker Punch+1","floor":30},{"not_picked":["Prepared"],"picked":"SKIP","floor":31},{"not_picked":[],"picked":"Envenom","floor":33},{"not_picked":[],"picked":"Dodge and Roll","floor":35},{"not_picked":[],"picked":"Backflip","floor":38},{"not_picked":[],"picked":"Leg Sweep","floor":41},{"not_picked":["Prepared"],"picked":"SKIP","floor":42},{"not_picked":[],"picked":"Backflip","floor":44},{"not_picked":[],"picked":"Doppelganger","floor":46},{"not_picked":["Heel Hook+1"],"picked":"SKIP","floor":47},{"not_picked":["Sucker Punch+1"],"picked":"SKIP","floor":48}],"player_experience":1033369,"relics_obtained":[{"floor":9,"key":"Orichalcum"},{"floor":11,"key":"Molten Egg 2"},{"floor":13,"key":"Meat on the Bone"},{"floor":14,"key":"Odd Mushroom"},{"floor":23,"key":"Boot"},{"floor":26,"key":"Shuriken"},{"floor":29,"key":"Ancient Tea Set"},{"floor":41,"key":"Tingsha"},{"floor":43,"key":"Art of War"},{"floor":44,"key":"Bird Faced Urn"}],"event_choices":[{"damage_healed":0,"gold_gain":0,"player_choice":"Success","damage_taken":7,"relics_obtained":["Strawberry"],"max_hp_gain":0,"max_hp_loss":0,"event_name":"Scrap Ooze","floor":2,"gold_loss":0},{"damage_healed":0,"gold_gain":0,"player_choice":"Donut","damage_taken":0,"max_hp_gain":5,"max_hp_loss":0,"event_name":"Big Fish","floor":3,"gold_loss":0},{"damage_healed":0,"gold_gain":0,"player_choice":"Fought Mushrooms","damage_taken":0,"max_hp_gain":0,"max_hp_loss":0,"event_name":"Mushrooms","floor":14,"gold_loss":0},{"cards_removed":["Strike_G"],"damage_healed":0,"gold_gain":0,"player_choice":"Upgrade and Remove","damage_taken":0,"max_hp_gain":0,"max_hp_loss":0,"event_name":"Designer","floor":20,"gold_loss":90,"cards_upgraded":["Survivor"]},{"damage_healed":0,"gold_gain":0,"player_choice":"Ignored","damage_taken":0,"max_hp_gain":0,"max_hp_loss":0,"event_name":"Tomb of Lord Red Mask","floor":36,"gold_loss":0},{"cards_removed":["Caltrops"],"damage_healed":0,"gold_gain":0,"player_choice":"Removed Power","damage_taken":0,"max_hp_gain":0,"max_hp_loss":0,"event_name":"Falling","floor":39,"gold_loss":0},{"damage_healed":0,"gold_gain":0,"player_choice":"Fight","damage_taken":0,"max_hp_gain":0,"max_hp_loss":0,"event_name":"MindBloom","floor":44,"gold_loss":0}],"is_beta":true,"boss_relics":[{"not_picked":["WristBlade","Lizard Tail"],"picked":"Busted Crown"},{"not_picked":["Runic Pyramid","Calling Bell"],"picked":"Pandora\u0027s Box"}],"items_purged_floors":[],"is_endless":false,"potions_floor_spawned":[4,7,11,18,23,24,33,35,42,46,47],"killed_by":"Time Eater","ascension_level":14}