{"gold_per_floor":[15,90,109,109,134,175,175,219,219,15,15,15,40,74,74,195,195,195,195,195,195,195,195,195,195,195,120,120,120,120,120,120,120,120,120,120,120,120,120,120,120,120],"floor_reached":42,"playtime":1802,"items_purged":[],"score":537,"play_id":"51ae768e-7fdf-4e1c-9541-d23c1da8e06d","local_time":"20190113174842","is_ascension_mode":true,"campfire_choices":[{"floor":7,"key":"REST"},{"data":"Echo Form","floor":11,"key":"SMITH"},{"floor":15,"key":"REST"},{"floor":24,"key":"REST"},{"floor":29,"key":"REST"},{"data":"Defragment","floor":32,"key":"SMITH"},{"floor":40,"key":"REST"}],"neow_cost":"NO_GOLD","seed_source_timestamp":341007534859469,"circlet_count":0,"master_deck":["Strike_B","Strike_B","Strike_B","Defend_B","Defend_B","Defend_B","Defend_B","Zap","Dualcast","Echo Form+1","Ball Lightning","Streamline","Auto Shields","Chill","Steam","Go for the Eyes","Sweeping Beam","Auto Shields","Rainbow","Rip and Tear+1","Storm","Undo","Stack+1","Electrodynamics","Force Field","Sweeping Beam+1","Consume","Defragment+1","Multi-Cast","Redo+1","Cold Snap+1","BootSequence","Barrage+1"],"relics":["Cracked Core","Golden Idol","Dodecahedron","Bag of Preparation","Bottled Tornado","Anchor","StoneCalendar","Ectoplasm","Ancient Tea Set","Red Mask","Regal Pillow","Potion Belt","Fusion Hammer","Shovel"],"potions_floor_usage":[8,8,22,23,39,39,42,42],"damage_taken":[{"damage":8,"enemies":"Jaw Worm","floor":1,"turns":4},{"damage":1,"enemies":"2 Louse","floor":3,"turns":3},{"damage":0,"enemies":"Cultist","floor":5,"turns":2},{"damage":19,"enemies":"Gremlin Nob","floor":6,"turns":4},{"damage":27,"enemies":"Lagavulin","floor":8,"turns":6},{"damage":0,"enemies":"2 Fungi Beasts","floor":13,"turns":3},{"damage":0,"enemies":"3 Sentries","floor":14,"turns":6},{"damage":39,"enemies":"Slime Boss","floor":16,"turns":7},{"damage":2,"enemies":"Shell Parasite","floor":18,"turns":4},{"damage":0,"enemies":"Spheric Guardian","floor":19,"turns":3},{"damage":35,"enemies":"Masked Bandits","floor":21,"turns":5},{"damage":0,"enemies":"3 Cultists","floor":22,"turns":3},{"damage":0,"enemies":"Book of Stabbing","floor":23,"turns":5},{"damage":15,"enemies":"Shelled Parasite and Fungi","floor":25,"turns":4},{"damage":18,"enemies":"Chosen and Byrds","floor":28,"turns":5},{"damage":0,"enemies":"Cultist and Chosen","floor":30,"turns":3},{"damage":15,"enemies":"Collector","floor":33,"turns":8},{"damage":9,"enemies":"3 Darklings","floor":35,"turns":3},{"damage":43,"enemies":"2 Orb Walkers","floor":36,"turns":5},{"damage":3,"enemies":"Orb Walker","floor":38,"turns":4},{"damage":6,"enemies":"Spire Growth","floor":39,"turns":5},{"damage":8,"enemies":"4 Shapes","floor":41,"turns":6},{"damage":48,"enemies":"Giant Head","floor":42,"turns":9}],"seed_played":"5690728741364446706","potions_obtained":[{"floor":1,"key":"Regen Potion"},{"floor":8,"key":"Fruit Juice"},{"floor":14,"key":"PowerPotion"},{"floor":19,"key":"EssenceOfSteel"},{"floor":25,"key":"Ancient Potion"},{"floor":30,"key":"Dexterity Potion"},{"floor":36,"key":"GamblersBrew"},{"floor":39,"key":"FocusPotion"},{"floor":41,"key":"AttackPotion"}],"is_trial":false,"path_per_floor":["M","?","M","?","M","E","R","E","T","$","R","$","M","E","R","B",null,"M","M","?","?","M","E","R","M","T","?","M","R","M","?","R","B",null,"M","?","?","M","M","R","M","E"],"character_chosen":"DEFECT","items_purchased":["Go for the Eyes","Anchor"],"campfire_rested":5,"item_purchase_floors":[10,10],"current_hp_per_floor":[67,56,55,55,55,36,56,49,49,49,49,49,49,49,71,32,74,72,72,72,37,37,37,74,59,59,59,41,74,74,74,74,59,74,65,22,22,19,13,50,42,0],"gold":120,"neow_bonus":"THREE_RARE_CARDS","is_prod":false,"is_daily":false,"chose_seed":false,"campfire_upgraded":2,"win_rate":0,"timestamp":1547419722,"path_taken":["M","?","M","?","M","E","R","E","T","$","R","?","?","E","R","BOSS","M","M","?","?","M","E","R","M","T","?","M","R","?","?","R","BOSS","M","?","?","M","?","R","M","E"],"build_version":"2019-01-10","purchased_purges":0,"victory":false,"max_hp_per_floor":[75,75,75,69,69,69,69,74,74,74,74,74,74,74,74,74,74,74,74,74,74,74,74,74,74,74,74,74,74,74,74,74,74,74,74,74,74,74,74,74,74,74],"card_choices":[{"not_picked":["Creative AI","Hyperbeam"],"picked":"Echo Form","floor":0},{"not_picked":["Lockon","Chill"],"picked":"Ball Lightning","floor":1},{"not_picked":["Chaos","Steam"],"picked":"Streamline","floor":3},{"not_picked":["Heatsinks","Multi-Cast"],"picked":"Auto Shields","floor":5},{"not_picked":["FTL","Steam"],"picked":"Chill","floor":6},{"not_picked":["Force Field","Beam Cell"],"picked":"Steam","floor":8},{"not_picked":["Aggregate","Chaos"],"picked":"Sweeping Beam","floor":13},{"not_picked":["Turbo","Gash"],"picked":"Auto Shields","floor":14},{"not_picked":["All For One","Reboot"],"picked":"Rainbow","floor":16},{"not_picked":["Go for the Eyes+1","Skim+1"],"picked":"Rip and Tear+1","floor":18},{"not_picked":["Gash","Fusion"],"picked":"Storm","floor":19},{"not_picked":["Rebound","Auto Shields"],"picked":"Undo","floor":21},{"not_picked":["Barrage","Gash"],"picked":"Stack+1","floor":22},{"not_picked":["Aggregate+1","Sweeping Beam"],"picked":"Electrodynamics","floor":23},{"not_picked":["Sweeping Beam+1","FTL"],"picked":"Force Field","floor":25},{"not_picked":["Turbo","Gash"],"picked":"Sweeping Beam+1","floor":28},{"not_picked":["Rebound","Streamline"],"picked":"Consume","floor":30},{"not_picked":["Seek","Fission"],"picked":"Multi-Cast","floor":33},{"not_picked":["Storm","Undo+1"],"picked":"Redo+1","floor":35},{"not_picked":["Gash","Rebound+1"],"picked":"Cold Snap+1","floor":38},{"not_picked":["Redo","Go for the Eyes"],"picked":"BootSequence","floor":39},{"not_picked":["Heatsinks+1","Leap+1"],"picked":"Barrage+1","floor":41}],"player_experience":1253496,"relics_obtained":[{"floor":6,"key":"Dodecahedron"},{"floor":8,"key":"Bag of Preparation"},{"floor":9,"key":"Bottled Tornado"},{"floor":14,"key":"StoneCalendar"},{"floor":21,"key":"Red Mask"},{"floor":23,"key":"Regal Pillow"},{"floor":26,"key":"Potion Belt"},{"floor":36,"key":"Shovel"}],"event_choices":[{"damage_healed":0,"gold_gain":75,"player_choice":"Gather Gold","damage_taken":11,"max_hp_gain":0,"max_hp_loss":0,"event_name":"World of Goop","floor":2,"gold_loss":0},{"damage_healed":0,"gold_gain":0,"player_choice":"Lose Max HP","damage_taken":0,"relics_obtained":["Golden Idol"],"max_hp_gain":0,"max_hp_loss":6,"event_name":"Golden Idol","floor":4,"gold_loss":0},{"damage_healed":0,"gold_gain":0,"player_choice":"Opened","damage_taken":0,"relics_obtained":["Ancient Tea Set"],"max_hp_gain":0,"max_hp_loss":0,"event_name":"The Mausoleum","floor":20,"gold_loss":0},{"damage_healed":0,"gold_gain":0,"player_choice":"Fought Bandits","damage_taken":0,"max_hp_gain":0,"max_hp_loss":0,"event_name":"Masked Bandits","floor":21,"gold_loss":0},{"cards_removed":["Strike_B"],"damage_healed":0,"gold_gain":0,"player_choice":"Gave Gold","damage_taken":0,"max_hp_gain":0,"max_hp_loss":0,"event_name":"Beggar","floor":27,"gold_loss":75},{"damage_healed":0,"gold_gain":0,"player_choice":"Read","damage_taken":0,"max_hp_gain":0,"max_hp_loss":0,"event_name":"The Library","floor":31,"gold_loss":0,"cards_obtained":["Defragment"]},{"damage_healed":0,"gold_gain":0,"player_choice":"Fight","damage_taken":0,"max_hp_gain":0,"max_hp_loss":0,"event_name":"Mysterious Sphere","floor":36,"gold_loss":0},{"damage_healed":0,"gold_gain":0,"player_choice":"Ignored","damage_taken":0,"max_hp_gain":0,"max_hp_loss":0,"event_name":"SecretPortal","floor":37,"gold_loss":0}],"is_beta":true,"boss_relics":[{"not_picked":["Nuclear Battery","Black Star"],"picked":"Ectoplasm"},{"not_picked":["Eternal Feather","Empty Cage"],"picked":"Fusion Hammer"}],"items_purged_floors":[],"is_endless":false,"potions_floor_spawned":[1,8,14,19,25,30,36,39,41],"killed_by":"Giant Head","ascension_level":2}