{"gold_per_floor":[114,131,145,164,174,174,209,209,283,317,317,389,406,417,417,417],"floor_reached":16,"playtime":747,"items_purged":[],"score":120,"play_id":"bd1d5a65-3ec2-4f94-8e1d-9d3205202403","local_time":"20180715113237","is_ascension_mode":true,"campfire_choices":[{"floor":6,"key":"DIG"},{"floor":8,"key":"REST"},{"floor":15,"key":"REST"}],"neow_cost":"TEN_PERCENT_HP_LOSS","seed_source_timestamp":2644590540663279,"circlet_count":0,"master_deck":["Defend_G","Defend_G","Defend_G","Defend_G","Defend_G","Strike_G","Strike_G","Strike_G","Strike_G","Survivor","Neutralize","Terror","PiercingWail","Dagger Throw","Backflip","Wraith Form v2","Cloak And Dagger","Calculated Gamble","Choke","Dodge and Roll"],"relics":["Ring of the Snake","Shovel","Smiling Mask","Tough Bandages","Bottled Flame","Bronze Scales","The Courier"],"potions_floor_usage":[7,14,16,16],"damage_taken":[{"damage":2,"enemies":"Small Slimes","floor":1,"turns":4},{"damage":2,"enemies":"2 Louse","floor":2,"turns":4},{"damage":1,"enemies":"Jaw Worm","floor":3,"turns":5},{"damage":0,"enemies":"Looter","floor":4,"turns":4},{"damage":3,"enemies":"Red Slaver","floor":5,"turns":4},{"damage":27,"enemies":"Lagavulin","floor":7,"turns":9},{"damage":26,"enemies":"Gremlin Nob","floor":10,"turns":6},{"damage":3,"enemies":"Large Slime","floor":13,"turns":6},{"damage":0,"enemies":"Blue Slaver","floor":14,"turns":3},{"damage":28,"enemies":"Slime Boss","floor":16,"turns":10}],"seed_played":"-6411700453673611675","potions_obtained":[{"floor":1,"key":"SneckoOil"},{"floor":4,"key":"FearPotion"},{"floor":5,"key":"Fire Potion"},{"floor":14,"key":"EntropicBrew"}],"is_trial":false,"path_per_floor":["M","M","M","M","M","R","E","R","T","E","?","T","M","M","R"],"character_chosen":"THE_SILENT","items_purchased":[],"campfire_rested":2,"item_purchase_floors":[],"current_hp_per_floor":[61,59,58,58,55,55,28,46,46,20,13,13,10,10,28,0],"gold":417,"neow_bonus":"ONE_RARE_RELIC","is_prod":false,"is_daily":false,"chose_seed":false,"campfire_upgraded":0,"win_rate":0,"timestamp":1531668757,"path_taken":["M","M","M","M","M","R","E","R","T","E","?","?","M","M","R","BOSS"],"build_version":"2018-07-13","purchased_purges":0,"victory":false,"max_hp_per_floor":[63,63,63,63,63,63,63,63,63,63,63,63,63,63,63,63],"card_choices":[{"not_picked":["Bouncing Flask","Riddle With Holes"],"picked":"Terror","floor":1},{"not_picked":["Acrobatics","Outmaneuver"],"picked":"PiercingWail","floor":2},{"not_picked":["Bane","Masterful Stab"],"picked":"Dagger Throw","floor":3},{"not_picked":["Bane","Deflect"],"picked":"Backflip","floor":4},{"not_picked":["Poisoned Stab","Eviscerate"],"picked":"Wraith Form v2","floor":5},{"not_picked":["Caltrops","Blur"],"picked":"Cloak And Dagger","floor":7},{"not_picked":["Deflect","Cloak And Dagger"],"picked":"Calculated Gamble","floor":10},{"not_picked":["Infinite Blades","Dagger Throw"],"picked":"Choke","floor":13},{"not_picked":["Outmaneuver","Sucker Punch"],"picked":"Dodge and Roll","floor":14}],"player_experience":571150,"relics_obtained":[{"floor":6,"key":"Smiling Mask"},{"floor":7,"key":"Tough Bandages"},{"floor":9,"key":"Bottled Flame"},{"floor":10,"key":"Bronze Scales"},{"floor":12,"key":"The Courier"}],"event_choices":[{"event_name":"Golden Wing","player_choice":"Card Removal","floor":11,"damage_taken":0}],"boss_relics":[],"items_purged_floors":[],"is_endless":false,"potions_floor_spawned":[1,4,5,14],"killed_by":"Slime Boss","ascension_level":1}