{"gold_per_floor":[18,18,18,18,34,52,52,52,79,5,5,40,40,71,71,150,150,168,168,63,78,0,0,0,10,10,28,28,28,28,28],"floor_reached":31,"playtime":821,"items_purged":[],"score":406,"play_id":"46afe525-fe6f-4124-a8e5-86f8162c6426","local_time":"20181228201757","is_ascension_mode":true,"campfire_choices":[{"data":"Inflame","floor":8,"key":"SMITH"},{"data":"Bash","floor":11,"key":"SMITH"},{"data":"Spot Weakness","floor":13,"key":"SMITH"},{"floor":15,"key":"REST"},{"floor":23,"key":"REST"},{"floor":30,"key":"REST"}],"neow_cost":"NO_GOLD","seed_source_timestamp":7660735302240,"circlet_count":0,"master_deck":["AscendersBane","Strike_R","Strike_R","Defend_R","Defend_R","Defend_R","Defend_R","Bash+1","Cleave","Pommel Strike","Inflame+1","Corruption","Spot Weakness+1","Dark Embrace","Immolate","Spot Weakness+1","Corruption+1","Carnage+1","Dual Wield","Feel No Pain+1","Shockwave","Twin Strike","Evolve","Twin Strike","Decay"],"relics":["Burning Blood","Ginger","Blood Vial","Ancient Tea Set","PreservedInsect","Astrolabe","Lantern","Pear"],"potions_floor_usage":[12,27,31],"damage_taken":[{"damage":19,"enemies":"Small Slimes","floor":1,"turns":6},{"damage":7,"enemies":"Jaw Worm","floor":5,"turns":3},{"damage":1,"enemies":"Cultist","floor":6,"turns":3},{"damage":20,"enemies":"3 Sentries","floor":12,"turns":5},{"damage":16,"enemies":"Gremlin Nob","floor":14,"turns":3},{"damage":43,"enemies":"Slime Boss","floor":16,"turns":9},{"damage":28,"enemies":"Spheric Guardian","floor":18,"turns":4},{"damage":43,"enemies":"3 Byrds","floor":21,"turns":5},{"damage":15,"enemies":"Snake Plant","floor":25,"turns":3},{"damage":24,"enemies":"Centurion and Healer","floor":27,"turns":8},{"damage":44,"enemies":"Shelled Parasite and Fungi","floor":31,"turns":4}],"seed_played":"-5114901451538213764","potions_obtained":[{"floor":5,"key":"Block Potion"},{"floor":18,"key":"SpeedPotion"},{"floor":25,"key":"LiquidBronze"},{"floor":27,"key":"SteroidPotion"}],"is_trial":false,"path_per_floor":["M","?","$","?","M","M","T","R","T","$","R","E","R","E","R","B",null,"M","T","$","M","?","R","$","M","T","M","?","?","R","M"],"character_chosen":"IRONCLAD","items_purchased":["Corruption","Feel No Pain","Shockwave"],"campfire_rested":3,"item_purchase_floors":[10,20,20],"current_hp_per_floor":[55,55,55,55,54,59,59,59,59,59,59,47,47,39,61,26,63,43,43,43,8,8,30,30,23,33,17,17,17,42,0],"gold":28,"neow_bonus":"ONE_RARE_RELIC","is_prod":false,"is_daily":false,"chose_seed":false,"campfire_upgraded":3,"win_rate":0,"timestamp":1546046277,"path_taken":["M","?","$","?","M","M","?","R","T","?","R","E","R","E","R","BOSS","M","?","$","M","?","R","$","M","T","M","?","?","R","M"],"build_version":"2018-12-25","purchased_purges":0,"victory":false,"max_hp_per_floor":[75,75,75,75,75,75,75,75,75,75,75,75,75,75,75,75,75,75,75,75,75,75,75,75,75,85,85,85,85,85,85],"card_choices":[{"not_picked":["Flex","Heavy Blade"],"picked":"Cleave","floor":1},{"not_picked":["Iron Wave","Anger"],"picked":"Pommel Strike","floor":5},{"not_picked":["Fire Breathing","Perfected Strike"],"picked":"Inflame","floor":6},{"not_picked":["Armaments","Cleave"],"picked":"Spot Weakness","floor":12},{"not_picked":["Perfected Strike","Second Wind"],"picked":"Dark Embrace","floor":14},{"not_picked":["Exhume","Bludgeon"],"picked":"Immolate","floor":16},{"not_picked":["Power Through","Clash"],"picked":"Dual Wield","floor":18},{"not_picked":["Body Slam","Flex"],"picked":"Twin Strike","floor":21},{"not_picked":["Rampage+1","Thunderclap"],"picked":"Evolve","floor":25},{"not_picked":["Clothesline","Infernal Blade"],"picked":"Twin Strike","floor":27}],"player_experience":1051285,"relics_obtained":[{"floor":7,"key":"Blood Vial"},{"floor":12,"key":"Ancient Tea Set"},{"floor":14,"key":"PreservedInsect"},{"floor":19,"key":"Lantern"},{"floor":26,"key":"Pear"}],"event_choices":[{"damage_healed":0,"gold_gain":0,"player_choice":"Leave","damage_taken":0,"max_hp_gain":0,"max_hp_loss":0,"event_name":"The Cleric","floor":2,"gold_loss":0},{"damage_healed":0,"gold_gain":0,"player_choice":"Ignored","damage_taken":0,"max_hp_gain":0,"max_hp_loss":0,"event_name":"Shining Light","floor":4,"gold_loss":0},{"damage_healed":0,"gold_gain":0,"player_choice":"Paid Fearfully","damage_taken":0,"max_hp_gain":0,"max_hp_loss":0,"event_name":"Masked Bandits","floor":22,"gold_loss":78},{"damage_healed":0,"gold_gain":0,"player_choice":"Smashed Altar","damage_taken":0,"max_hp_gain":0,"max_hp_loss":0,"event_name":"Forgotten Altar","floor":28,"gold_loss":0,"cards_obtained":["Decay"]},{"damage_healed":0,"gold_gain":0,"player_choice":"Forge","damage_taken":0,"max_hp_gain":0,"max_hp_loss":0,"event_name":"Accursed Blacksmith","floor":29,"gold_loss":0,"cards_upgraded":["Feel No Pain"]}],"is_beta":true,"boss_relics":[{"not_picked":["Orrery","Calling Bell"],"picked":"Astrolabe"}],"items_purged_floors":[],"is_endless":false,"potions_floor_spawned":[5,18,25,27],"killed_by":"Shelled Parasite and Fungi","ascension_level":14}