{"path_per_floor":["M","M","M","M","?","R","E","R","T","E","R","?","R","$","R","B",null,"M","?","M","$","M","E","M","R","T","E","$","M","M","?","R"],"character_chosen":"IRONCLAD","items_purchased":["Battle Trance","Bag of Marbles"],"gold_per_floor":[113,129,140,154,154,154,180,180,180,205,205,235,235,83,83,179,179,194,194,204,104,114,149,165,165,165,194,47,60,75,75,75,75],"floor_reached":33,"campfire_rested":3,"playtime":1146,"current_hp_per_floor":[71,75,79,65,49,73,61,61,61,27,51,51,51,51,51,11,64,73,57,63,63,53,28,21,50,50,39,39,40,49,49,49,0],"items_purged":["Strike_R","Strike_R"],"gold":75,"score":438,"play_id":"39e706c3-58b1-4361-9995-fb32d1f295f8","local_time":"20180417213404","is_prod":false,"is_daily":false,"chose_seed":false,"is_ascension_mode":true,"campfire_upgraded":1,"timestamp":1524015244,"path_taken":["M","M","M","M","?","R","E","R","T","E","R","?","R","$","R","BOSS","M","?","M","$","?","E","M","R","T","E","$","M","M","?","R","BOSS"],"build_version":"2018-04-16","seed_source_timestamp":477961111829020,"purchased_purges":2,"victory":false,"master_deck":["Strike_R","Defend_R","Defend_R","Defend_R","Bash","Immolate+1","Shrug It Off","Spot Weakness+1","Cleave+1","Seeing Red","Evolve","Battle Trance","Feed","Armaments","Flame Barrier+1","Double Tap","Ghostly","Ghostly","Ghostly","Ghostly","Ghostly"],"max_hp_per_floor":[80,80,80,80,80,80,80,80,80,82,82,82,82,82,82,82,82,85,90,93,93,95,97,99,99,99,101,101,104,109,54,54,54],"relics":["Burning Blood","Singing Bowl","Bronze Scales","Peace Pipe","Velvet Choker","Anchor","Mummified Hand","Darkstone Periapt","Bag of Marbles"],"card_choices":[{"not_picked":["Body Slam","Flex"],"picked":"Shrug It Off","floor":1},{"not_picked":["Ghostly Armor","Twin Strike"],"picked":"Spot Weakness","floor":2},{"not_picked":["Fire Breathing","Clothesline"],"picked":"Cleave","floor":3},{"not_picked":["Dual Wield","Sever Soul"],"picked":"Seeing Red","floor":4},{"not_picked":["Body Slam","Heavy Blade"],"picked":"Evolve","floor":7},{"not_picked":["Exhume","Immolate"],"picked":"Feed","floor":16},{"not_picked":["Havoc","Evolve"],"picked":"Armaments","floor":18},{"not_picked":["Sword Boomerang","Uppercut"],"picked":"Flame Barrier","floor":20},{"not_picked":["Clothesline","Twin Strike"],"picked":"Double Tap","floor":29}],"player_experience":242944,"potions_floor_usage":[16,23,29,33,33,33],"damage_taken":[{"damage":7,"enemies":"Jaw Worm","floor":1,"turns":3},{"damage":2,"enemies":"2 Louse","floor":2,"turns":2},{"damage":2,"enemies":"Small Slimes","floor":3,"turns":2},{"damage":20,"enemies":"Looter","floor":4,"turns":4},{"damage":18,"enemies":"3 Sentries","floor":7,"turns":3},{"damage":42,"enemies":"Lagavulin","floor":10,"turns":6},{"damage":52,"enemies":"Hexaghost","floor":16,"turns":9},{"damage":0,"enemies":"Chosen","floor":18,"turns":3},{"damage":3,"enemies":"3 Byrds","floor":20,"turns":2},{"damage":18,"enemies":"3 Cultists","floor":22,"turns":4},{"damage":33,"enemies":"Slavers","floor":23,"turns":4},{"damage":15,"enemies":"Sentry and Sphere","floor":24,"turns":4},{"damage":19,"enemies":"Book of Stabbing","floor":27,"turns":5},{"damage":8,"enemies":"Centurion and Healer","floor":29,"turns":3},{"damage":2,"enemies":"Chosen and Byrds","floor":30,"turns":3},{"damage":49,"enemies":"Automaton","floor":33,"turns":10}],"event_choices":[{"event_name":"Shining Light","player_choice":"Entered Light","floor":5,"damage_taken":0},{"event_name":"Dead Adventurer","player_choice":"Searched \u00272\u0027 times","floor":12,"damage_taken":0},{"event_name":"Forgotten Altar","player_choice":"Shed Blood","floor":19,"damage_taken":0},{"event_name":"Ghosts","player_choice":"Became a Ghost","floor":31,"damage_taken":0}],"boss_relics":[{"not_picked":["Black Star","Ectoplasm"],"picked":"Velvet Choker"}],"potions_floor_spawned":[1,7,10,16,20,23,24,29,30],"seed_played":"9037571327291330199","killed_by":"Automaton","ascension_level":8,"is_trial":false}