{"path_per_floor":["M","?","$","M","M","R","M","E","T","R","?","E","$","?","R","B",null,"M","?","?","M","?","R","E","M","T","?","$","R","$","M","R","B",null,"M","$","?","?","?","R","M","R","T","M","$","M","R","M","R","B"],"character_chosen":"THE_SILENT","items_purchased":["Deflect","Footwork","Infinite Blades","Backstab","Oddly Smooth Stone","Bouncing Flask","Flying Knee"],"gold_per_floor":[119,119,14,31,45,45,65,91,91,91,46,74,4,4,4,105,105,94,94,94,107,107,107,141,159,212,212,20,20,20,33,33,136,136,151,8,60,60,0,0,16,16,16,36,11,21,21,35,35,35],"floor_reached":51,"campfire_rested":2,"playtime":3081,"current_hp_per_floor":[63,63,63,63,63,63,59,44,58,58,58,49,49,68,68,50,77,71,71,71,47,47,47,34,36,36,61,61,61,61,38,61,36,77,75,75,41,41,41,51,47,47,47,38,38,50,50,54,80,33],"items_purged":["Decay"],"gold":35,"score":721,"play_id":"94c03e53-96b6-4cd9-ba63-3f254021f6ad","local_time":"20180311202625","is_prod":false,"is_daily":false,"is_ascension_mode":false,"campfire_upgraded":5,"timestamp":1520814385,"path_taken":["M","?","?","M","M","R","M","E","T","R","?","E","$","?","R","BOSS","M","?","?","?","?","R","E","M","T","?","$","R","?","M","R","BOSS","M","?","?","?","?","R","M","R","T","?","$","M","R","M","R","BOSS"],"build_version":"2018-03-09","purchased_purges":1,"victory":true,"master_deck":["Defend_G","Defend_G","Defend_G","Defend_G","Strike_G","Strike_G","Strike_G","Survivor","Neutralize+1","Dodge and Roll+1","Deflect","Footwork+1","Noxious Fumes+1","A Thousand Cuts+1","Dagger Spray+1","Infinite Blades","Parasite","Envenom+1","Dash+1","Prepared+1","Escape Plan+1","Distraction+1","Dagger Throw+1","Infinite Blades","Blade Dance+1","Backstab","Endless Agony","After Image","Endless Agony","Bouncing Flask","All Out Attack","Slice+1","Blur","Flying Knee","Terror+1","PiercingWail+1"],"max_hp_per_floor":[63,63,63,63,63,63,63,63,77,77,77,77,77,77,77,77,77,77,77,77,77,77,77,77,77,77,77,77,77,77,77,77,77,77,77,77,77,77,77,87,87,87,87,87,87,87,87,87,87,87],"relics":["Ring of the Snake","Unceasing Top","Paper Crane","Mango","Happy Flower","Astrolabe","Meat on the Bone","Whetstone","Pen Nib","Oddly Smooth Stone","Philosopher\u0027s Stone","Shovel","Red Mask","Pear","Singing Bowl","Orichalcum","Tingsha"],"card_choices":[{"not_picked":["Outmaneuver","Well Laid Plans"],"picked":"Dodge and Roll"},{"not_picked":["Deadly Poison","Outmaneuver"],"picked":"Noxious Fumes"},{"not_picked":["Acrobatics","Flechettes"],"picked":"Calculated Gamble"},{"not_picked":["Heel Hook","Glass Knife"],"picked":"A Thousand Cuts"},{"not_picked":["Dagger Throw","Footwork"],"picked":"Dagger Spray"},{"not_picked":["A Thousand Cuts","Night Terror"],"picked":"Envenom"},{"not_picked":["Flying Knee","Prepared"],"picked":"Distraction"},{"not_picked":["Leg Sweep","Quick Slash"],"picked":"Dagger Throw"},{"not_picked":["Sucker Punch","Noxious Fumes"],"picked":"Infinite Blades"},{"not_picked":["Choke","Noxious Fumes"],"picked":"Blade Dance"},{"not_picked":["Deadly Poison","Calculated Gamble"],"picked":"Endless Agony"},{"not_picked":["Venomology","Envenom"],"picked":"After Image"},{"not_picked":["Dagger Spray","Leg Sweep"],"picked":"Endless Agony"},{"not_picked":["Quick Slash","Bouncing Flask"],"picked":"All Out Attack"},{"not_picked":["Heel Hook","Outmaneuver"],"picked":"Slice"},{"not_picked":["Poisoned Stab","Deadly Poison"],"picked":"Blur"},{"not_picked":["Outmaneuver","Dagger Throw"],"picked":"Terror"},{"not_picked":["Endless Agony","Noxious Fumes"],"picked":"PiercingWail"}],"player_experience":539990,"potions_floor_usage":[12,12,16,33,35,41,48,50,50],"damage_taken":[{"damage":0,"enemies":"Jaw Worm","floor":1,"turns":6},{"damage":0,"enemies":"Cultist","floor":4,"turns":6},{"damage":0,"enemies":"Small Slimes","floor":5,"turns":4},{"damage":4,"enemies":"Exordium Wildlife","floor":7,"turns":5},{"damage":15,"enemies":"3 Sentries","floor":8,"turns":10},{"damage":9,"enemies":"Gremlin Nob","floor":12,"turns":5},{"damage":18,"enemies":"Hexaghost","floor":16,"turns":10},{"damage":6,"enemies":"2 Thieves","floor":18,"turns":4},{"damage":24,"enemies":"Chosen","floor":21,"turns":6},{"damage":25,"enemies":"Book of Stabbing","floor":24,"turns":7},{"damage":10,"enemies":"Centurion and Healer","floor":25,"turns":6},{"damage":35,"enemies":"Snecko","floor":31,"turns":6},{"damage":37,"enemies":"Automaton","floor":33,"turns":12},{"damage":2,"enemies":"Orb Walker","floor":35,"turns":4},{"damage":34,"enemies":"Mysterious Sphere","floor":37,"turns":5},{"damage":4,"enemies":"3 Darklings","floor":41,"turns":5},{"damage":21,"enemies":"4 Shapes","floor":44,"turns":3},{"damage":0,"enemies":"Maw","floor":46,"turns":7},{"damage":8,"enemies":"Sphere and 2 Shapes","floor":48,"turns":6},{"damage":59,"enemies":"Donu and Deca","floor":50,"turns":9}],"event_choices":[{"event_name":"Accursed Blacksmith","player_choice":"Forge","floor":2,"damage_taken":0},{"event_name":"World of Goop","player_choice":"Left","floor":11,"damage_taken":0},{"event_name":"Mushrooms","player_choice":"Healed and dodged fight","floor":14,"damage_taken":0},{"event_name":"The Mausoleum","player_choice":"Yes","floor":19,"damage_taken":0},{"event_name":"Drug Dealer","player_choice":"Ignored","floor":20,"damage_taken":0},{"event_name":"Forgotten Altar","player_choice":"Smashed Altar","floor":22,"damage_taken":0},{"event_name":"The Library","player_choice":"Heal","floor":27,"damage_taken":0},{"event_name":"Mysterious Sphere","player_choice":"Fight","floor":37,"damage_taken":0},{"event_name":"Tomb of Lord Red Mask","player_choice":"Paid","floor":39,"damage_taken":0}],"boss_relics":[{"not_picked":["Runic Pyramid","Sozu"],"picked":"Astrolabe"},{"not_picked":["Velvet Choker","Eternal Feather"],"picked":"Philosopher\u0027s Stone"}],"potions_floor_spawned":[4,5,7,21,25,33,35,46],"seed_played":"8834999793938275187","ascension_level":0,"is_trial":false}