{"gold_per_floor":[112,112,112,125,125,169,199,199,199,222,240,240,253,319,319,443,443,464,539,560,167,180,180,1,16,16,49,49,73,73,104,104,232,232,252,252,276,276,31,31,64,77,77,77,37,37,57,75,75,75],"floor_reached":51,"playtime":1780,"items_purged":["Strike_B","Strike_B","Strike_B"],"score":1135,"play_id":"96922fbf-1304-456b-becb-c493fa384ddb","local_time":"20190203185600","is_ascension_mode":true,"campfire_choices":[{"data":"Dualcast","floor":8.0,"key":"SMITH"},{"data":"Coolheaded","floor":12.0,"key":"SMITH"},{"data":"Zap","floor":15.0,"key":"SMITH"},{"floor":23.0,"key":"REST"},{"floor":30.0,"key":"REST"},{"floor":32.0,"key":"REST"},{"data":"Rainbow","floor":40.0,"key":"SMITH"},{"floor":44,"key":"REST"},{"data":"Amplify","floor":46,"key":"SMITH"},{"floor":49,"key":"REST"}],"neow_cost":"NONE","seed_source_timestamp":0,"circlet_count":0,"master_deck":["AscendersBane","Strike_B","Defend_B","Defend_B","Defend_B","Defend_B","Zap+1","Dualcast+1","Coolheaded+1","Defragment+1","Defragment+1","Electrodynamics+1","Rainbow+1","Loop+1","Reinforced Body","Compile Driver","Self Repair+1","Consume","Amplify+1","Leap+1","Seek","White Noise+1","Capacitor+1","Conserve Battery","Defragment+1","Go for the Eyes"],"special_seed":0,"relics":["Cracked Core","NeowsBlessing","Golden Idol","Frozen Egg 2","Symbiotic Virus","Tiny Chest","Runic Dome","Strawberry","Dodecahedron","Cables","Anchor","Velvet Choker","Omamori","Bottled Flame"],"potions_floor_usage":[42,50,50],"damage_taken":[{"damage":0.0,"enemies":"2 Louse","floor":1.0,"turns":1.0},{"damage":0.0,"enemies":"Jaw Worm","floor":4.0,"turns":1.0},{"damage":0.0,"enemies":"3 Sentries","floor":6.0,"turns":1.0},{"damage":0.0,"enemies":"Small Slimes","floor":10.0,"turns":4.0},{"damage":6.0,"enemies":"2 Fungi Beasts","floor":11.0,"turns":3.0},{"damage":3.0,"enemies":"Blue Slaver","floor":13.0,"turns":3.0},{"damage":4.0,"enemies":"Lagavulin","floor":14.0,"turns":5.0},{"damage":14.0,"enemies":"The Guardian","floor":16.0,"turns":9.0},{"damage":0.0,"enemies":"Spheric Guardian","floor":18.0,"turns":3.0},{"damage":0.0,"enemies":"3 Byrds","floor":20.0,"turns":1.0},{"damage":21.0,"enemies":"Snake Plant","floor":22.0,"turns":4.0},{"damage":5.0,"enemies":"Chosen and Byrds","floor":25.0,"turns":4.0},{"damage":23.0,"enemies":"Gremlin Leader","floor":27.0,"turns":5.0},{"damage":15.0,"enemies":"Shelled Parasite and Fungi","floor":29.0,"turns":4.0},{"damage":24.0,"enemies":"Slavers","floor":31.0,"turns":3.0},{"damage":32.0,"enemies":"Automaton","floor":33.0,"turns":8.0},{"damage":12.0,"enemies":"3 Darklings","floor":35.0,"turns":3.0},{"damage":0.0,"enemies":"3 Shapes","floor":37.0,"turns":3.0},{"damage":44.0,"enemies":"Reptomancer","floor":41.0,"turns":5.0},{"damage":23,"enemies":"Jaw Worm Horde","floor":42,"turns":3},{"damage":21,"enemies":"Spire Growth","floor":47,"turns":4},{"damage":0,"enemies":"4 Shapes","floor":48,"turns":1},{"damage":22,"enemies":"Time Eater","floor":50,"turns":10}],"seed_played":"1078180854246348378","potions_obtained":[{"floor":6.0,"key":"EntropicBrew"},{"floor":13.0,"key":"Swift Potion"},{"floor":18.0,"key":"Explosive Potion"},{"floor":27.0,"key":"PowerPotion"},{"floor":42,"key":"SkillPotion"}],"is_trial":false,"path_per_floor":["M","?","?","M","?","E","?","R","T","M","M","R","M","E","R","B",null,"M","?","M","$","M","R","$","M","T","E","?","M","R","E","R","B",null,"M","?","M","?","$","R","E","M","T","R","$","R","M","M","R","B",null],"character_chosen":"DEFECT","items_purchased":["Loop+1","Strawberry","Reinforced Body","Compile Driver","Self Repair+1","Capacitor+1","Conserve Battery","Defragment+1"],"campfire_rested":5,"item_purchase_floors":[21,21,21,21,24,39,39,45],"current_hp_per_floor":[68,73,73,73,73,73,73,73,73,73,67,67,64,60,60,46,67,67,60,60,67,46,70,70,75,75,62,62,47,71,57,81,59,76,81,81,81,81,81,81,47,34,34,58,58,58,47,47,71,49],"gold":75,"neow_bonus":"THREE_ENEMY_KILL","is_prod":false,"is_daily":false,"chose_seed":false,"campfire_upgraded":5,"win_rate":0,"timestamp":1549238160,"path_taken":["M","?","?","M","?","E","?","R","T","M","M","R","M","E","R","BOSS","M","?","M","$","M","R","?","M","T","E","?","?","R","E","R","BOSS","M","?","M","?","$","R","E","M","T","R","?","R","?","M","R","BOSS"],"build_version":"2019-01-23","purchased_purges":3,"victory":true,"max_hp_per_floor":[75,80,80,80,74,74,74,74,74,74,74,74,74,74,74,74,74,74,74,74,81,81,81,81,81,81,81,81,81,81,81,81,81,81,81,81,81,81,81,81,81,81,81,81,81,81,81,81,81,81],"card_choices":[{"not_picked":["Darkness","Sweeping Beam"],"picked":"Coolheaded","floor":1.0},{"not_picked":["Blizzard","Gash","Hello World"],"picked":"SKIP","floor":4.0},{"not_picked":["Barrage","Redo"],"picked":"Defragment","floor":6.0},{"not_picked":["Hologram","Redo","Scrape"],"picked":"SKIP","floor":10.0},{"not_picked":["Coolheaded","Go for the Eyes"],"picked":"Defragment+1","floor":11.0},{"not_picked":["Reprogram","Turbo","Darkness"],"picked":"SKIP","floor":13.0},{"not_picked":["Steam","Rebound"],"picked":"Electrodynamics+1","floor":14.0},{"not_picked":["Hyperbeam","All For One"],"picked":"Rainbow","floor":16.0},{"not_picked":["Stack","Double Energy+1","Turbo"],"picked":"SKIP","floor":18.0},{"not_picked":["Ball Lightning","Beam Cell+1"],"picked":"Go for the Eyes","floor":20.0},{"not_picked":["Auto Shields","Force Field","Compile Driver"],"picked":"SKIP","floor":22.0},{"not_picked":["Hyperbeam","Rebound","Go for the Eyes"],"picked":"SKIP","floor":25.0},{"not_picked":["Ball Lightning","Barrage"],"picked":"Consume","floor":27.0},{"not_picked":["Cold Snap","Gash"],"picked":"Amplify","floor":29.0},{"not_picked":["Self Repair+1","Genetic Algorithm"],"picked":"Leap+1","floor":31.0},{"not_picked":["Fission","Amplify"],"picked":"Seek","floor":33.0},{"not_picked":["Steam","Rebound+1"],"picked":"White Noise+1","floor":35.0},{"not_picked":["BootSequence+1","Rebound","Steam Power"],"picked":"SKIP","floor":37.0},{"not_picked":["Gash","Beam Cell+1","Reboot"],"picked":"SKIP","floor":41.0},{"not_picked":["Leap","Sweeping Beam+1","Reinforced Body"],"picked":"SKIP","floor":42},{"not_picked":["Cold Snap","Steam"],"picked":"Go for the Eyes","floor":47},{"not_picked":["Force Field+1","Genetic Algorithm+1","Tempest+1"],"picked":"SKIP","floor":48}],"player_experience":215960,"relics_obtained":[{"floor":6.0,"key":"Frozen Egg 2"},{"floor":9.0,"key":"Symbiotic Virus"},{"floor":14.0,"key":"Tiny Chest"},{"floor":26.0,"key":"Dodecahedron"},{"floor":27.0,"key":"Cables"},{"floor":31.0,"key":"Anchor"},{"floor":41.0,"key":"Omamori"},{"floor":43,"key":"Bottled Flame"}],"event_choices":[{"damage_healed":0.0,"max_hp_gain":5.0,"max_hp_loss":0.0,"gold_gain":0.0,"event_name":"Big Fish","player_choice":"Donut","floor":2.0,"gold_loss":0.0,"damage_taken":0.0},{"damage_healed":0.0,"max_hp_gain":0.0,"max_hp_loss":0.0,"gold_gain":0.0,"event_name":"Shining Light","player_choice":"Ignored","floor":3.0,"gold_loss":0.0,"damage_taken":0.0},{"damage_healed":0.0,"max_hp_gain":0.0,"max_hp_loss":6.0,"gold_gain":0.0,"event_name":"Golden Idol","player_choice":"Lose Max HP","floor":5.0,"gold_loss":0.0,"damage_taken":0.0,"relics_obtained":["Golden Idol"]},{"damage_healed":0.0,"max_hp_gain":0.0,"max_hp_loss":0.0,"gold_gain":30.0,"event_name":"Dead Adventurer","player_choice":"Searched \u00272\u0027 times","floor":7.0,"gold_loss":0.0,"damage_taken":0.0},{"damage_healed":0.0,"max_hp_gain":0.0,"max_hp_loss":0.0,"gold_gain":75.0,"event_name":"FaceTrader","player_choice":"Touch","floor":19.0,"gold_loss":0.0,"damage_taken":7.0},{"damage_healed":0.0,"max_hp_gain":0.0,"max_hp_loss":0.0,"gold_gain":0.0,"event_name":"Vampires","player_choice":"Ignored","floor":28.0,"gold_loss":0.0,"damage_taken":0.0},{"cards_removed":["Go for the Eyes"],"damage_healed":0.0,"max_hp_gain":0.0,"max_hp_loss":0.0,"gold_gain":0.0,"event_name":"Falling","player_choice":"Removed Attack","floor":36.0,"gold_loss":0.0,"damage_taken":0.0},{"damage_healed":0.0,"max_hp_gain":0.0,"max_hp_loss":0.0,"gold_gain":0.0,"event_name":"Tomb of Lord Red Mask","player_choice":"Ignored","floor":38.0,"gold_loss":0.0,"damage_taken":0.0}],"is_beta":false,"boss_relics":[{"not_picked":["Fusion Hammer","Coffee Dripper"],"picked":"Runic Dome"},{"not_picked":["Lizard Tail","Philosopher\u0027s Stone"],"picked":"Velvet Choker"}],"items_purged_floors":[21,24,39],"is_endless":false,"potions_floor_spawned":[6,13,18,22,27,33,42,48],"ascension_level":11}