{"gold_per_floor":[118,137,137,147,158,158,158,184,184,184,219,294,259,291,291,392,392,402,402,402,300,515,515],"floor_reached":23,"playtime":1303,"items_purged":[],"score":251,"play_id":"4ee3a858-b266-4d6e-941f-a8575676af45","local_time":"20190127192708","is_ascension_mode":true,"campfire_choices":[{"data":"Ball Lightning","floor":6,"key":"SMITH"},{"data":"Hyperbeam","floor":10,"key":"SMITH"},{"floor":15,"key":"REST"}],"neow_cost":"NONE","seed_source_timestamp":619565339104180,"circlet_count":0,"master_deck":["Defend_B","Defend_B","Defend_B","Defend_B","Zap+1","Dualcast","Darkness","Streamline+1","Rebound","Ball Lightning+1","Hyperbeam+1","Defragment","Consume","Electrodynamics","Self Repair","Bite","Bite","Bite","Bite","Bite","Defragment","Hologram","Self Repair"],"relics":["Cracked Core","NeowsBlessing","Ancient Tea Set","Smiling Mask","Question Card","Bottled Tornado","Runic Pyramid","Old Coin"],"potions_floor_usage":[18,18,23],"damage_taken":[{"damage":0,"enemies":"Jaw Worm","floor":1,"turns":1},{"damage":0,"enemies":"2 Louse","floor":2,"turns":1},{"damage":0,"enemies":"Small Slimes","floor":4,"turns":1},{"damage":10,"enemies":"3 Louse","floor":5,"turns":3},{"damage":6,"enemies":"Gremlin Nob","floor":8,"turns":3},{"damage":8,"enemies":"Lagavulin","floor":11,"turns":5},{"damage":14,"enemies":"Gremlin Nob","floor":14,"turns":3},{"damage":48,"enemies":"Hexaghost","floor":16,"turns":8},{"damage":18,"enemies":"Shell Parasite","floor":18,"turns":4},{"damage":65,"enemies":"Book of Stabbing","floor":23,"turns":5}],"seed_played":"-4058326801979941257","potions_obtained":[{"floor":2,"key":"Block Potion"},{"floor":5,"key":"EssenceOfSteel"},{"floor":16,"key":"Block Potion"}],"is_trial":false,"path_per_floor":["M","M","?","M","M","R","?","E","T","R","E","?","?","E","R","B",null,"M","?","?","$","?","E"],"character_chosen":"DEFECT","items_purchased":["Hologram","Self Repair"],"campfire_rested":1,"item_purchase_floors":[21,21],"current_hp_per_floor":[75,75,80,80,70,70,54,48,48,48,40,29,49,35,59,11,80,62,56,56,56,56,0],"gold":515,"neow_bonus":"THREE_ENEMY_KILL","is_prod":false,"is_daily":false,"chose_seed":false,"campfire_upgraded":2,"win_rate":0,"timestamp":1548635228,"path_taken":["M","M","?","M","M","R","?","E","T","R","E","?","?","E","R","BOSS","M","?","?","?","?","E"],"build_version":"2019-01-23","purchased_purges":0,"victory":false,"max_hp_per_floor":[75,75,80,80,80,80,80,80,80,80,80,80,80,80,80,80,80,80,56,56,56,56,56],"card_choices":[{"not_picked":["Rebound","Compile Driver"],"picked":"Darkness","floor":1},{"not_picked":["Seek","Sweeping Beam"],"picked":"Streamline","floor":2},{"not_picked":["Coolheaded","Hologram"],"picked":"Rebound","floor":4},{"not_picked":["Barrage","Rebound"],"picked":"Ball Lightning","floor":5},{"not_picked":["Machine Learning","Loop"],"picked":"Hyperbeam","floor":8},{"not_picked":["Streamline","Scrape"],"picked":"Defragment","floor":11},{"not_picked":["Chill","Lockon","Beam Cell"],"picked":"Consume","floor":14},{"not_picked":["Biased Cognition","All For One","Meteor Strike"],"picked":"Electrodynamics","floor":16},{"not_picked":["Redo","Lockon","Conserve Battery"],"picked":"Self Repair","floor":18}],"player_experience":1331054,"relics_obtained":[{"floor":8,"key":"Ancient Tea Set"},{"floor":9,"key":"Smiling Mask"},{"floor":11,"key":"Question Card"},{"floor":14,"key":"Bottled Tornado"}],"event_choices":[{"damage_healed":0,"gold_gain":0,"player_choice":"Donut","damage_taken":0,"max_hp_gain":5,"max_hp_loss":0,"event_name":"Big Fish","floor":3,"gold_loss":0},{"damage_healed":0,"gold_gain":0,"player_choice":"Entered Light","damage_taken":16,"max_hp_gain":0,"max_hp_loss":0,"event_name":"Shining Light","floor":7,"gold_loss":0,"cards_upgraded":["Zap","Streamline"]},{"damage_healed":0,"gold_gain":75,"player_choice":"Gather Gold","damage_taken":11,"max_hp_gain":0,"max_hp_loss":0,"event_name":"World of Goop","floor":12,"gold_loss":0},{"damage_healed":20,"gold_gain":0,"player_choice":"Healed","damage_taken":0,"max_hp_gain":0,"max_hp_loss":0,"event_name":"The Cleric","floor":13,"gold_loss":35},{"damage_healed":0,"gold_gain":0,"player_choice":"Became a vampire","damage_taken":0,"max_hp_gain":0,"max_hp_loss":24,"event_name":"Vampires","floor":19,"gold_loss":0,"cards_obtained":["Bite","Bite","Bite","Bite","Bite"]},{"damage_healed":0,"gold_gain":0,"player_choice":"Read","damage_taken":0,"max_hp_gain":0,"max_hp_loss":0,"event_name":"The Library","floor":20,"gold_loss":0,"cards_obtained":["Defragment"]},{"damage_healed":0,"gold_gain":0,"player_choice":"Obtained Relic","damage_taken":0,"relics_obtained":["Old Coin"],"max_hp_gain":0,"max_hp_loss":0,"event_name":"Addict","floor":22,"gold_loss":85}],"is_beta":true,"boss_relics":[{"not_picked":["Black Star","Orrery"],"picked":"Runic Pyramid"}],"items_purged_floors":[],"is_endless":false,"potions_floor_spawned":[2,5,16],"killed_by":"Book of Stabbing","ascension_level":2}