{"gold_per_floor":[117,217,91,109,121,146,146,160,229,33,33,48,123,143,143,245,245,258,275,195,195,195,195,209,209,232,242,242,253,253,270,270,372,372,392,392,408,15,31,31,60,60,60,60],"floor_reached":44,"playtime":2591,"items_purged":[],"score":506,"play_id":"ebb7a0c0-c9d7-494f-bdcd-8273733adef9","local_time":"20180728151036","is_ascension_mode":true,"campfire_choices":[{"data":"Zap","floor":7,"key":"SMITH"},{"data":"Buffer","floor":11,"key":"SMITH"},{"data":"Go for the Eyes","floor":15,"key":"SMITH"},{"data":"Defragment","floor":23,"key":"SMITH"},{"data":"Rebound","floor":25,"key":"SMITH"},{"data":"Ball Lightning","floor":28,"key":"SMITH"},{"floor":30,"key":"REST"},{"floor":32,"key":"REST"},{"floor":40,"key":"REST"},{"floor":42,"key":"REST"}],"neow_cost":"NONE","seed_source_timestamp":615807489484973,"circlet_count":0,"master_deck":["Strike_B","Defend_B","Defend_B+1","Defend_B","Zap+1","Dualcast","Beam Cell","Self Repair","Go for the Eyes+1","Leap","Compile Driver","Rebound+1","Cold Snap","Buffer+1","Hologram","Leap+1","Core Surge","Tempest+1","Go for the Eyes+1","Sweeping Beam+1","Coolheaded","Gash","Defragment+1","Turbo","Ball Lightning+1","Go for the Eyes","Gash+1","Machine Learning","Barrage+1","Iron Wave","Coolheaded+1","Seek","Double Energy+1"],"relics":["FrozenCore","Torii","Matryoshka","Astrolabe","Lantern","Happy Flower","Symbiotic Virus","War Paint","Cables","Bag of Marbles","Mercury Hourglass"],"potions_floor_usage":[6,16,16,24,33,33,33,39],"damage_taken":[{"damage":0,"enemies":"Jaw Worm","floor":1,"turns":3},{"damage":0,"enemies":"Cultist","floor":4,"turns":3},{"damage":0,"enemies":"Small Slimes","floor":5,"turns":2},{"damage":30,"enemies":"Lagavulin","floor":6,"turns":6},{"damage":0,"enemies":"Red Slaver","floor":8,"turns":3},{"damage":0,"enemies":"Looter","floor":12,"turns":3},{"damage":1,"enemies":"Blue Slaver","floor":14,"turns":2},{"damage":21,"enemies":"Slime Boss","floor":16,"turns":12},{"damage":9,"enemies":"Chosen","floor":18,"turns":5},{"damage":8,"enemies":"Shell Parasite","floor":19,"turns":10},{"damage":7,"enemies":"Chosen and Byrds","floor":24,"turns":5},{"damage":7,"enemies":"Centurion and Healer","floor":27,"turns":10},{"damage":31,"enemies":"Snake Plant","floor":29,"turns":3},{"damage":7,"enemies":"Chosen and Byrds","floor":31,"turns":4},{"damage":14,"enemies":"Champ","floor":33,"turns":11},{"damage":1,"enemies":"Orb Walker","floor":35,"turns":4},{"damage":37,"enemies":"3 Darklings","floor":37,"turns":7},{"damage":20,"enemies":"Flame Bruiser 2 Orb","floor":39,"turns":6},{"damage":38,"enemies":"2 Orb Walkers","floor":41,"turns":5},{"damage":65,"enemies":"Giant Head","floor":44,"turns":8}],"seed_played":"-5582803508039149312","potions_obtained":[{"floor":4,"key":"LiquidBronze"},{"floor":5,"key":"Swift Potion"},{"floor":8,"key":"EntropicBrew"},{"floor":16,"key":"FocusPotion"},{"floor":19,"key":"Energy Potion"},{"floor":27,"key":"EssenceOfSteel"},{"floor":29,"key":"Fire Potion"},{"floor":35,"key":"AttackPotion"},{"floor":37,"key":"Fire Potion"}],"is_trial":false,"path_per_floor":["M","?","$","M","M","E","R","M","T","$","R","M","?","M","R","B",null,"M","M","$","?","?","R","M","R","T","M","R","M","R","M","R","B",null,"M","?","M","$","M","R","E","R","T"],"character_chosen":"DEFECT","items_purchased":["Self Repair","AttackPotion","Cold Snap","Buffer","Defragment","Symbiotic Virus","War Paint"],"campfire_rested":4,"item_purchase_floors":[3,3,10,10,20,38,38],"current_hp_per_floor":[82,82,82,82,82,59,59,66,66,66,66,66,55,61,61,47,82,73,72,72,56,56,56,49,49,49,49,49,25,51,51,77,70,87,87,87,57,57,44,70,39,65,65,0],"gold":60,"neow_bonus":"TEN_PERCENT_HP_BONUS","is_prod":false,"is_daily":false,"chose_seed":false,"campfire_upgraded":6,"win_rate":0,"timestamp":1532805036,"path_taken":["M","?","$","M","M","E","R","?","T","$","R","M","?","M","R","BOSS","M","M","?","?","?","R","M","R","T","M","R","M","R","M","R","BOSS","M","?","M","$","M","R","E","R","T","E"],"build_version":"2018-07-26","purchased_purges":0,"victory":false,"max_hp_per_floor":[82,82,82,82,82,82,82,82,82,82,82,82,82,82,82,82,82,82,82,82,87,87,87,87,87,87,87,87,87,87,87,87,87,87,87,87,87,87,87,87,87,87,87,87],"card_choices":[{"not_picked":["Streamline","Stack"],"picked":"Beam Cell","floor":1},{"not_picked":["Redo","Leap"],"picked":"Go for the Eyes","floor":4},{"not_picked":["Redo","Turbo"],"picked":"Leap","floor":5},{"not_picked":["Barrage","Rebound"],"picked":"Compile Driver","floor":6},{"not_picked":["Heatsinks","Undo"],"picked":"Rebound","floor":8},{"not_picked":["Redo","Stack"],"picked":"Hologram","floor":12},{"not_picked":["Double Energy","Stack"],"picked":"Leap","floor":14},{"not_picked":["Hyperbeam","Amplify"],"picked":"Core Surge","floor":16},{"not_picked":["Doom and Gloom","Sweeping Beam"],"picked":"Coolheaded","floor":18},{"not_picked":["Redo","Steam"],"picked":"Gash","floor":19},{"not_picked":["Tempest","Melter+1"],"picked":"Turbo","floor":24},{"not_picked":["Coolheaded","White Noise+1"],"picked":"Ball Lightning","floor":27},{"not_picked":["Conserve Battery","Rebound"],"picked":"Go for the Eyes","floor":29},{"not_picked":["All For One","Ball Lightning+1"],"picked":"Gash+1","floor":31},{"not_picked":["Hyperbeam","Amplify"],"picked":"Machine Learning","floor":33},{"not_picked":["Rebound","Streamline"],"picked":"Barrage+1","floor":35},{"not_picked":["Hello World","Redo+1"],"picked":"Coolheaded+1","floor":37},{"not_picked":["Steam","Streamline+1"],"picked":"Seek","floor":39},{"not_picked":["Steam Power+1","Hologram"],"picked":"Double Energy+1","floor":41}],"player_experience":652483,"relics_obtained":[{"floor":6,"key":"Torii"},{"floor":9,"key":"Matryoshka"},{"floor":26,"key":"Lantern"},{"floor":26,"key":"Happy Flower"},{"floor":41,"key":"Cables"},{"floor":43,"key":"Bag of Marbles"},{"floor":43,"key":"Mercury Hourglass"}],"event_choices":[{"event_name":"Golden Shrine","player_choice":"Pray","floor":2,"damage_taken":0},{"event_name":"World of Goop","player_choice":"Gather Gold","floor":13,"damage_taken":0},{"event_name":"Forgotten Altar","player_choice":"Shed Blood","floor":21,"damage_taken":0},{"event_name":"Ghosts","player_choice":"Ignored","floor":22,"damage_taken":0},{"event_name":"NoteForYourself","player_choice":"Took Card","floor":36,"damage_taken":0}],"is_beta":true,"boss_relics":[{"not_picked":["Black Star","Orrery"],"picked":"Astrolabe"},{"not_picked":["Velvet Choker","Nuclear Battery"],"picked":"FrozenCore"}],"items_purged_floors":[],"is_endless":false,"potions_floor_spawned":[4,5,8,14,16,19,27,29,31,35,37],"killed_by":"Giant Head","ascension_level":3}