{"gold_per_floor":[141,165,165,185,201,211,230,103,103,116,116,148,76,76,76,179,179,199,214,64,64,17,17,47,60,60,60,71,71,88,99,99,99],"floor_reached":33,"playtime":1600,"items_purged":[],"score":429,"play_id":"d21d8674-60a4-4636-acd5-872cdc4ec4ca","local_time":"20180630151046","is_ascension_mode":true,"campfire_choices":[{"data":"Terror","floor":11,"key":"SMITH"},{"floor":15,"key":"REST"},{"data":"Footwork","floor":23,"key":"SMITH"},{"data":"Riddle With Holes","floor":29,"key":"SMITH"},{"data":"Neutralize","floor":32,"key":"SMITH"}],"neow_cost":"NONE","seed_source_timestamp":1360616544948027,"circlet_count":0,"master_deck":["Defend_G","Defend_G","Defend_G","Defend_G","Defend_G","Strike_G","Strike_G","Strike_G","Strike_G","Survivor","Neutralize+1","AscendersBane","Terror+1","Neutralize","Backflip","Adrenaline","Flying Knee","Riddle With Holes+1","Footwork+1","Backflip","Finisher","Die Die Die","Sucker Punch","Deflect","Wraith Form v2","Footwork","Leg Sweep+1","Cloak And Dagger","Dodge and Roll","Dodge and Roll+1","Blur","Backflip+1","Flying Knee"],"relics":["Ring of the Snake","Tiny Chest","Boot","Pear","Ancient Tea Set","Eternal Feather","Lantern","Snake Skull","Bottled Lightning","Matryoshka"],"potions_floor_usage":[10,16,16,16,16,24,30,33],"damage_taken":[{"damage":0,"enemies":"Cultist","floor":1,"turns":4},{"damage":1,"enemies":"Jaw Worm","floor":4,"turns":4},{"damage":1,"enemies":"Small Slimes","floor":5,"turns":4},{"damage":0,"enemies":"Exordium Wildlife","floor":6,"turns":6},{"damage":7,"enemies":"3 Louse","floor":7,"turns":3},{"damage":5,"enemies":"Exordium Thugs","floor":10,"turns":6},{"damage":13,"enemies":"3 Sentries","floor":12,"turns":9},{"damage":17,"enemies":"Hexaghost","floor":16,"turns":9},{"damage":7,"enemies":"3 Byrds","floor":18,"turns":5},{"damage":14,"enemies":"Shell Parasite","floor":19,"turns":6},{"damage":8,"enemies":"Book of Stabbing","floor":24,"turns":9},{"damage":7,"enemies":"Snake Plant","floor":25,"turns":6},{"damage":3,"enemies":"Centurion and Healer","floor":28,"turns":11},{"damage":2,"enemies":"Sentry and Sphere","floor":30,"turns":7},{"damage":6,"enemies":"Snecko","floor":31,"turns":6},{"damage":77,"enemies":"Collector","floor":33,"turns":12}],"seed_played":"8076122818760343073","potions_obtained":[{"floor":4,"key":"AttackPotion"},{"floor":6,"key":"Swift Potion"},{"floor":7,"key":"EntropicBrew"},{"floor":12,"key":"EssenceOfSteel"},{"floor":18,"key":"Explosive Potion"},{"floor":30,"key":"Explosive Potion"}],"is_trial":false,"path_per_floor":["M","T","?","M","M","M","M","$","T","M","R","E","$","?","R","B",null,"M","M","$","?","$","R","E","M","T","T","M","R","M","M","R"],"character_chosen":"THE_SILENT","items_purchased":["Footwork","Backflip","Sucker Punch","Deflect","Lantern","Cloak And Dagger"],"campfire_rested":1,"item_purchase_floors":[8,8,13,13,20,22],"current_hp_per_floor":[63,63,63,62,61,61,54,54,64,59,59,46,46,51,76,59,79,72,58,58,58,58,68,60,53,53,53,50,62,60,54,66,0],"gold":99,"neow_bonus":"RANDOM_COMMON_RELIC","is_prod":false,"is_daily":false,"chose_seed":false,"campfire_upgraded":4,"win_rate":0,"timestamp":1530385846,"path_taken":["M","?","?","M","M","M","M","$","T","M","R","E","$","?","R","BOSS","M","M","$","?","?","R","E","M","T","?","M","R","M","M","R","BOSS"],"build_version":"2018-06-29","purchased_purges":0,"victory":false,"max_hp_per_floor":[70,70,70,70,70,70,70,70,80,80,80,80,80,85,85,85,85,85,85,85,85,85,85,85,85,85,85,85,85,85,85,85,85],"card_choices":[{"not_picked":["Underhanded Strike","Quick Slash"],"picked":"Terror","floor":1},{"not_picked":["Poisoned Stab","Deadly Poison"],"picked":"Backflip","floor":4},{"not_picked":["Well Laid Plans","Dodge and Roll"],"picked":"Adrenaline","floor":5},{"not_picked":["Cloak And Dagger","Backflip"],"picked":"Flying Knee","floor":6},{"not_picked":["Prepared","Deflect"],"picked":"Riddle With Holes","floor":7},{"not_picked":["Flying Knee","Bane"],"picked":"Finisher","floor":10},{"not_picked":["PiercingWail","Deflect"],"picked":"Die Die Die","floor":12},{"not_picked":["Burst","Tools of the Trade"],"picked":"Wraith Form v2","floor":16},{"not_picked":["Reflex","Prepared+1"],"picked":"Footwork","floor":18},{"not_picked":["Reflex","Caltrops"],"picked":"Leg Sweep+1","floor":19},{"not_picked":["Bane","Infinite Blades+1"],"picked":"Dodge and Roll","floor":24},{"not_picked":["Sucker Punch+1","Well Laid Plans"],"picked":"Dodge and Roll+1","floor":25},{"not_picked":["Endless Agony","Flying Knee"],"picked":"Blur","floor":28},{"not_picked":["Bane","Distraction"],"picked":"Backflip+1","floor":30},{"not_picked":["Underhanded Strike","Backflip"],"picked":"Flying Knee","floor":31}],"player_experience":482912,"relics_obtained":[{"floor":2,"key":"Boot"},{"floor":9,"key":"Pear"},{"floor":12,"key":"Ancient Tea Set"},{"floor":24,"key":"Snake Skull"},{"floor":26,"key":"Bottled Lightning"},{"floor":27,"key":"Matryoshka"}],"event_choices":[{"event_name":"Match and Keep!","player_choice":"1 cards matched","floor":3,"damage_taken":0},{"event_name":"Big Fish","player_choice":"Donut","floor":14,"damage_taken":0},{"event_name":"Purifier","player_choice":"One Purge","floor":21,"damage_taken":0}],"boss_relics":[{"not_picked":["Coffee Dripper","Sozu"],"picked":"Eternal Feather"}],"items_purged_floors":[],"is_endless":false,"potions_floor_spawned":[4,6,7,12,18,19,30],"killed_by":"Collector","ascension_level":10}