{"gold_per_floor":[111,65,80,90,19,19,51,51,51,67,77,110,110,122,122,223,223,238,250,250,262,280,341,341,355,355,381,0,0,15,39,39,140,140,150,110,12,23,1022,1048,488,523,549,580,580,600,648,204,204,204,204,204,0,35,35],"floor_reached":56,"playtime":3116,"items_purged":["Strike_B","Strike_B","Strike_B"],"score":1462,"play_id":"eaa2dba1-c026-40b4-be2c-46ddbfe9bb7d","local_time":"20190111231749","is_ascension_mode":true,"campfire_choices":[{"data":"Gash","floor":6.0,"key":"SMITH"},{"data":"Zap","floor":8.0,"key":"SMITH"},{"floor":15.0,"key":"REST"},{"floor":24.0,"key":"REST"},{"floor":29.0,"key":"REST"},{"floor":32.0,"key":"RECALL"},{"floor":45,"key":"REST"},{"floor":49,"key":"REST"},{"floor":52,"key":"REST"}],"neow_cost":"TEN_PERCENT_HP_LOSS","seed_source_timestamp":186538867065606,"circlet_count":0,"master_deck":["Strike_B","Defend_B","Defend_B","Defend_B","Defend_B","Zap+1","Dualcast+1","Static Discharge","Gash+1","Go for the Eyes","Go for the Eyes","Self Repair","Defragment+1","Gash+1","Leap","Go for the Eyes+1","Hologram","Coolheaded","Melter+1","FTL+1","All For One+1","Scrape+1","Gash+1","Genetic Algorithm","Hologram+1","Hologram+1","Capacitor","Skim","Seek","Beam Cell+1","Bandage Up+1","Leap+1","Redo+1","Machine Learning","Steam+1","Steam","Static Discharge+1","Defragment","Redo+1","Beam Cell+1","Beam Cell+1","Go for the Eyes+1","Dark Shackles","Storm","Defragment","Reinforced Body","Leap","Leap+1"],"special_seed":0,"relics":["Cracked Core","Unceasing Top","Prayer Wheel","Molten Egg 2","Boot","Fusion Hammer","Tiny Chest","Sundial","Pear","Thread and Needle","Omamori","Lizard Tail","Blue Candle","Mercury Hourglass","Membership Card","Anchor","PreservedInsect","DataDisk","Happy Flower","Letter Opener","Runic Capacitor","Strawberry"],"potions_floor_usage":[42,50,55,55],"damage_taken":[{"damage":0.0,"enemies":"Cultist","floor":1.0,"turns":3.0},{"damage":0.0,"enemies":"2 Louse","floor":3.0,"turns":3.0},{"damage":0.0,"enemies":"Small Slimes","floor":4.0,"turns":4.0},{"damage":30.0,"enemies":"Gremlin Nob","floor":7.0,"turns":4.0},{"damage":11.0,"enemies":"Blue Slaver","floor":10.0,"turns":3.0},{"damage":7.0,"enemies":"2 Fungi Beasts","floor":11.0,"turns":3.0},{"damage":13.0,"enemies":"3 Sentries","floor":12.0,"turns":4.0},{"damage":0.0,"enemies":"Red Slaver","floor":14.0,"turns":3.0},{"damage":34.0,"enemies":"The Guardian","floor":16.0,"turns":8.0},{"damage":0.0,"enemies":"Spheric Guardian","floor":18.0,"turns":3.0},{"damage":0.0,"enemies":"3 Byrds","floor":19.0,"turns":3.0},{"damage":2.0,"enemies":"Snecko","floor":21.0,"turns":3.0},{"damage":31.0,"enemies":"Snake Plant","floor":22.0,"turns":3.0},{"damage":13.0,"enemies":"Slavers","floor":23.0,"turns":3.0},{"damage":0.0,"enemies":"Centurion and Healer","floor":25.0,"turns":4.0},{"damage":10.0,"enemies":"Book of Stabbing","floor":27.0,"turns":4.0},{"damage":0.0,"enemies":"Chosen and Byrds","floor":30.0,"turns":2.0},{"damage":33.0,"enemies":"Automaton","floor":33.0,"turns":9.0},{"damage":3.0,"enemies":"Orb Walker","floor":35.0,"turns":4.0},{"damage":0.0,"enemies":"3 Shapes","floor":38.0,"turns":4.0},{"damage":0,"enemies":"Giant Head","floor":40,"turns":6},{"damage":38,"enemies":"Reptomancer","floor":42,"turns":8},{"damage":0,"enemies":"Giant Head","floor":44,"turns":6},{"damage":4,"enemies":"Spire Growth","floor":46,"turns":3},{"damage":23,"enemies":"Awakened One","floor":50,"turns":10},{"damage":23,"enemies":"Shield and Spear","floor":54,"turns":6},{"damage":107,"enemies":"The Heart","floor":55,"turns":6}],"seed_played":"-7756370455666942084","potions_obtained":[{"floor":1.0,"key":"Poison Potion"},{"floor":3.0,"key":"Explosive Potion"},{"floor":4.0,"key":"SteroidPotion"},{"floor":11.0,"key":"Strength Potion"},{"floor":18.0,"key":"GamblersBrew"},{"floor":22.0,"key":"Energy Potion"},{"floor":27.0,"key":"EssenceOfSteel"},{"floor":33.0,"key":"FearPotion"},{"floor":40,"key":"Block Potion"},{"floor":42,"key":"Energy Potion"}],"is_trial":false,"path_per_floor":["M","$","M","M","$","R","E","R","T","M","M","E","?","M","R","B",null,"M","M","?","M","M","E","R","M","T","E","$","R","M","T","R","B",null,"M","?","$","M","?","E","$","E","T","E","R","M","T","$","R","B",null,"R","$","E","B",null],"character_chosen":"DEFECT","items_purchased":["Gash","Self Repair","Bandage Up","Thread and Needle","Steam","Defragment","Mercury Hourglass","Membership Card","Dark Shackles","Regen Potion","Happy Flower","Letter Opener","PowerPotion","PowerPotion","Storm","Defragment","Reinforced Body","Runic Capacitor","Leap"],"campfire_rested":6,"item_purchase_floors":[2,5,28,28,37,41,41,41,48,48,48,48,48,48,48,53,53,53,53],"current_hp_per_floor":[68,68,68,68,68,68,45,45,45,41,41,35,35,35,55,28,68,68,68,68,68,37,24,44,44,44,51,51,74,74,74,74,52,78,75,75,75,75,75,78,78,46,46,59,78,74,74,74,78,61,78,78,78,75,40],"gold":35,"neow_bonus":"ONE_RARE_RELIC","is_prod":false,"is_daily":false,"chose_seed":false,"campfire_upgraded":2,"win_rate":0,"timestamp":1547266669,"path_taken":["M","?","M","M","$","R","E","R","T","M","M","E","?","M","R","BOSS","M","?","?","M","?","E","R","M","T","E","$","R","M","?","R","BOSS","M","?","$","?","?","E","$","E","T","E","R","M","?","?","R","BOSS","R","$","E","BOSS"],"build_version":"2019-01-10","purchased_purges":3,"victory":true,"max_hp_per_floor":[68,68,68,68,68,68,68,68,68,68,68,68,68,68,68,68,68,68,68,68,68,68,68,68,68,68,78,78,78,78,78,78,78,78,78,78,78,78,78,78,78,78,78,78,78,78,78,78,78,78,78,78,78,85,85],"card_choices":[{"not_picked":["Loop","Skim"],"picked":"Static Discharge","floor":1.0},{"not_picked":["Turbo","Coolheaded"],"picked":"Go for the Eyes","floor":3.0},{"not_picked":["Loop","Melter"],"picked":"Go for the Eyes","floor":4.0},{"not_picked":["Sweeping Beam","Fission"],"picked":"Defragment","floor":7.0},{"not_picked":["Hologram","Reinforced Body"],"picked":"Gash+1","floor":10.0},{"not_picked":["Streamline+1","White Noise"],"picked":"Leap","floor":10.0},{"not_picked":["Static Discharge","Doom and Gloom+1"],"picked":"Go for the Eyes+1","floor":11.0},{"not_picked":["Stack","Streamline+1"],"picked":"Hologram","floor":11.0},{"not_picked":["Barrage+1","Turbo"],"picked":"Coolheaded","floor":12.0},{"not_picked":["Stack","White Noise"],"picked":"Melter+1","floor":14.0},{"not_picked":["Force Field","Lockon+1"],"picked":"FTL+1","floor":14.0},{"not_picked":["Reboot","Echo Form"],"picked":"All For One+1","floor":16.0},{"not_picked":["Chill","BootSequence+1"],"picked":"Scrape+1","floor":18.0},{"not_picked":["Defragment","Go for the Eyes+1"],"picked":"Gash+1","floor":18.0},{"not_picked":["Beam Cell+1","Compile Driver+1"],"picked":"Genetic Algorithm","floor":19.0},{"not_picked":["Streamline+1","Beam Cell+1"],"picked":"Hologram+1","floor":19.0},{"not_picked":["Ball Lightning+1","Conserve Battery"],"picked":"Hologram+1","floor":21.0},{"not_picked":["Coolheaded","Turbo"],"picked":"Capacitor","floor":21.0},{"not_picked":["Doom and Gloom+1","Aggregate+1"],"picked":"Skim","floor":22.0},{"not_picked":["Ball Lightning+1","Turbo+1","Storm"],"picked":"SKIP","floor":22.0},{"not_picked":["Genetic Algorithm","Coolheaded+1"],"picked":"Seek","floor":23.0},{"not_picked":["Cold Snap+1","Coolheaded","Sweeping Beam+1"],"picked":"SKIP","floor":25.0},{"not_picked":["Cold Snap+1","Consume","Chaos"],"picked":"SKIP","floor":25.0},{"not_picked":["Rebound+1","Defragment"],"picked":"Beam Cell+1","floor":27.0},{"not_picked":["FTL+1","Rebound+1"],"picked":"Leap+1","floor":30.0},{"not_picked":["Go for the Eyes+1","Turbo"],"picked":"Redo+1","floor":30.0},{"not_picked":["Multi-Cast","Fission"],"picked":"Machine Learning","floor":33.0},{"not_picked":["Cold Snap+1","Redo+1"],"picked":"Steam+1","floor":35.0},{"not_picked":["Genetic Algorithm+1","Sunder+1","Rebound+1"],"picked":"SKIP","floor":35.0},{"not_picked":["Streamline+1","Leap","Compile Driver+1"],"picked":"SKIP","floor":38.0},{"not_picked":["Cold Snap+1","Ball Lightning+1","Rainbow"],"picked":"SKIP","floor":38.0},{"not_picked":["Rip and Tear+1","BootSequence"],"picked":"Static Discharge+1","floor":40},{"not_picked":["Aggregate","Barrage+1"],"picked":"Redo+1","floor":42},{"not_picked":["Defragment","BootSequence+1"],"picked":"Beam Cell+1","floor":44},{"not_picked":["Turbo+1","Doom and Gloom+1"],"picked":"Beam Cell+1","floor":46},{"not_picked":["Capacitor+1","Cold Snap+1"],"picked":"Go for the Eyes+1","floor":46},{"not_picked":["BootSequence","Rip and Tear+1"],"picked":"Leap+1","floor":54}],"player_experience":1240592,"relics_obtained":[{"floor":7.0,"key":"Prayer Wheel"},{"floor":9.0,"key":"Molten Egg 2"},{"floor":12.0,"key":"Boot"},{"floor":23.0,"key":"Tiny Chest"},{"floor":26.0,"key":"Sundial"},{"floor":27.0,"key":"Pear"},{"floor":31.0,"key":"Omamori"},{"floor":40,"key":"Blue Candle"},{"floor":42,"key":"Anchor"},{"floor":44,"key":"PreservedInsect"},{"floor":47,"key":"DataDisk"},{"floor":54,"key":"Strawberry"}],"event_choices":[{"damage_healed":0.0,"max_hp_gain":0.0,"max_hp_loss":0.0,"gold_gain":0.0,"event_name":"Accursed Blacksmith","player_choice":"Forge","floor":13.0,"gold_loss":0.0,"damage_taken":0.0,"cards_upgraded":["Defragment"]},{"damage_healed":0.0,"max_hp_gain":0.0,"max_hp_loss":0.0,"gold_gain":0.0,"event_name":"The Woman in Blue","player_choice":"Bought 0 Potions","floor":20.0,"gold_loss":0.0,"damage_taken":0.0},{"damage_healed":0.0,"max_hp_gain":0.0,"max_hp_loss":0.0,"gold_gain":0.0,"event_name":"Designer","player_choice":"Upgraded Two","floor":36.0,"gold_loss":40.0,"damage_taken":0.0,"cards_upgraded":["Dualcast","Bandage Up"]},{"damage_healed":0,"gold_gain":999,"player_choice":"Gold","damage_taken":0,"max_hp_gain":0,"max_hp_loss":0,"event_name":"MindBloom","floor":39,"gold_loss":0,"cards_obtained":["Normality","Normality"]}],"is_beta":true,"boss_relics":[{"not_picked":["Tiny House","Runic Pyramid"],"picked":"Fusion Hammer"},{"not_picked":["Orrery","Coffee Dripper"],"picked":"Lizard Tail"}],"items_purged_floors":[37,41,48],"is_endless":false,"potions_floor_spawned":[1,3,4,11,18,22,27,33,40,42,44],"ascension_level":1}