{"gold_per_floor":[211,228,228,238,25,25,36,36,36,53,73,102,122,139,139,240,240,252,252,269,96,96,96,28,28,28,28,40,40,51,67,67,67],"floor_reached":33,"playtime":1559,"items_purged":["Strike_G","Strike_G"],"score":389,"play_id":"bc341278-da25-4412-92ab-4f370b6b5c85","local_time":"20180801214145","is_ascension_mode":true,"campfire_choices":[{"floor":6,"key":"REST"},{"data":"Neutralize","floor":8,"key":"SMITH"},{"data":"Sucker Punch","floor":15,"key":"SMITH"},{"data":"After Image","floor":23,"key":"SMITH"},{"data":"Envenom","floor":25,"key":"SMITH"},{"data":"Backflip","floor":27,"key":"SMITH"},{"floor":29,"key":"REST"},{"floor":32,"key":"REST"}],"neow_cost":"NONE","seed_source_timestamp":986036267343440,"circlet_count":0,"master_deck":["Defend_G","Defend_G","Defend_G","Defend_G","Defend_G","Strike_G","Strike_G","Strike_G","Survivor","Neutralize+1","AscendersBane","Infinite Blades","Deadly Poison","Dagger Spray","Adrenaline","Sucker Punch+1","Dagger Throw","Endless Agony","After Image+1","Deflect","Flying Knee","Night Terror","Envenom+1","Terror","Poisoned Stab","Slice","Heel Hook","Backflip+1","Crippling Poison","Burst","Adrenaline","Backstab","Skewer","Caltrops+1"],"relics":["Ring of the Snake","Letter Opener","Calipers","Orrery","Incense Burner","Blue Candle"],"potions_floor_usage":[11,12,16,20,33],"damage_taken":[{"damage":11,"enemies":"2 Louse","floor":1,"turns":5},{"damage":9,"enemies":"Jaw Worm","floor":2,"turns":5},{"damage":5,"enemies":"Cultist","floor":4,"turns":4},{"damage":0,"enemies":"Red Slaver","floor":7,"turns":4},{"damage":0,"enemies":"Blue Slaver","floor":10,"turns":4},{"damage":7,"enemies":"Gremlin Gang","floor":11,"turns":3},{"damage":2,"enemies":"Lagavulin","floor":12,"turns":6},{"damage":6,"enemies":"3 Louse","floor":13,"turns":3},{"damage":0,"enemies":"Blue Slaver","floor":14,"turns":4},{"damage":15,"enemies":"Hexaghost","floor":16,"turns":9},{"damage":12,"enemies":"Chosen","floor":18,"turns":5},{"damage":9,"enemies":"Spheric Guardian","floor":20,"turns":5},{"damage":27,"enemies":"Snake Plant","floor":28,"turns":6},{"damage":1,"enemies":"Centurion and Healer","floor":30,"turns":4},{"damage":23,"enemies":"Slaver and Parasite","floor":31,"turns":6},{"damage":33,"enemies":"Collector","floor":33,"turns":5}],"seed_played":"-2917367407752241416","potions_obtained":[{"floor":1,"key":"SpeedPotion"},{"floor":4,"key":"EssenceOfSteel"},{"floor":10,"key":"Poison Potion"},{"floor":14,"key":"PowerPotion"},{"floor":16,"key":"AttackPotion"},{"floor":18,"key":"Fire Potion"},{"floor":30,"key":"FearPotion"}],"is_trial":false,"path_per_floor":["M","M","?","M","$","R","M","R","T","M","M","E","M","M","R","B",null,"M","?","M","$","?","R","$","R","T","R","M","R","M","M","R"],"character_chosen":"THE_SILENT","items_purchased":["Adrenaline","Burst","Adrenaline"],"campfire_rested":3,"item_purchase_floors":[5,21,24],"current_hp_per_floor":[52,43,43,38,38,59,59,59,59,59,52,50,44,44,44,29,60,48,48,39,39,39,39,39,39,39,39,12,33,32,9,30,0],"gold":67,"neow_bonus":"HUNDRED_GOLD","is_prod":false,"is_daily":false,"chose_seed":false,"campfire_upgraded":5,"win_rate":0,"timestamp":1533174105,"path_taken":["M","M","?","M","$","R","M","R","T","?","M","E","M","M","R","BOSS","M","?","M","$","?","R","$","R","T","R","?","R","?","M","R","BOSS"],"build_version":"2018-07-31","purchased_purges":2,"victory":false,"max_hp_per_floor":[70,70,70,70,70,70,70,70,70,70,70,70,70,70,70,70,70,70,70,70,70,70,70,70,70,70,70,70,70,70,70,70,70],"card_choices":[{"not_picked":["Blur","Dodge and Roll"],"picked":"Infinite Blades","floor":1},{"not_picked":["Bane","Dodge and Roll"],"picked":"Deadly Poison","floor":2},{"not_picked":["Expertise","Distraction"],"picked":"Dagger Spray","floor":4},{"not_picked":["Dagger Spray","Deadly Poison"],"picked":"Sucker Punch","floor":7},{"not_picked":["Bullet Time","Bane"],"picked":"Dagger Throw","floor":10},{"not_picked":["Acrobatics","Expertise"],"picked":"Endless Agony","floor":11},{"not_picked":["Setup","Crippling Poison"],"picked":"After Image","floor":12},{"not_picked":["Dodge and Roll","Catalyst"],"picked":"Deflect","floor":13},{"not_picked":["Dodge and Roll","Bane"],"picked":"Flying Knee","floor":14},{"not_picked":["Bullet Time","Wraith Form v2"],"picked":"Night Terror","floor":16},{"not_picked":["Backflip","Calculated Gamble"],"picked":"Envenom","floor":17},{"not_picked":["Expertise","Poisoned Stab"],"picked":"Terror","floor":17},{"not_picked":["Underhanded Strike","Deadly Poison"],"picked":"Poisoned Stab","floor":17},{"not_picked":["Flying Knee","Underhanded Strike"],"picked":"Slice","floor":17},{"not_picked":["Bane","Sucker Punch"],"picked":"Heel Hook","floor":17},{"not_picked":["Crippling Poison","Bouncing Flask+1"],"picked":"Backflip","floor":18},{"not_picked":["Blade Dance","Terror"],"picked":"Crippling Poison","floor":20},{"not_picked":["Poisoned Stab","PiercingWail+1"],"picked":"Backstab","floor":28},{"not_picked":["Prepared","Caltrops+1"],"picked":"Skewer","floor":30},{"not_picked":["Dagger Throw","Deadly Poison"],"picked":"Caltrops+1","floor":31}],"player_experience":694276,"relics_obtained":[{"floor":9,"key":"Letter Opener"},{"floor":12,"key":"Calipers"},{"floor":26,"key":"Blue Candle"}],"event_choices":[{"event_name":"Shining Light","player_choice":"Ignored","floor":3,"damage_taken":0},{"event_name":"Accursed Blacksmith","player_choice":"Rummage","floor":19,"damage_taken":0},{"event_name":"Drug Dealer","player_choice":"Ignored","floor":22,"damage_taken":0}],"is_beta":true,"boss_relics":[{"not_picked":["HoveringKite","Snecko Eye"],"picked":"Orrery"}],"items_purged_floors":[5,21],"is_endless":false,"potions_floor_spawned":[1,4,10,14,16,18,30],"killed_by":"Collector","ascension_level":11}