{"gold_per_floor":[111,111,111,128,22,53,53,71,71,171,202,220,236,268,268,372,372,390,465,465,281,281,281,291,291,318,318,347,374,374,387,387,492,492,506,263,106,120,120,145,145,190,217,250,266,276,23,23,23,23],"floor_reached":51,"playtime":3004,"items_purged":[],"score":1149,"play_id":"1585e7a9-745f-4033-907b-feddbb343ad3","local_time":"20180805113200","is_ascension_mode":true,"campfire_choices":[{"data":"Sunder","floor":7,"key":"SMITH"},{"data":"Go for the Eyes","floor":15,"key":"SMITH"},{"floor":23,"key":"REST"},{"data":"Defragment","floor":25,"key":"SMITH"},{"floor":32,"key":"REST"},{"data":"Biased Cognition","floor":41,"key":"SMITH"},{"data":"Heatsinks","floor":49,"key":"SMITH"}],"neow_cost":"NONE","seed_source_timestamp":1291992423931633,"circlet_count":0,"master_deck":["Strike_B+1","Strike_B+1","Strike_B+1","Defend_B+1","Defend_B+1","Defend_B+1","Defend_B+1","Zap","Dualcast","Go for the Eyes+1","Core Surge","Self Repair","Sunder+1","Ball Lightning","Defragment+1","Undo","Barrage","Glacier","Heatsinks+1","Biased Cognition+1","Double Energy","Loop","Stack","Coolheaded","Hologram+1","Double Energy","Tempest","Double Energy+1","Creative AI+1","Leap","Coolheaded+1","Loop","Tempest+1","Beam Cell+1","Beam Cell+1","Hello World","Madness","Madness"],"relics":["FrozenCore","Bag of Preparation","Lantern","Incense Burner","Gambling Chip","Peace Pipe","Mummified Hand","Inserter","Nilry\u0027s Codex","Anchor","Juzu Bracelet","Vajra","ClockworkSouvenir","Bronze Scales","Bottled Flame","Calipers","Oddly Smooth Stone","Happy Flower","Letter Opener"],"potions_floor_usage":[14,33,46,50],"damage_taken":[{"damage":0,"enemies":"Cultist","floor":1,"turns":4},{"damage":0,"enemies":"Small Slimes","floor":4,"turns":3},{"damage":26,"enemies":"3 Sentries","floor":6,"turns":6},{"damage":0,"enemies":"2 Louse","floor":8,"turns":2},{"damage":16,"enemies":"Lagavulin","floor":11,"turns":5},{"damage":5,"enemies":"Red Slaver","floor":12,"turns":3},{"damage":0,"enemies":"Blue Slaver","floor":13,"turns":2},{"damage":0,"enemies":"Gremlin Nob","floor":14,"turns":2},{"damage":33,"enemies":"Hexaghost","floor":16,"turns":10},{"damage":10,"enemies":"Shell Parasite","floor":18,"turns":3},{"damage":0,"enemies":"2 Thieves","floor":24,"turns":4},{"damage":17,"enemies":"Slavers","floor":28,"turns":5},{"damage":1,"enemies":"Sentry and Sphere","floor":31,"turns":3},{"damage":7,"enemies":"Automaton","floor":33,"turns":10},{"damage":0,"enemies":"3 Shapes","floor":35,"turns":5},{"damage":0,"enemies":"Orb Walker","floor":38,"turns":3},{"damage":0,"enemies":"Nemesis","floor":40,"turns":7},{"damage":0,"floor":42,"turns":5},{"damage":0,"enemies":"Giant Head","floor":44,"turns":10},{"damage":0,"enemies":"3 Darklings","floor":45,"turns":6},{"damage":0,"enemies":"Sphere and 2 Shapes","floor":46,"turns":2},{"damage":0,"enemies":"Awakened One","floor":50,"turns":9}],"seed_played":"4460469240566208986","potions_obtained":[{"floor":4,"key":"AttackPotion"},{"floor":8,"key":"GamblersBrew"},{"floor":12,"key":"Weak Potion"},{"floor":13,"key":"Dexterity Potion"},{"floor":28,"key":"Weak Potion"},{"floor":40,"key":"Regen Potion"},{"floor":42,"key":"Energy Potion"},{"floor":45,"key":"PowerPotion"}],"is_trial":false,"path_per_floor":["M","T","?","M","$","E","R","M","T","?","E","M","M","E","R","B",null,"M","?","?","$","?","R","M","R","T","?","E","T","?","M","R","B",null,"M","$","$","M","?","E","R","?","T","E","M","M","$","?","R","B"],"character_chosen":"DEFECT","items_purchased":["Self Repair","Sunder","Loop","Stack","Coolheaded","ClockworkSouvenir","SkillPotion","Bronze Scales","Letter Opener"],"campfire_rested":2,"item_purchase_floors":[5,5,21,21,21,36,36,37,47],"current_hp_per_floor":[68,68,73,73,73,54,54,61,61,61,52,54,54,54,54,28,67,64,56,40,40,40,64,71,71,71,71,61,61,46,52,77,77,83,85,85,85,85,85,85,85,85,85,85,85,85,85,74,74,81],"gold":23,"neow_bonus":"RANDOM_COMMON_RELIC","is_prod":false,"is_daily":false,"chose_seed":true,"campfire_upgraded":5,"win_rate":0,"timestamp":1533483120,"path_taken":["M","?","?","M","$","E","R","M","T","?","E","M","M","E","R","BOSS","M","?","?","$","?","R","M","R","T","?","E","?","?","M","R","BOSS","M","?","$","M","?","E","R","?","T","E","M","M","$","?","R","BOSS"],"build_version":"2018-08-01","purchased_purges":0,"victory":true,"max_hp_per_floor":[75,75,80,80,80,80,80,80,80,80,80,80,80,80,80,80,80,80,80,80,80,80,80,80,80,80,80,80,80,85,85,85,85,85,85,85,85,85,85,85,85,85,85,85,85,85,85,85,85,85],"card_choices":[{"not_picked":["Redo","Conserve Battery"],"picked":"Go for the Eyes","floor":1},{"not_picked":["Ball Lightning","Coolheaded"],"picked":"Core Surge","floor":4},{"not_picked":["Redo","Compile Driver"],"picked":"Ball Lightning","floor":6},{"not_picked":["Glacier","Reprogram"],"picked":"Defragment","floor":8},{"not_picked":["Compile Driver","Redo"],"picked":"Undo","floor":11},{"not_picked":["Tempest","Cold Snap"],"picked":"Barrage","floor":12},{"not_picked":["Gash","Rainbow"],"picked":"Glacier","floor":13},{"not_picked":["Lockon","Recycle"],"picked":"Heatsinks","floor":14},{"not_picked":["Buffer","Amplify"],"picked":"Biased Cognition","floor":16},{"not_picked":["Barrage","Rip and Tear"],"picked":"Double Energy","floor":18},{"not_picked":["Turbo","Steam Power"],"picked":"Hologram+1","floor":24},{"not_picked":["Genetic Algorithm","Auto Shields"],"picked":"Tempest","floor":28},{"not_picked":["Turbo","Rebound"],"picked":"Double Energy+1","floor":31},{"not_picked":["Hyperbeam","All For One"],"picked":"Creative AI","floor":33},{"not_picked":["Rip and Tear","Stack"],"picked":"Leap","floor":35},{"not_picked":["Hello World+1","Compile Driver+1"],"picked":"Coolheaded+1","floor":38},{"not_picked":["Undo","Force Field"],"picked":"Loop","floor":40},{"not_picked":["Melter","Fission"],"picked":"Tempest+1","floor":42},{"not_picked":["Self Repair+1","Creative AI"],"picked":"Beam Cell+1","floor":44},{"not_picked":["Barrage","Stack+1"],"picked":"Beam Cell+1","floor":45},{"not_picked":["Redo","Stack"],"picked":"Hello World","floor":46}],"player_experience":723822,"relics_obtained":[{"floor":2,"key":"Lantern"},{"floor":6,"key":"Incense Burner"},{"floor":9,"key":"Gambling Chip"},{"floor":11,"key":"Peace Pipe"},{"floor":14,"key":"Mummified Hand"},{"floor":20,"key":"Nilry\u0027s Codex"},{"floor":26,"key":"Anchor"},{"floor":28,"key":"Juzu Bracelet"},{"floor":29,"key":"Vajra"},{"floor":40,"key":"Bottled Flame"},{"floor":42,"key":"Calipers"},{"floor":43,"key":"Oddly Smooth Stone"},{"floor":44,"key":"Happy Flower"}],"event_choices":[{"event_name":"Big Fish","player_choice":"Donut","floor":3,"damage_taken":0},{"event_name":"Golden Shrine","player_choice":"Pray","floor":10,"damage_taken":0},{"event_name":"FaceTrader","player_choice":"Touch","floor":19,"damage_taken":0},{"event_name":"Cursed Tome","player_choice":"Obtained Book","floor":20,"damage_taken":0},{"event_name":"Back to Basics","player_choice":"Simplicity","floor":22,"damage_taken":0},{"event_name":"NoteForYourself","player_choice":"Took Card","floor":27,"damage_taken":0},{"event_name":"Forgotten Altar","player_choice":"Shed Blood","floor":30,"damage_taken":0},{"event_name":"Accursed Blacksmith","player_choice":"Forge","floor":39,"damage_taken":0},{"event_name":"Mysterious Sphere","player_choice":"Fight","floor":42,"damage_taken":0},{"event_name":"Winding Halls","player_choice":"Embrace Madness","floor":48,"damage_taken":0}],"is_beta":true,"boss_relics":[{"not_picked":["Black Star","Pandora\u0027s Box"],"picked":"Inserter"},{"not_picked":["Velvet Choker","Astrolabe"],"picked":"FrozenCore"}],"items_purged_floors":[],"is_endless":false,"potions_floor_spawned":[4,8,12,13,28,40,42,45],"ascension_level":7}