{"path_per_floor":["M","?","$","$","M","R","M","R","T","M","M","E","M","M","R","B",null,"M","?","M","?","$","E","T","R","T","M","$","M","R","M","R","B",null,"M","M","$","?","M","E","R","$","T","M","R","M","$"],"character_chosen":"IRONCLAD","items_purchased":["Metallicize","Shrug It Off","Bandage Up","Shrug It Off","Body Slam","Ghostly Armor","Happy Flower"],"gold_per_floor":[112,112,37,37,60,60,85,85,110,123,141,177,202,215,215,343,343,326,251,265,265,81,145,198,198,198,212,59,78,78,93,93,213,251,267,281,104,437,456,485,485,114,138,157,157,171,171],"floor_reached":48,"campfire_rested":2,"playtime":3190,"current_hp_per_floor":[80,80,80,80,76,76,78,78,78,57,54,44,52,40,64,7,80,66,66,36,36,36,37,37,61,61,67,67,71,71,80,80,80,85,85,75,75,75,75,70,70,70,70,76,76,76,76],"items_purged":["Injury","Strike_R","Strike_R","Strike_R"],"gold":171,"score":534,"play_id":"d7294a48-2411-486a-8ca1-95224d7d6257","local_time":"20180310190330","is_prod":false,"is_daily":false,"is_ascension_mode":false,"campfire_upgraded":6,"timestamp":1520726610,"path_taken":["M","?","?","$","M","R","M","R","T","?","M","E","M","M","R","BOSS","M","?","M","?","$","E","?","R","T","M","$","?","R","M","R","BOSS","M","M","$","?","M","E","R","$","T","M","R","M","$","E"],"build_version":"2018-03-09","purchased_purges":6,"victory":false,"master_deck":["Strike_R","Defend_R","Defend_R","Defend_R","Defend_R","Bash+1","Disarm","Headbutt+1","Shrug It Off+1","Armaments+1","Clothesline+1","Armaments+1","Iron Wave","Barricade+1","Havoc","Iron Wave+1","Metallicize","Shrug It Off+1","Bandage Up+1","Ghostly Armor+1","Feel No Pain+1","Shrug It Off","Body Slam+1","Double Tap","Headbutt","Iron Wave+1","Body Slam+1","Immolate","Ghostly Armor","Thunderclap+1","Armaments+1"],"max_hp_per_floor":[80,80,80,80,80,80,80,80,80,80,80,80,80,80,80,80,80,80,80,80,80,80,80,80,80,80,80,80,80,80,80,80,80,85,85,85,85,85,85,85,85,85,85,85,85,85,85],"relics":["Burning Blood","Blood Vial","Ornamental Fan","Mark of Pain","Bronze Scales","Tiny Chest","War Paint","Ice Cream","Tiny House","Shuriken","Happy Flower","Whetstone"],"card_choices":[{"not_picked":["Inflame","Twin Strike"],"picked":"Disarm"},{"not_picked":["Impervious","Twin Strike"],"picked":"Headbutt"},{"not_picked":["Havoc","Uppercut"],"picked":"Shrug It Off"},{"not_picked":["Pommel Strike","Flex"],"picked":"Armaments"},{"not_picked":["Headbutt","Rupture"],"picked":"Clothesline"},{"not_picked":["Clothesline","Berserk"],"picked":"Armaments"},{"not_picked":["Clash","Havoc"],"picked":"Iron Wave"},{"not_picked":["Feed","Offering"],"picked":"Barricade"},{"not_picked":["Heavy Blade","Anger"],"picked":"Havoc"},{"not_picked":["Pommel Strike","Anger"],"picked":"Iron Wave"},{"not_picked":["Feel No Pain","Sword Boomerang"],"picked":"Ghostly Armor"},{"not_picked":["Perfected Strike","Pummel"],"picked":"Feel No Pain"},{"not_picked":["Reckless Charge","Armaments"],"picked":"Body Slam"},{"not_picked":["Feed","Fiend Fire"],"picked":"Double Tap"},{"not_picked":["Havoc","Armaments"],"picked":"Headbutt"},{"not_picked":["Clash","Anger"],"picked":"Iron Wave"},{"not_picked":["Headbutt","Flex"],"picked":"Immolate"},{"not_picked":["Pommel Strike","Rage"],"picked":"Thunderclap"},{"not_picked":["Intimidate","Cleave"],"picked":"Armaments"}],"player_experience":518909,"potions_floor_usage":[10,12,12,16,16,23,27,33,33,35,36,40,46],"damage_taken":[{"damage":1,"enemies":"Cultist","floor":1,"turns":4},{"damage":10,"enemies":"Small Slimes","floor":5,"turns":4},{"damage":4,"enemies":"Jaw Worm","floor":7,"turns":3},{"damage":29,"enemies":"Exordium Thugs","floor":10,"turns":8},{"damage":11,"enemies":"Lots of Slimes","floor":11,"turns":6},{"damage":33,"enemies":"Lagavulin","floor":12,"turns":7},{"damage":0,"enemies":"3 Louse","floor":13,"turns":5},{"damage":20,"enemies":"Large Slime","floor":14,"turns":9},{"damage":80,"enemies":"Hexaghost","floor":16,"turns":17},{"damage":20,"enemies":"2 Thieves","floor":18,"turns":4},{"damage":38,"enemies":"Spheric Guardian","floor":20,"turns":9},{"damage":11,"enemies":"Book of Stabbing","floor":23,"turns":7},{"damage":8,"enemies":"Snecko","floor":27,"turns":7},{"damage":10,"enemies":"Snake Plant","floor":29,"turns":6},{"damage":0,"enemies":"Centurion and Healer","floor":31,"turns":8},{"damage":1,"enemies":"Automaton","floor":33,"turns":14},{"damage":5,"enemies":"Orb Walker","floor":35,"turns":4},{"damage":16,"enemies":"3 Darklings","floor":36,"turns":7},{"damage":14,"enemies":"Maw","floor":39,"turns":7},{"damage":19,"enemies":"Nemesis","floor":40,"turns":9},{"damage":8,"enemies":"4 Shapes","floor":44,"turns":8},{"damage":14,"enemies":"Sphere and 2 Shapes","floor":46,"turns":9},{"damage":86,"enemies":"2 Orb Walkers","floor":48,"turns":8}],"event_choices":[{"event_name":"Golden Idol","player_choice":"Take Wound","floor":2,"damage_taken":0},{"event_name":"Beggar","player_choice":"Gave Gold","floor":19,"damage_taken":0},{"event_name":"The Mausoleum","player_choice":"Yes","floor":21,"damage_taken":0},{"event_name":"The Moai Head","player_choice":"Gave Idol","floor":38,"damage_taken":0}],"boss_relics":[{"not_picked":["Runic Pyramid","Astrolabe"],"picked":"Mark of Pain"},{"not_picked":["Pandora\u0027s Box","Runic Dome"],"picked":"Tiny House"}],"potions_floor_spawned":[1,11,13,14,18,23,29,31,35,36,40],"seed_played":"7878390912044551695","killed_by":"2 Orb Walkers","ascension_level":0,"is_trial":false}