{"gold_per_floor":[217,12,63,63,81,81,100,110,162,162,180,200,19,31,31,128,128,138,138,149,161,161,161,179,179,229,229,246,246,172,190,190,190],"floor_reached":33,"playtime":1488,"items_purged":[],"score":387,"play_id":"2ea1c0d8-5882-44e6-a227-af3cd1ae2fac","local_time":"20180630141825","is_ascension_mode":true,"campfire_choices":[{"data":"Neutralize","floor":6,"key":"SMITH"},{"data":"Dagger Spray","floor":10,"key":"SMITH"},{"data":"Skewer","floor":15,"key":"SMITH"},{"data":"Panache","floor":23,"key":"SMITH"},{"floor":25,"key":"REST"},{"data":"Well Laid Plans","floor":27,"key":"SMITH"},{"data":"Leg Sweep","floor":29,"key":"SMITH"},{"floor":32,"key":"REST"}],"neow_cost":"NONE","seed_source_timestamp":1357666553756378,"circlet_count":0,"master_deck":["Defend_G","Defend_G","Defend_G","Defend_G","Defend_G","Survivor","Neutralize+1","AscendersBane","Backflip","Dagger Spray+1","Well Laid Plans+1","Cloak And Dagger","Flying Knee","Panache+1","Skewer+1","Bullet Time","Dagger Throw+1","Bite","Bite","Bite","Bite","Bite","Escape Plan","PiercingWail","Clumsy","Leg Sweep+1","Caltrops","Deadly Poison"],"relics":["Ring of the Snake","Singing Bowl","Bag of Marbles","Strawberry","Cursed Key","Vajra"],"potions_floor_usage":[20,24,28,33,33,33],"damage_taken":[{"damage":0,"enemies":"Cultist","floor":1,"turns":5},{"damage":0,"enemies":"2 Louse","floor":5,"turns":2},{"damage":0,"enemies":"Small Slimes","floor":7,"turns":2},{"damage":0,"enemies":"Looter","floor":8,"turns":5},{"damage":0,"enemies":"3 Louse","floor":11,"turns":2},{"damage":0,"enemies":"Lots of Slimes","floor":12,"turns":1},{"damage":5,"enemies":"Large Slime","floor":14,"turns":4},{"damage":47,"enemies":"Slime Boss","floor":16,"turns":11},{"damage":11,"enemies":"Spheric Guardian","floor":18,"turns":3},{"damage":9,"enemies":"2 Thieves","floor":20,"turns":4},{"damage":8,"enemies":"Centurion and Healer","floor":21,"turns":6},{"damage":38,"enemies":"Sentry and Sphere","floor":24,"turns":7},{"damage":30,"enemies":"Slaver and Parasite","floor":28,"turns":6},{"damage":30,"enemies":"Cultist and Chosen","floor":31,"turns":7},{"damage":89,"enemies":"Champ","floor":33,"turns":15}],"seed_played":"-1465874185274688209","potions_obtained":[{"floor":1,"key":"Regen Potion"},{"floor":12,"key":"GhostInAJar"},{"floor":14,"key":"EntropicBrew"},{"floor":31,"key":"Poison Potion"}],"is_trial":false,"path_per_floor":["M","$","T","?","M","R","M","M","T","R","M","M","$","M","R","B",null,"M","?","M","M","$","R","M","R","T","R","M","R","$","M","R"],"character_chosen":"THE_SILENT","items_purchased":["Singing Bowl","Dagger Spray","Panache","Caltrops"],"campfire_rested":2,"item_purchase_floors":[2,2,13,30],"current_hp_per_floor":[63,63,63,68,68,68,68,70,77,77,79,79,79,74,74,27,71,60,60,59,60,60,60,30,48,48,48,42,42,42,22,40,0],"gold":190,"neow_bonus":"HUNDRED_GOLD","is_prod":false,"is_daily":false,"chose_seed":false,"campfire_upgraded":6,"win_rate":0,"timestamp":1530382705,"path_taken":["M","$","?","?","M","R","M","M","T","R","M","M","$","M","R","BOSS","M","?","M","M","$","R","?","R","T","R","M","R","$","M","R","BOSS"],"build_version":"2018-06-29","purchased_purges":0,"victory":false,"max_hp_per_floor":[70,70,70,75,75,75,75,77,84,84,86,86,86,86,86,86,86,86,60,60,60,60,60,62,62,62,62,62,62,62,62,62,62],"card_choices":[{"not_picked":["Bouncing Flask","Accuracy"],"picked":"Backflip","floor":1},{"not_picked":["Quick Slash","Bane"],"picked":"Well Laid Plans","floor":5},{"not_picked":["All Out Attack","Backflip"],"picked":"Cloak And Dagger","floor":7},{"not_picked":["Acrobatics","Outmaneuver","Underhanded Strike"],"picked":"Singing Bowl","floor":8},{"not_picked":["Dagger Spray","Slice","Prepared"],"picked":"Singing Bowl","floor":11},{"not_picked":["Prepared","Quick Slash"],"picked":"Flying Knee","floor":12},{"not_picked":["Dagger Throw","Underhanded Strike"],"picked":"Skewer","floor":14},{"not_picked":["Die Die Die","Envenom"],"picked":"Bullet Time","floor":16},{"not_picked":["Bane","Flechettes"],"picked":"Dagger Throw+1","floor":18},{"not_picked":["Finisher","Blade Dance"],"picked":"Escape Plan","floor":20},{"not_picked":["Slice","Prepared"],"picked":"PiercingWail","floor":21},{"not_picked":["Acrobatics+1","Underhanded Strike","Flying Knee"],"picked":"Singing Bowl","floor":24},{"not_picked":["Infinite Blades","Bane"],"picked":"Leg Sweep","floor":28},{"not_picked":["Flechettes","Finisher"],"picked":"Deadly Poison","floor":31}],"player_experience":480025,"relics_obtained":[{"floor":3,"key":"Bag of Marbles"},{"floor":9,"key":"Strawberry"},{"floor":26,"key":"Vajra"}],"event_choices":[{"event_name":"Big Fish","player_choice":"Donut","floor":4,"damage_taken":0},{"event_name":"Vampires","player_choice":"Became a vampire","floor":19,"damage_taken":0}],"boss_relics":[{"not_picked":["Sozu","Snecko Eye"],"picked":"Cursed Key"}],"items_purged_floors":[],"is_endless":false,"potions_floor_spawned":[1,12,14,18,31],"killed_by":"Champ","ascension_level":10}