{"path_per_floor":["M","M","M","$","M","R","?","M","T","M","?","R","T","M","R","B",null,"M","M","$","?","?","R","M","R","T","R","$","R","?","M","R"],"character_chosen":"THE_SILENT","items_purchased":["Dash","Meat on the Bone","Backflip"],"gold_per_floor":[110,125,135,61,76,76,76,89,89,109,109,109,132,145,145,250,250,270,285,46,46,46,46,58,58,81,81,28,28,28,40,40],"floor_reached":33,"campfire_rested":3,"playtime":2474,"current_hp_per_floor":[70,62,62,62,62,62,62,62,62,60,53,53,53,53,53,25,70,60,26,26,26,26,47,31,52,52,52,52,52,52,37,58],"items_purged":[],"gold":40,"score":237,"play_id":"ee5fdaee-4d7d-4fc3-9266-58581ea612dc","is_prod":false,"is_daily":false,"is_ascension_mode":false,"campfire_upgraded":5,"path_taken":["M","M","M","$","M","R","?","M","T","M","?","R","?","M","R","BOSS","M","M","$","?","?","R","M","R","T","R","$","R","?","M","R","BOSS"],"build_version":"2018-02-15-PROD1","purchased_purges":0,"victory":false,"master_deck":["Defend_G","Strike_G","Strike_G","Strike_G","Strike_G","Strike_G","Survivor","Neutralize","Sucker Punch","Blur+1","Sucker Punch","Blur","Dash+1","Burst+1","Slice","Outmaneuver","Slice","Wraith Form+1","A Thousand Cuts+1","Acrobatics+1","All Out Attack+1","Dagger Throw+1","Flying Knee+1","Flying Knee","Backflip","Slice"],"max_hp_per_floor":[70,70,70,70,70,70,70,70,70,70,70,70,70,70,70,70,70,70,70,70,70,70,70,70,70,70,70,70,70,70,70,70],"relics":["Ring of the Snake","Bottled Lightning","Happy Flower","Astrolabe","Pen Nib","Nloth\u0027s Gift"],"card_choices":[{"not_picked":["Slice","Dagger Spray"],"picked":"Sucker Punch"},{"not_picked":["Slice","Reflex"],"picked":"Blur"},{"not_picked":["Noxious Fumes","Underhanded Strike"],"picked":"Sucker Punch"},{"not_picked":["Catalyst","Dodge and Roll"],"picked":"Blur"},{"not_picked":["Outmaneuver","Flying Knee"],"picked":"Burst"},{"not_picked":["Well Laid Plans","Flying Knee"],"picked":"Slice"},{"not_picked":["Underhanded Strike","Flechettes"],"picked":"Outmaneuver"},{"not_picked":["Bane","Distraction"],"picked":"Slice"},{"not_picked":["Night Terror","Doppelganger"],"picked":"Wraith Form"},{"not_picked":["Crippling Poison","Outmaneuver"],"picked":"Dagger Throw"},{"not_picked":["Acrobatics","Underhanded Strike"],"picked":"Flying Knee"},{"not_picked":["Blade Dance","Deadly Poison"],"picked":"Flying Knee"},{"not_picked":["Dagger Spray","Quick Slash"],"picked":"Slice"}],"player_experience":86905,"potions_floor_usage":[16,19,24],"damage_taken":[{"damage":0,"enemies":"Jaw Worm","floor":1,"turns":4},{"damage":8,"enemies":"2 Louse","floor":2,"turns":2},{"damage":0,"enemies":"Small Slimes","floor":3,"turns":5},{"damage":0,"enemies":"Blue Slaver","floor":5,"turns":5},{"damage":0,"enemies":"Large Slime","floor":8,"turns":7},{"damage":2,"enemies":"Looter","floor":10,"turns":4},{"damage":0,"enemies":"Blue Slaver","floor":14,"turns":4},{"damage":28,"enemies":"Slime Boss","floor":16,"turns":16},{"damage":10,"enemies":"Chosen","floor":18,"turns":5},{"damage":34,"enemies":"Spheric Guardian","floor":19,"turns":6},{"damage":28,"enemies":"Centurion and Healer","floor":24,"turns":9},{"damage":15,"enemies":"Snecko","floor":31,"turns":5},{"damage":67,"enemies":"Champ","floor":33,"turns":14}],"event_choices":[{"event_name":"Liars Game","player_choice":"disagreed","floor":7,"damage_taken":0},{"event_name":"Golden Wing","player_choice":"Card Removal","floor":11,"damage_taken":0},{"event_name":"Addict","player_choice":"Ignored","floor":21,"damage_taken":0},{"event_name":"Cursed Tome","player_choice":"Ignored","floor":22,"damage_taken":0},{"event_name":"N\u0027loth","player_choice":"Traded a Meat on the Bone","floor":30,"damage_taken":0}],"boss_relics":[{"not_picked":["White Beast Statue","Snecko Eye"],"picked":"Astrolabe"}],"potions_floor_spawned":[2,14,19],"seed_played":"-4340553351238238304","killed_by":"Champ","ascension_level":0,"is_trial":false}