{"gold_per_floor":[369,381,80,99,19,49,62,62,62,62,9,27,55,89,89,89],"floor_reached":16,"playtime":915,"items_purged":["Strike_R"],"score":240,"play_id":"c592b07c-382e-4c55-94a0-af6ecebeac46","local_time":"20190118184353","is_ascension_mode":true,"campfire_choices":[{"data":"Uppercut","floor":8.0,"key":"SMITH"},{"data":"True Grit","floor":15.0,"key":"SMITH"}],"neow_cost":"TEN_PERCENT_HP_LOSS","seed_source_timestamp":163044610577346,"circlet_count":0,"master_deck":["AscendersBane","Strike_R","Strike_R","Strike_R","Strike_R","Defend_R","Defend_R","Defend_R","Defend_R","Bash","Combust","Pommel Strike","Uppercut+1","Flame Barrier","True Grit+1","Feed","Inflame"],"special_seed":0,"relics":["Burning Blood","Vajra","Omamori","Singing Bowl","WingedGreaves","Question Card","Ice Cream"],"potions_floor_usage":[16],"damage_taken":[{"damage":6.0,"enemies":"Cultist","floor":1.0,"turns":4.0},{"damage":6.0,"enemies":"Jaw Worm","floor":2.0,"turns":5.0},{"damage":7.0,"enemies":"Small Slimes","floor":4.0,"turns":3.0},{"damage":18.0,"enemies":"Lagavulin","floor":6.0,"turns":7.0},{"damage":19.0,"enemies":"Exordium Thugs","floor":7.0,"turns":6.0},{"damage":2.0,"enemies":"Blue Slaver","floor":12.0,"turns":5.0},{"damage":19.0,"enemies":"Gremlin Nob","floor":13.0,"turns":4.0},{"damage":16.0,"enemies":"Lagavulin","floor":14.0,"turns":7.0},{"damage":33,"enemies":"Slime Boss","floor":16,"turns":7}],"seed_played":"2608680974401502854","potions_obtained":[{"floor":1.0,"key":"FearPotion"},{"floor":7.0,"key":"BloodPotion"},{"floor":12.0,"key":"LiquidBronze"},{"floor":14.0,"key":"PowerPotion"}],"is_trial":false,"path_per_floor":["M","M","$","M","$","E","M","R","T","T","$","M","E","E","R","B"],"character_chosen":"IRONCLAD","items_purchased":["Vajra","Weak Potion","Flame Barrier","Strength Potion"],"campfire_rested":0,"item_purchase_floors":[3,3,5,11],"current_hp_per_floor":[68,68,68,67,67,55,42,42,42,42,42,52,41,31,31,0],"gold":89,"neow_bonus":"TWO_FIFTY_GOLD","is_prod":false,"is_daily":false,"chose_seed":false,"campfire_upgraded":2,"win_rate":0,"timestamp":1547865833,"path_taken":["M","M","$","M","?","E","M","R","T","?","$","M","E","E","R","BOSS"],"build_version":"2019-01-17","purchased_purges":1,"victory":false,"max_hp_per_floor":[68,68,68,68,68,68,68,68,68,68,68,68,70,70,70,70],"card_choices":[{"not_picked":["Iron Wave","Body Slam"],"picked":"Combust","floor":1.0},{"not_picked":["Perfected Strike","Flex"],"picked":"Pommel Strike","floor":2.0},{"not_picked":["Reckless Charge","True Grit"],"picked":"Uppercut","floor":4.0},{"not_picked":["Wild Strike","Thunderclap"],"picked":"True Grit","floor":6.0},{"not_picked":["Body Slam","Flex","Second Wind"],"picked":"SKIP","floor":7.0},{"not_picked":["Dropkick","Entrench"],"picked":"Feed","floor":12.0},{"not_picked":["Reckless Charge","Twin Strike","Seeing Red"],"picked":"Singing Bowl","floor":13.0},{"not_picked":["Dual Wield","Sever Soul","Flex"],"picked":"Inflame","floor":14.0}],"player_experience":1253897,"relics_obtained":[{"floor":6.0,"key":"Omamori"},{"floor":9.0,"key":"Singing Bowl"},{"floor":10.0,"key":"WingedGreaves"},{"floor":13.0,"key":"Question Card"},{"floor":14.0,"key":"Ice Cream"}],"event_choices":[],"is_beta":true,"boss_relics":[],"items_purged_floors":[3],"is_endless":false,"potions_floor_spawned":[1,7,12,14],"killed_by":"Slime Boss","ascension_level":20}