{"path_per_floor":["M","?","M","M","M","R","E","R","T","R","?","M","M","M","R","B",null,"M","$","M","?","M","R","?","R","T","$","M","R","M","M","R"],"character_chosen":"THE_SILENT","items_purchased":["Sundial","Bouncing Flask","Burst"],"gold_per_floor":[111,111,131,146,162,162,187,187,187,187,187,212,232,247,247,371,371,391,68,83,8,23,23,123,123,123,53,72,72,92,116,116,116],"floor_reached":33,"campfire_rested":4,"playtime":1237,"current_hp_per_floor":[62,62,58,58,58,58,41,41,41,41,41,38,38,38,38,11,52,45,45,30,30,16,35,35,54,64,64,32,54,38,12,34,0],"items_purged":[],"gold":116,"score":351,"play_id":"73d14354-ea6e-47e6-80e0-476f4826ad4c","local_time":"20180415130625","is_prod":false,"is_daily":false,"chose_seed":true,"is_ascension_mode":true,"campfire_upgraded":4,"timestamp":1523811985,"path_taken":["M","?","M","M","M","R","E","R","T","R","?","M","M","M","R","BOSS","M","$","M","?","M","R","?","R","T","$","M","R","M","M","R","BOSS"],"build_version":"2018-04-13","seed_source_timestamp":274580031712827,"purchased_purges":0,"victory":false,"master_deck":["Defend_G","Defend_G","Defend_G","Defend_G","Defend_G","Strike_G","Strike_G","Strike_G","Strike_G","Survivor","Neutralize+1","Bouncing Flask+1","Deflect+1","Slice","Backflip+1","Storm of Steel+1","Dagger Spray","Skewer","Sucker Punch","Bullet Time","Dash","Terror","Noxious Fumes","PiercingWail","Bane","Footwork","Bouncing Flask","Blade Dance+1","Backflip+1","Burst","Cloak And Dagger+1","Cloak And Dagger+1","Backflip"],"max_hp_per_floor":[70,70,70,70,70,70,70,70,70,70,65,65,65,65,65,65,65,65,65,65,65,65,65,65,65,75,75,75,75,75,75,75,75],"relics":["White Beast Statue","Centennial Puzzle","Bag of Preparation","Golden Idol","Orrery","Sundial","Pear"],"card_choices":[{"not_picked":["Bane","Catalyst"],"picked":"Bouncing Flask","floor":1},{"not_picked":["Eviscerate","Infinite Blades"],"picked":"Deflect","floor":3},{"not_picked":["Prepared","Quick Slash"],"picked":"Slice","floor":4},{"not_picked":["Expertise","Underhanded Strike"],"picked":"Backflip","floor":5},{"not_picked":["Predator","Dagger Throw"],"picked":"Storm of Steel","floor":7},{"not_picked":["Dagger Throw","Acrobatics"],"picked":"Dagger Spray","floor":12},{"not_picked":["Underhanded Strike","Choke"],"picked":"Skewer","floor":13},{"not_picked":["Dagger Spray","Riddle With Holes"],"picked":"Sucker Punch","floor":14},{"not_picked":["Venomology","Night Terror"],"picked":"Bullet Time","floor":16},{"not_picked":["Dagger Throw","Slice"],"picked":"Dash","floor":17},{"not_picked":["Cloak And Dagger","Outmaneuver"],"picked":"Terror","floor":17},{"not_picked":["Acrobatics","PiercingWail"],"picked":"Noxious Fumes","floor":17},{"not_picked":["Dash","Well Laid Plans"],"picked":"PiercingWail","floor":17},{"not_picked":["Calculated Gamble","Dodge and Roll"],"picked":"Bane","floor":17},{"not_picked":["Slice","Dagger Spray"],"picked":"Footwork","floor":18},{"not_picked":["Phantasmal Killer","Acrobatics"],"picked":"Blade Dance","floor":20},{"not_picked":["Poisoned Stab","PiercingWail"],"picked":"Backflip","floor":22},{"not_picked":["Outmaneuver","Poisoned Stab"],"picked":"Cloak And Dagger","floor":28},{"not_picked":["Deflect","Flying Knee"],"picked":"Cloak And Dagger","floor":30},{"not_picked":["Bane","Flying Knee"],"picked":"Backflip","floor":31}],"player_experience":208413,"potions_floor_usage":[7,7,13,14,16,18,20,22,28,28,31,31,33,33],"damage_taken":[{"damage":1,"enemies":"Jaw Worm","floor":1,"turns":4},{"damage":4,"enemies":"Small Slimes","floor":3,"turns":4},{"damage":0,"enemies":"2 Louse","floor":4,"turns":3},{"damage":0,"enemies":"Exordium Wildlife","floor":5,"turns":4},{"damage":29,"enemies":"Gremlin Nob","floor":7,"turns":5},{"damage":3,"enemies":"Looter","floor":12,"turns":3},{"damage":0,"enemies":"Red Slaver","floor":13,"turns":6},{"damage":0,"enemies":"3 Louse","floor":14,"turns":1},{"damage":42,"enemies":"Hexaghost","floor":16,"turns":10},{"damage":22,"enemies":"Chosen","floor":18,"turns":5},{"damage":15,"enemies":"Shell Parasite","floor":20,"turns":6},{"damage":14,"enemies":"Snake Plant","floor":22,"turns":5},{"damage":32,"enemies":"Sentry and Sphere","floor":28,"turns":7},{"damage":16,"enemies":"Centurion and Healer","floor":30,"turns":8},{"damage":26,"enemies":"Chosen and Byrds","floor":31,"turns":6},{"damage":49,"enemies":"Collector","floor":33,"turns":7}],"event_choices":[{"event_name":"Living Wall","player_choice":"Grow","floor":2,"damage_taken":0},{"event_name":"Golden Idol","player_choice":"Lose Max HP","floor":11,"damage_taken":0},{"event_name":"Beggar","player_choice":"Gave Gold","floor":21,"damage_taken":0},{"event_name":"Golden Shrine","player_choice":"Pray","floor":24,"damage_taken":0}],"boss_relics":[{"not_picked":["Runic Dome","Runic Pyramid"],"picked":"Orrery"}],"potions_floor_spawned":[1,3,4,5,7,12,13,14,16,18,20,22,28,30,31],"seed_played":"1805153721489791785","killed_by":"Collector","ascension_level":8,"is_trial":false}