{"path_per_floor":["M","?","T","M","$","E","M","$","T","R","E","M","R","?","R","B",null,"M","?","M","M","$","R","M","E","T","R","?","M","M","?","R","B",null,"M","?","$","M","M","R","M","R","T","R","$","R","M","M","R","B"],"character_chosen":"IRONCLAD","items_purchased":["Shrug It Off","Flex","Oddly Smooth Stone","Happy Flower","Shrug It Off"],"gold_per_floor":[117,117,144,154,107,135,145,98,98,98,129,141,141,167,167,263,263,282,282,296,310,4,4,14,48,48,48,48,60,74,74,74,177,177,188,188,113,127,140,140,156,156,156,156,4,4,16,34,34,34],"floor_reached":51,"campfire_rested":4,"playtime":3880,"current_hp_per_floor":[80,80,80,80,80,80,80,80,80,80,58,53,53,55,79,58,80,73,73,75,49,49,75,70,73,73,73,73,77,78,78,78,15,92,77,77,77,67,63,63,44,74,88,88,88,88,53,46,81,29],"items_purged":["Strike_R","Writhe"],"gold":34,"score":577,"play_id":"1fae5e88-7cc3-443b-b955-4ee99afc1fbe","is_prod":false,"is_daily":false,"is_ascension_mode":false,"campfire_upgraded":7,"path_taken":["M","?","?","M","$","E","M","$","T","R","E","M","R","?","R","BOSS","M","?","M","M","$","R","M","E","T","R","?","M","M","?","R","BOSS","M","?","?","M","M","R","M","R","T","R","$","R","M","M","R","BOSS"],"build_version":"2018-02-15-PROD1","purchased_purges":3,"victory":true,"master_deck":["Strike_R","Strike_R","Strike_R","Strike_R","Defend_R","Defend_R","Defend_R+1","Defend_R+1","Bash+1","Headbutt","Battle Trance+1","Shrug It Off+1","Disarm","Infernal Blade","Flex+1","Power Through","Sword Boomerang","Cleave","Feed","Perfected Strike+1","Cleave","Disarm","Perfected Strike+1","Offering+1","Uppercut+1","Flex","Flex+1","Anger+1","Shockwave+1","Seeing Red+1","Headbutt+1","Battle Trance+1","Perfected Strike+1","Limit Break+1","Shrug It Off"],"max_hp_per_floor":[80,80,80,80,80,80,80,80,80,80,80,80,80,80,80,80,80,83,83,86,89,89,89,89,92,92,92,92,92,92,92,92,92,92,95,95,95,95,98,98,101,101,115,115,115,115,118,118,118,118],"relics":["Burning Blood","NeowsBlessing","War Paint","Bottled Flame","Champion Belt","Paper Frog","Odd Mushroom","Orrery","Oddly Smooth Stone","Happy Flower","Mercury Hourglass","Thread and Needle","Vajra","Mark of Pain","Mango"],"card_choices":[{"not_picked":["Dropkick","True Grit"],"picked":"Headbutt"},{"not_picked":["Thunderclap","Berserk"],"picked":"Battle Trance"},{"not_picked":["Uppercut","Thunderclap"],"picked":"Disarm"},{"not_picked":["Sword Boomerang","Thunderclap"],"picked":"Infernal Blade"},{"not_picked":["Warcry","Anger"],"picked":"Power Through"},{"not_picked":["Rampage","Body Slam"],"picked":"Sword Boomerang"},{"not_picked":["Combust","Warcry"],"picked":"Cleave"},{"not_picked":["Bludgeon","Dark Embrace"],"picked":"Feed"},{"not_picked":["Headbutt","Iron Wave"],"picked":"Perfected Strike"},{"not_picked":["Clothesline","Blood for Blood"],"picked":"Cleave"},{"not_picked":["Feel No Pain","Body Slam"],"picked":"Disarm"},{"not_picked":["Searing Blow","Headbutt"],"picked":"Perfected Strike"},{"not_picked":["Clothesline","Power Through"],"picked":"Offering"},{"not_picked":["Headbutt","Dropkick"],"picked":"Uppercut"},{"not_picked":["Headbutt","Disarm"],"picked":"Flex"},{"not_picked":["Hemokinesis","Headbutt"],"picked":"Flex"},{"not_picked":["Body Slam","Havoc"],"picked":"Anger"},{"not_picked":["Juggernaut","Seeing Red"],"picked":"Shockwave"},{"not_picked":["Dual Wield","Bloodletting"],"picked":"Seeing Red"},{"not_picked":["Sword Boomerang","Combust"],"picked":"Headbutt"},{"not_picked":["Sever Soul","Pummel"],"picked":"Battle Trance"},{"not_picked":["Pummel","Sword Boomerang"],"picked":"Perfected Strike"},{"not_picked":["Pommel Strike","Combust"],"picked":"Limit Break"}],"player_experience":103407,"potions_floor_usage":[14,16,16,16,20,20,24,24,25,47],"damage_taken":[{"damage":0,"enemies":"Jaw Worm","floor":1,"turns":1},{"damage":0,"enemies":"Small Slimes","floor":4,"turns":1},{"damage":0,"enemies":"Gremlin Nob","floor":6,"turns":1},{"damage":0,"enemies":"Cultist","floor":7,"turns":4},{"damage":28,"enemies":"Lagavulin","floor":11,"turns":8},{"damage":11,"enemies":"Exordium Thugs","floor":12,"turns":5},{"damage":4,"enemies":"The Mushroom Lair","floor":14,"turns":3},{"damage":27,"enemies":"Hexaghost","floor":16,"turns":11},{"damage":16,"enemies":"Spheric Guardian","floor":18,"turns":5},{"damage":7,"enemies":"2 Thieves","floor":20,"turns":3},{"damage":35,"enemies":"3 Cultists","floor":21,"turns":6},{"damage":11,"enemies":"Snake Plant","floor":24,"turns":4},{"damage":18,"enemies":"Book of Stabbing","floor":25,"turns":5},{"damage":2,"enemies":"Snecko","floor":29,"turns":4},{"damage":5,"enemies":"Sentry and Sphere","floor":30,"turns":4},{"damage":69,"enemies":"Automaton","floor":33,"turns":9},{"damage":24,"enemies":"3 Darklings","floor":35,"turns":4},{"damage":16,"enemies":"3 Shapes","floor":38,"turns":3},{"damage":13,"enemies":"Maw","floor":39,"turns":7},{"damage":28,"enemies":"Sphere and 2 Shapes","floor":41,"turns":3},{"damage":44,"enemies":"3 Darklings","floor":47,"turns":3},{"damage":13,"enemies":"Maw","floor":48,"turns":6},{"damage":58,"enemies":"Time Eater","floor":50,"turns":11}],"event_choices":[{"event_name":"The Cleric","player_choice":"Leave","floor":2,"damage_taken":0},{"event_name":"Mushrooms","player_choice":"Fought Mushrooms","floor":14,"damage_taken":0},{"event_name":"The Lab","player_choice":"Got Potions","floor":19,"damage_taken":0},{"event_name":"The Mausoleum","player_choice":"Yes","floor":28,"damage_taken":0},{"event_name":"Upgrade Shrine","player_choice":"Upgraded","floor":31,"damage_taken":0},{"event_name":"Accursed Blacksmith","player_choice":"Forge","floor":36,"damage_taken":0}],"boss_relics":[{"not_picked":["Tiny House","Calling Bell"],"picked":"Orrery"},{"not_picked":["Runic Dome","Runic Cube"],"picked":"Mark of Pain"}],"potions_floor_spawned":[1,11,12,14,18,21,24,35],"seed_played":"3302322319335628917","ascension_level":0,"is_trial":false}