{"gold_per_floor":[15,15,15,28,48,48,74,90,90,107,107,127,17,36,36,108,108,124,124,39,55,15,15,35,35],"floor_reached":25,"playtime":1580,"items_purged":["Strike_G"],"score":349,"play_id":"62ea0c0c-bf18-4923-a148-1d2ab0e6f082","local_time":"20181215125241","is_ascension_mode":true,"campfire_choices":[{"data":"Skewer","floor":6,"key":"SMITH"},{"floor":11,"key":"REST"},{"floor":15,"key":"REST"},{"floor":23,"key":"REST"}],"neow_cost":"NO_GOLD","seed_source_timestamp":2548699483011,"circlet_count":0,"master_deck":["AscendersBane","Defend_G","Defend_G","Defend_G","Defend_G","Defend_G","Strike_G","Strike_G","Strike_G","Strike_G","Survivor","Neutralize","After Image","Quick Slash","PiercingWail","Skewer+1","Footwork","Dodge and Roll","Riddle With Holes","Deadly Poison","Caltrops","Backflip","Wraith Form v2","Deadly Poison+1","Footwork+1","Dash"],"relics":["Ring of the Snake","Calipers","Mummified Hand","Sundial","White Beast Statue","Frozen Egg 2"],"potions_floor_usage":[7,12,24,25,25],"damage_taken":[{"damage":1,"enemies":"Jaw Worm","floor":1,"turns":5},{"damage":3,"enemies":"Cultist","floor":4,"turns":5},{"damage":1,"enemies":"Small Slimes","floor":5,"turns":5},{"damage":20,"enemies":"Lagavulin","floor":7,"turns":8},{"damage":4,"enemies":"Blue Slaver","floor":8,"turns":4},{"damage":3,"enemies":"Looter","floor":10,"turns":3},{"damage":0,"enemies":"Lots of Slimes","floor":12,"turns":1},{"damage":19,"enemies":"Gremlin Gang","floor":14,"turns":5},{"damage":29,"enemies":"Slime Boss","floor":16,"turns":13},{"damage":39,"enemies":"Spheric Guardian","floor":18,"turns":7},{"damage":10,"enemies":"Shell Parasite","floor":21,"turns":9},{"damage":7,"enemies":"Centurion and Healer","floor":24,"turns":9},{"damage":38,"enemies":"3 Cultists","floor":25,"turns":5}],"seed_played":"4787172558186005063","potions_obtained":[{"floor":1,"key":"Swift Potion"},{"floor":5,"key":"Fire Potion"},{"floor":7,"key":"Explosive Potion"},{"floor":18,"key":"AttackPotion"},{"floor":21,"key":"SkillPotion"},{"floor":24,"key":"Regen Potion"}],"is_trial":false,"path_per_floor":["M","?","$","M","M","R","E","M","T","M","R","M","$","M","R","B",null,"M","?","?","M","$","R","M","M"],"character_chosen":"THE_SILENT","items_purchased":["Caltrops","Footwork+1"],"campfire_rested":3,"item_purchase_floors":[13,22],"current_hp_per_floor":[58,58,58,55,54,54,34,30,30,27,46,46,46,27,46,17,54,15,15,15,5,5,24,17,0],"gold":35,"neow_bonus":"THREE_RARE_CARDS","is_prod":false,"is_daily":false,"chose_seed":false,"campfire_upgraded":1,"win_rate":0,"timestamp":1544896361,"path_taken":["M","?","$","M","M","R","E","?","T","M","R","M","$","M","R","BOSS","M","?","?","M","$","R","M","M"],"build_version":"2018-12-13","purchased_purges":1,"victory":false,"max_hp_per_floor":[66,66,66,66,66,66,66,66,66,66,66,66,66,66,66,66,66,66,66,66,66,66,66,66,66],"card_choices":[{"not_picked":["Corpse Explosion","Doppelganger"],"picked":"After Image","floor":0},{"not_picked":["Bane","Calculated Gamble"],"picked":"Quick Slash","floor":1},{"not_picked":["Bane","Distraction"],"picked":"PiercingWail","floor":4},{"not_picked":["Eviscerate","Accuracy"],"picked":"Skewer","floor":5},{"not_picked":["Dagger Throw","PiercingWail"],"picked":"Footwork","floor":7},{"not_picked":["Dagger Throw","Choke"],"picked":"Dodge and Roll","floor":8},{"not_picked":["Storm of Steel","Outmaneuver"],"picked":"Riddle With Holes","floor":10},{"not_picked":["Bouncing Flask","Calculated Gamble"],"picked":"Deadly Poison","floor":12},{"not_picked":["Caltrops","Flying Knee"],"picked":"Backflip","floor":14},{"not_picked":["Doppelganger","Grand Finale"],"picked":"Wraith Form v2","floor":16},{"not_picked":["Dodge and Roll","Bane","Sucker Punch"],"picked":"SKIP","floor":18},{"not_picked":["Concentrate","All Out Attack+1"],"picked":"Deadly Poison+1","floor":21},{"not_picked":["Sucker Punch","Deflect"],"picked":"Dash","floor":24}],"player_experience":970709,"relics_obtained":[{"floor":7,"key":"Mummified Hand"},{"floor":9,"key":"Sundial"}],"event_choices":[{"damage_healed":0,"gold_gain":0,"player_choice":"Gave Potion","damage_taken":0,"relics_obtained":["Calipers"],"max_hp_gain":0,"max_hp_loss":0,"event_name":"WeMeetAgain","floor":2,"gold_loss":0},{"damage_healed":0,"gold_gain":0,"player_choice":"Ignored","damage_taken":0,"max_hp_gain":0,"max_hp_loss":0,"event_name":"Cursed Tome","floor":19,"gold_loss":0},{"damage_healed":0,"gold_gain":0,"player_choice":"Obtained Relic","damage_taken":0,"relics_obtained":["Frozen Egg 2"],"max_hp_gain":0,"max_hp_loss":0,"event_name":"Addict","floor":20,"gold_loss":85}],"is_beta":true,"boss_relics":[{"not_picked":["Lizard Tail","Philosopher\u0027s Stone"],"picked":"White Beast Statue"}],"items_purged_floors":[13],"is_endless":false,"potions_floor_spawned":[1,5,7,18,21,24],"killed_by":"3 Cultists","ascension_level":14}