{"path_per_floor":["M","M","?","M","?","E","R","$","T","R","M","R","?","?","R","B",null,"M","M","?","M","?"],"character_chosen":"IRONCLAD","items_purchased":["Spot Weakness"],"gold_per_floor":[117,133,133,146,146,182,182,37,63,63,82,82,82,82,82,212,212,236,249,249,264,264],"floor_reached":23,"campfire_rested":2,"playtime":1573,"current_hp_per_floor":[80,80,80,80,80,38,62,62,62,62,55,55,55,55,80,31,68,49,44,44,23,23],"items_purged":["Injury"],"gold":264,"score":236,"play_id":"cc6d8864-7083-431d-8990-7b90eb4d0e9f","local_time":"20180321151957","is_prod":false,"is_daily":false,"is_ascension_mode":true,"campfire_upgraded":2,"timestamp":1521659997,"path_taken":["M","M","?","M","?","E","R","$","T","R","M","R","?","?","R","BOSS","M","M","?","M","?","E"],"build_version":"2018-03-15v3","purchased_purges":1,"victory":false,"master_deck":["Strike_R+1","Strike_R+1","Strike_R+1","Defend_R+1","Defend_R+1","Defend_R+1","Defend_R+1","Bash","Battle Trance+1","Body Slam+1","Thunderclap","Metallicize","Spot Weakness","Sword Boomerang","Demon Form","Havoc","Dual Wield","Headbutt"],"max_hp_per_floor":[80,80,80,80,80,80,80,80,80,80,80,80,80,80,80,80,80,80,80,80,80,80],"relics":["Burning Blood","NeowsBlessing","Bloody Idol","Bronze Scales","Regal Pillow","Cursed Key"],"card_choices":[{"not_picked":["Infernal Blade","True Grit"],"picked":"Battle Trance"},{"not_picked":["Uppercut","Rage"],"picked":"Body Slam"},{"not_picked":["Battle Trance","Sword Boomerang"],"picked":"Thunderclap"},{"not_picked":["Body Slam","Disarm"],"picked":"Metallicize"},{"not_picked":["Spot Weakness","True Grit"],"picked":"Sword Boomerang"},{"not_picked":["Reaper","Brutality"],"picked":"Demon Form"},{"not_picked":["Warcry","Heavy Blade"],"picked":"Havoc"},{"not_picked":["Sword Boomerang","Perfected Strike"],"picked":"Dual Wield"},{"not_picked":["Reckless Charge","Dual Wield"],"picked":"Headbutt"}],"player_experience":640248,"potions_floor_usage":[6,6,16,21,23],"damage_taken":[{"damage":0,"enemies":"Small Slimes","floor":1,"turns":1},{"damage":0,"enemies":"Cultist","floor":2,"turns":1},{"damage":0,"enemies":"2 Louse","floor":4,"turns":1},{"damage":48,"enemies":"Lagavulin","floor":6,"turns":6},{"damage":13,"enemies":"Blue Slaver","floor":11,"turns":4},{"damage":55,"enemies":"Hexaghost","floor":16,"turns":10},{"damage":25,"enemies":"2 Thieves","floor":18,"turns":3},{"damage":11,"enemies":"Shell Parasite","floor":19,"turns":4},{"damage":27,"enemies":"Centurion and Healer","floor":21,"turns":5},{"damage":29,"enemies":"Book of Stabbing","floor":23,"turns":3}],"event_choices":[{"event_name":"Purifier","player_choice":"One Purge","floor":3,"damage_taken":0},{"event_name":"Golden Idol","player_choice":"Take Wound","floor":5,"damage_taken":0},{"event_name":"Wheel of Change","player_choice":"Card Removal","floor":13,"damage_taken":0},{"event_name":"The Lab","player_choice":"Got Potions","floor":14,"damage_taken":0},{"event_name":"Back to Basics","player_choice":"Simplicity","floor":20,"damage_taken":0},{"event_name":"Forgotten Altar","player_choice":"Gave Idol","floor":22,"damage_taken":0}],"boss_relics":[{"not_picked":["Lizard Tail","Sozu"],"picked":"Cursed Key"}],"potions_floor_spawned":[1,2,11,19,21],"seed_played":"8517170839947865676","killed_by":"Book of Stabbing","ascension_level":5,"is_trial":false}