{"gold_per_floor":[118,118,138,138,57,57,77,106,153,153,167,179,49,62,62,162,162,178,191,18,38,38,38,64,64],"floor_reached":25,"playtime":1046,"items_purged":[],"score":279,"play_id":"3664f90b-8db9-4045-9aa2-4d90e3e0c1ad","local_time":"20190109235141","is_ascension_mode":true,"campfire_choices":[{"data":"Noxious Fumes","floor":6,"key":"SMITH"},{"floor":10,"key":"REST"},{"floor":15,"key":"REST"},{"floor":23,"key":"REST"}],"neow_cost":"NONE","seed_source_timestamp":17872822815410,"circlet_count":0,"master_deck":["Defend_G","Defend_G","Defend_G","Defend_G","Defend_G","Strike_G","Strike_G","Strike_G","Strike_G","Survivor","Neutralize","Well Laid Plans","Caltrops","Noxious Fumes+1","Dagger Throw","Masterful Stab","Dagger Spray","Dodge and Roll","Wraith Form v2","Deadly Poison","Flying Knee","Adrenaline","Escape Plan","Cloak And Dagger","Dodge and Roll","Backflip","Blur"],"relics":["Ring of the Snake","Happy Flower","PreservedInsect","Runic Dome","Centennial Puzzle","Tough Bandages"],"potions_floor_usage":[8,8,24,24],"damage_taken":[{"damage":0,"enemies":"Jaw Worm","floor":1,"turns":5},{"damage":3,"enemies":"Small Slimes","floor":3,"turns":5},{"damage":1,"enemies":"Cultist","floor":7,"turns":4},{"damage":28,"enemies":"Gremlin Nob","floor":8,"turns":4},{"damage":3,"enemies":"Exordium Wildlife","floor":11,"turns":4},{"damage":3,"enemies":"2 Fungi Beasts","floor":12,"turns":3},{"damage":12,"enemies":"Exordium Thugs","floor":14,"turns":6},{"damage":18,"enemies":"Slime Boss","floor":16,"turns":9},{"damage":18,"enemies":"Spheric Guardian","floor":18,"turns":5},{"damage":15,"enemies":"Chosen","floor":19,"turns":6},{"damage":24,"enemies":"Snake Plant","floor":21,"turns":4},{"damage":27,"enemies":"Slavers","floor":24,"turns":4},{"damage":18,"enemies":"Shelled Parasite and Fungi","floor":25,"turns":4}],"seed_played":"4389983933284755951","potions_obtained":[{"floor":3,"key":"SpeedPotion"},{"floor":4,"key":"PowerPotion"},{"floor":4,"key":"GamblersBrew"},{"floor":11,"key":"Strength Potion"},{"floor":21,"key":"Fire Potion"}],"is_trial":false,"path_per_floor":["M","?","M","?","$","R","M","E","T","R","M","M","$","M","R","B",null,"M","M","$","M","?","R","E","M"],"character_chosen":"THE_SILENT","items_purchased":["Noxious Fumes","Wraith Form v2","Deadly Poison","Centennial Puzzle","Dodge and Roll"],"campfire_rested":3,"item_purchase_floors":[5,13,13,20,20],"current_hp_per_floor":[77,70,67,67,67,67,66,38,38,61,58,55,55,43,66,48,70,52,37,37,13,13,36,9,0],"gold":64,"neow_bonus":"TEN_PERCENT_HP_BONUS","is_prod":false,"is_daily":false,"chose_seed":false,"campfire_upgraded":1,"win_rate":0,"timestamp":1547095901,"path_taken":["M","?","M","?","$","R","M","E","T","R","M","M","$","M","R","BOSS","M","M","$","?","?","R","E","M"],"build_version":"2019-01-08","purchased_purges":0,"victory":false,"max_hp_per_floor":[77,77,77,77,77,77,77,77,77,77,77,77,77,77,77,77,77,77,77,77,77,77,77,77,77],"card_choices":[{"not_picked":["Slice","Outmaneuver"],"picked":"Well Laid Plans","floor":1},{"not_picked":["Deflect","Flying Knee"],"picked":"Caltrops","floor":3},{"not_picked":["Backflip","All Out Attack"],"picked":"Dagger Throw","floor":7},{"not_picked":["Prepared","Bane"],"picked":"Masterful Stab","floor":8},{"not_picked":["Acrobatics","Dodge and Roll"],"picked":"Dagger Spray","floor":11},{"not_picked":["Bane","Eviscerate"],"picked":"Dodge and Roll","floor":12},{"not_picked":["Prepared","Dagger Throw"],"picked":"Flying Knee","floor":14},{"not_picked":["After Image","Bullet Time"],"picked":"Adrenaline","floor":16},{"not_picked":["Sucker Punch","Blade Dance+1"],"picked":"Escape Plan","floor":18},{"not_picked":["Poisoned Stab","Bane"],"picked":"Cloak And Dagger","floor":19},{"not_picked":["Deadly Poison","Bane"],"picked":"Backflip","floor":21},{"not_picked":["Cloak And Dagger","Crippling Poison"],"picked":"Blur","floor":24}],"player_experience":1225469,"relics_obtained":[{"floor":8,"key":"Happy Flower"},{"floor":9,"key":"PreservedInsect"},{"floor":24,"key":"Tough Bandages"}],"event_choices":[{"cards_removed":["Strike_G"],"damage_healed":0,"gold_gain":0,"player_choice":"Card Removal","damage_taken":7,"max_hp_gain":0,"max_hp_loss":0,"event_name":"Golden Wing","floor":2,"gold_loss":0},{"damage_healed":0,"gold_gain":0,"player_choice":"Got Potions","damage_taken":0,"max_hp_gain":0,"max_hp_loss":0,"event_name":"Lab","floor":4,"gold_loss":0},{"damage_healed":0,"gold_gain":0,"player_choice":"Ignored","damage_taken":0,"max_hp_gain":0,"max_hp_loss":0,"event_name":"Beggar","floor":22,"gold_loss":0}],"is_beta":true,"boss_relics":[{"not_picked":["Orrery","Busted Crown"],"picked":"Runic Dome"}],"items_purged_floors":[],"is_endless":false,"potions_floor_spawned":[3,11,21],"killed_by":"Shelled Parasite and Fungi","ascension_level":5}