{"gold_per_floor":[114,114,114,129,143,143,172,172,199,209,209,236,248,248,248,327,327,310,329,329,349,1,1,30,47,47,47,0,0,100,120,120,120],"floor_reached":33,"playtime":2922,"items_purged":[],"score":468,"play_id":"9cd1ad74-e900-48f5-aaaf-eda2dc88127b","local_time":"20181215114029","is_ascension_mode":true,"campfire_choices":[{"data":"Neutralize","floor":6,"key":"SMITH"},{"data":"Footwork","floor":8,"key":"SMITH"},{"data":"Blade Dance","floor":11,"key":"SMITH"},{"floor":15,"key":"REST"},{"floor":23,"key":"REST"},{"floor":32,"key":"REST"}],"neow_cost":"TEN_PERCENT_HP_LOSS","seed_source_timestamp":2563665684943998,"circlet_count":0,"master_deck":["AscendersBane","Defend_G","Defend_G","Defend_G","Defend_G","Defend_G","Strike_G","Strike_G","Strike_G","Strike_G","Survivor","Neutralize+1","Dagger Throw","Footwork+1","Underhanded Strike","Dodge and Roll","Blade Dance+1","Finisher","PiercingWail","Adrenaline","Dagger Spray","Expertise","Blade Dance","Tactician","Backflip","Caltrops","Corpse Explosion","Acrobatics","Flechettes"],"relics":["Ring of the Snake","Tough Bandages","Bronze Scales","Orichalcum","Meat on the Bone","HoveringKite","Nilry\u0027s Codex","HandDrill","Oddly Smooth Stone","Bottled Tornado"],"potions_floor_usage":[7,7,16,21,33,33],"damage_taken":[{"damage":0,"enemies":"Cultist","floor":1,"turns":5},{"damage":0,"enemies":"2 Louse","floor":4,"turns":3},{"damage":2,"enemies":"Small Slimes","floor":5,"turns":4},{"damage":12,"enemies":"Gremlin Nob","floor":7,"turns":4},{"damage":4,"enemies":"Exordium Thugs","floor":10,"turns":6},{"damage":24,"enemies":"Lagavulin","floor":12,"turns":7},{"damage":2,"enemies":"Blue Slaver","floor":13,"turns":4},{"damage":25,"enemies":"Hexaghost","floor":16,"turns":15},{"damage":8,"enemies":"2 Thieves","floor":18,"turns":4},{"damage":15,"enemies":"Chosen","floor":19,"turns":5},{"damage":21,"enemies":"Shelled Parasite and Fungi","floor":21,"turns":7},{"damage":35,"enemies":"Gremlin Leader","floor":24,"turns":8},{"damage":6,"enemies":"Snake Plant","floor":25,"turns":4},{"damage":0,"enemies":"Snecko","floor":31,"turns":5},{"damage":51,"enemies":"Automaton","floor":33,"turns":14}],"seed_played":"6906949221122129541","potions_obtained":[{"floor":1,"key":"Swift Potion"},{"floor":4,"key":"Explosive Potion"},{"floor":12,"key":"PowerPotion"},{"floor":14,"key":"Regen Potion"},{"floor":25,"key":"EntropicBrew"}],"is_trial":false,"path_per_floor":["M","?","?","M","M","R","E","R","T","M","R","E","M","?","R","B",null,"M","M","?","M","$","R","E","M","T","$","?","?","?","M","R","B"],"character_chosen":"THE_SILENT","items_purchased":["Tactician","Backflip","HandDrill","Caltrops"],"campfire_rested":3,"item_purchase_floors":[22,22,22,22],"current_hp_per_floor":[59,59,59,59,57,57,45,45,45,41,41,17,27,27,45,32,53,45,42,26,32,32,50,27,33,33,33,33,33,33,33,51,0],"gold":120,"neow_bonus":"ONE_RARE_RELIC","is_prod":false,"is_daily":false,"chose_seed":false,"campfire_upgraded":3,"win_rate":0,"timestamp":1544892029,"path_taken":["M","?","?","M","M","R","E","R","T","?","R","E","M","?","R","BOSS","M","M","?","M","$","R","E","M","T","$","?","?","?","?","R","BOSS"],"build_version":"2018-12-13","purchased_purges":0,"victory":false,"max_hp_per_floor":[60,60,60,60,60,60,60,60,60,60,60,60,60,60,60,60,60,60,60,60,60,60,60,60,60,60,60,60,60,60,60,60,60],"card_choices":[{"not_picked":["Choke","Infinite Blades"],"picked":"Dagger Throw","floor":1},{"not_picked":["Flying Knee","Poisoned Stab"],"picked":"Footwork","floor":4},{"not_picked":["Deadly Poison","Terror"],"picked":"Underhanded Strike","floor":5},{"not_picked":["Slice","Setup"],"picked":"Dodge and Roll","floor":7},{"not_picked":["Outmaneuver","Slice"],"picked":"Blade Dance","floor":10},{"not_picked":["Endless Agony","Infinite Blades"],"picked":"Finisher","floor":12},{"not_picked":["Endless Agony","Skewer"],"picked":"PiercingWail","floor":13},{"not_picked":["Bullet Time","Die Die Die"],"picked":"Adrenaline","floor":16},{"not_picked":["Slice+1","Sucker Punch+1"],"picked":"Dagger Spray","floor":18},{"not_picked":["Flying Knee","Infinite Blades"],"picked":"Expertise","floor":19},{"not_picked":["Catalyst","Well Laid Plans"],"picked":"Blade Dance","floor":21},{"not_picked":["Infinite Blades","Outmaneuver"],"picked":"Corpse Explosion","floor":24},{"not_picked":["Bane+1","Skewer"],"picked":"Acrobatics","floor":25},{"not_picked":["Sucker Punch","Outmaneuver"],"picked":"Flechettes","floor":31}],"player_experience":967787,"relics_obtained":[{"floor":7,"key":"Bronze Scales"},{"floor":9,"key":"Orichalcum"},{"floor":12,"key":"Meat on the Bone"},{"floor":20,"key":"Nilry\u0027s Codex"},{"floor":24,"key":"Oddly Smooth Stone"},{"floor":26,"key":"Bottled Tornado"}],"event_choices":[{"damage_healed":0,"gold_gain":0,"player_choice":"Ignored","damage_taken":0,"max_hp_gain":0,"max_hp_loss":0,"event_name":"Liars Game","floor":2,"gold_loss":0},{"cards_removed":["Strike_G"],"damage_healed":0,"gold_gain":0,"player_choice":"Offered Basic","damage_taken":0,"max_hp_gain":0,"max_hp_loss":0,"event_name":"Bonfire Elementals","floor":3,"gold_loss":0},{"damage_healed":0,"gold_gain":0,"player_choice":"Got Potions","damage_taken":0,"max_hp_gain":0,"max_hp_loss":0,"event_name":"Lab","floor":14,"gold_loss":0},{"damage_healed":0,"gold_gain":0,"player_choice":"Obtained Book","damage_taken":16,"max_hp_gain":0,"max_hp_loss":0,"event_name":"Cursed Tome","floor":20,"gold_loss":0},{"damage_healed":0,"gold_gain":0,"player_choice":"Paid Fearfully","damage_taken":0,"max_hp_gain":0,"max_hp_loss":0,"event_name":"Masked Bandits","floor":28,"gold_loss":47},{"damage_healed":0,"gold_gain":0,"player_choice":"Ignored","damage_taken":0,"max_hp_gain":0,"max_hp_loss":0,"event_name":"Beggar","floor":29,"gold_loss":0},{"damage_healed":0,"gold_gain":100,"player_choice":"Pray","damage_taken":0,"max_hp_gain":0,"max_hp_loss":0,"event_name":"Golden Shrine","floor":30,"gold_loss":0}],"is_beta":true,"boss_relics":[{"not_picked":["Sozu","Philosopher\u0027s Stone"],"picked":"HoveringKite"}],"items_purged_floors":[],"is_endless":false,"potions_floor_spawned":[1,4,5,12,25],"killed_by":"Automaton","ascension_level":14}