{"gold_per_floor":[115,115,128,303,330,330,154,154,154,219,249,249,269,279,279,376,376,346,346,346,12,12,12,12,12,12,12,12,12,12,12,12,12,12,12,12,12],"floor_reached":37,"playtime":2238,"items_purged":["Doubt","Strike_B"],"score":414,"play_id":"09d611bb-6bb8-4a66-ad11-68209e49a4ed","local_time":"20190113151317","is_ascension_mode":false,"campfire_choices":[{"data":"Double Energy","floor":6.0,"key":"SMITH"},{"data":"Redo","floor":8.0,"key":"SMITH"},{"floor":12.0,"key":"REST"},{"data":"Electrodynamics","floor":15.0,"key":"SMITH"},{"floor":23.0,"key":"REST"},{"data":"Capacitor","floor":25.0,"key":"SMITH"},{"data":"Loop","floor":27.0,"key":"SMITH"},{"floor":32.0,"key":"REST"}],"neow_cost":"NONE","seed_source_timestamp":0,"circlet_count":0,"master_deck":["Strike_B","Defend_B+1","Defend_B","Defend_B","Zap","Fusion+1","Melter+1","Beam Cell+1","Loop+1","Double Energy+1","Redo+1","Conserve Battery","Electrodynamics+1","Multi-Cast","Ball Lightning","Tempest","Capacitor+1","Echo Form","Amplify","Skim+1"],"special_seed":0,"relics":["Astrolabe","PreservedInsect","Question Card","Meat on the Bone","Ectoplasm","Anchor","Shuriken","Molten Egg 2","Tiny House"],"potions_floor_usage":[35],"damage_taken":[{"damage":7.0,"enemies":"Small Slimes","floor":1.0,"turns":4.0},{"damage":11.0,"enemies":"Jaw Worm","floor":3.0,"turns":2.0},{"damage":14.0,"enemies":"Gremlin Nob","floor":11.0,"turns":3.0},{"damage":7.0,"enemies":"2 Louse","floor":13.0,"turns":3.0},{"damage":11.0,"enemies":"Exordium Thugs","floor":14.0,"turns":3.0},{"damage":22.0,"enemies":"Slime Boss","floor":16.0,"turns":7.0},{"damage":20.0,"enemies":"2 Thieves","floor":18.0,"turns":2.0},{"damage":12.0,"enemies":"Shell Parasite","floor":20.0,"turns":4.0},{"damage":13.0,"enemies":"Snecko","floor":22.0,"turns":4.0},{"damage":0.0,"enemies":"3 Cultists","floor":24.0,"turns":2.0},{"damage":20.0,"enemies":"Gremlin Leader","floor":28.0,"turns":6.0},{"damage":0.0,"enemies":"Centurion and Healer","floor":29.0,"turns":3.0},{"damage":25.0,"enemies":"Snecko","floor":30.0,"turns":4.0},{"damage":47.0,"enemies":"Collector","floor":33.0,"turns":6.0},{"damage":14,"enemies":"Orb Walker","floor":35,"turns":4},{"damage":23,"enemies":"3 Darklings","floor":36,"turns":5},{"damage":59,"enemies":"Writhing Mass","floor":37,"turns":5}],"seed_played":"239164507137061666","potions_obtained":[{"floor":1.0,"key":"FocusPotion"},{"floor":3.0,"key":"GamblersBrew"},{"floor":14.0,"key":"GamblersBrew"},{"floor":18.0,"key":"LiquidBronze"},{"floor":20.0,"key":"PowerPotion"},{"floor":24.0,"key":"Regen Potion"},{"floor":34.0,"key":"Fruit Juice"}],"is_trial":false,"path_per_floor":["M","?","M","?","T","R","$","R","T","?","E","R","M","M","R","B",null,"M","?","M","$","M","R","M","R","T","R","E","M","M","$","R","B",null,"M","M","M"],"character_chosen":"DEFECT","items_purchased":["Redo","Regen Potion","Tempest","Anchor"],"campfire_rested":3,"item_purchase_floors":[7,7,21,21],"current_hp_per_floor":[68,73,62,62,62,62,62,62,62,62,48,72,65,59,59,49,80,60,60,48,48,47,71,71,71,71,71,51,51,38,38,62,42,85,76,53,0],"gold":12,"neow_bonus":"BOSS_RELIC","is_prod":false,"is_daily":false,"chose_seed":false,"campfire_upgraded":5,"win_rate":0.0,"timestamp":1547410397,"path_taken":["M","?","M","?","?","R","?","R","T","?","E","R","M","M","R","BOSS","M","?","M","?","M","R","M","R","T","R","E","?","?","$","R","BOSS","M","M","?"],"build_version":"2019-01-10","purchased_purges":2,"victory":false,"max_hp_per_floor":[75,80,80,80,80,80,80,80,80,80,80,80,80,80,80,80,80,80,80,80,80,80,80,80,80,80,80,80,80,80,80,80,80,85,90,90,90],"card_choices":[{"not_picked":["Streamline","Hologram"],"picked":"Loop","floor":1.0},{"not_picked":["Compile Driver","Consume"],"picked":"Double Energy","floor":3.0},{"not_picked":["Ball Lightning","Go for the Eyes","Auto Shields"],"picked":"Conserve Battery","floor":11.0},{"not_picked":["Sweeping Beam","Gash","BootSequence"],"picked":"Electrodynamics","floor":13.0},{"not_picked":["Auto Shields","Gash","Hologram","Rebound"],"picked":"SKIP","floor":14.0},{"not_picked":["Thunder Strike","Reboot","Electrodynamics"],"picked":"Multi-Cast","floor":16.0},{"not_picked":["Streamline","Conserve Battery+1","Stack+1","Leap"],"picked":"SKIP","floor":18.0},{"not_picked":["Rebound","Sweeping Beam","Rip and Tear"],"picked":"Ball Lightning","floor":20.0},{"not_picked":["Double Energy","Gash","Blizzard+1","Chill+1"],"picked":"SKIP","floor":22.0},{"not_picked":["Glacier","Ball Lightning","Barrage+1"],"picked":"Capacitor","floor":24.0},{"not_picked":["Beam Cell+1","Chaos","FTL","Stack"],"picked":"SKIP","floor":28.0},{"not_picked":["Cold Snap+1","Redo","Stack"],"picked":"Echo Form","floor":29.0},{"not_picked":["Steam","Coolheaded+1","Consume","Double Energy"],"picked":"SKIP","floor":30.0},{"not_picked":["Machine Learning","Fission","Rainbow"],"picked":"Amplify","floor":33.0},{"not_picked":["Conserve Battery","Cold Snap+1","White Noise","Rebound+1"],"picked":"SKIP","floor":35},{"not_picked":["Compile Driver+1","Hologram+1","Gash+1"],"picked":"Skim+1","floor":36}],"player_experience":53984,"relics_obtained":[{"floor":5.0,"key":"PreservedInsect"},{"floor":9.0,"key":"Question Card"},{"floor":11.0,"key":"Meat on the Bone"},{"floor":26.0,"key":"Shuriken"},{"floor":28.0,"key":"Molten Egg 2"}],"event_choices":[{"damage_healed":0.0,"max_hp_gain":5.0,"max_hp_loss":0.0,"gold_gain":0.0,"event_name":"Big Fish","player_choice":"Donut","floor":2.0,"gold_loss":0.0,"damage_taken":0.0},{"damage_healed":0.0,"max_hp_gain":0.0,"max_hp_loss":0.0,"gold_gain":175.0,"event_name":"Liars Game","player_choice":"AGREE","floor":4.0,"gold_loss":0.0,"damage_taken":0.0,"cards_obtained":["Doubt"]},{"damage_healed":0.0,"max_hp_gain":0.0,"max_hp_loss":0.0,"gold_gain":65.0,"event_name":"Golden Wing","player_choice":"Gained Gold","floor":10.0,"gold_loss":0.0,"damage_taken":0.0},{"cards_removed":["Strike_B"],"damage_healed":0.0,"max_hp_gain":0.0,"max_hp_loss":0.0,"gold_gain":0.0,"event_name":"Purifier","player_choice":"Purged","floor":19.0,"gold_loss":0.0,"damage_taken":0.0}],"is_beta":false,"boss_relics":[{"not_picked":["Philosopher\u0027s Stone","Black Star"],"picked":"Ectoplasm"},{"not_picked":["Coffee Dripper","Sozu"],"picked":"Tiny House"}],"items_purged_floors":[7,21],"is_endless":false,"potions_floor_spawned":[1,3,14,18,20,24,30],"killed_by":"Writhing Mass","ascension_level":0}