{"path_per_floor":["M","M","?","$","?","E","R","E","T","M","M","R","M","M","R","B",null,"M","?","?","M","$","E","R","M","T","M","R","$","M","E","R","B",null,"M","M","M","T","M","R","?","?","T","M","R","M","M"],"character_chosen":"IRONCLAD","items_purchased":["Battle Trance","Dropkick","Flame Barrier"],"gold_per_floor":[116,135,135,19,19,47,47,73,127,146,165,165,185,200,200,302,302,302,302,302,227,152,152,152,152,152,152,152,18,18,18,18,18,18,18,18,18,18,18,18,18,18,18,18,18,18,18],"floor_reached":48,"campfire_rested":5,"playtime":3007,"current_hp_per_floor":[80,80,80,80,62,68,68,84,84,85,79,79,83,81,81,89,94,64,64,45,31,31,27,56,53,53,48,77,77,68,70,99,47,99,93,88,74,74,30,59,42,42,42,12,41,28,22],"items_purged":["Strike_R","Defend_R"],"gold":18,"score":536,"play_id":"128db1e0-78a7-4128-978f-8541c606825d","local_time":"20180310180953","is_prod":false,"is_daily":false,"is_ascension_mode":false,"campfire_upgraded":3,"timestamp":1520723393,"path_taken":["M","M","?","$","?","E","R","E","T","M","M","R","?","?","R","BOSS","M","?","?","M","$","E","R","M","T","M","R","$","?","E","R","BOSS","M","M","?","?","M","R","?","?","T","?","R","M","?","M"],"build_version":"2018-03-09","purchased_purges":2,"victory":false,"master_deck":["Strike_R","Strike_R","Strike_R","Bash","Armaments+1","Shockwave","Battle Trance+1","Dropkick","Headbutt","Flex","Seeing Red","Thunderclap+1","Demon Form","Pummel+1","Offering","Cleave+1","Inflame+1","Flame Barrier+1","Shrug It Off+1","Rampage","Sever Soul+1","Evolve+1","Cleave+1","Corruption+1","Searing Blow+1","Sword Boomerang+1","Heavy Blade+1","Warcry+1","Offering+1","Headbutt+1","Power Through+1"],"max_hp_per_floor":[80,80,80,80,80,80,80,94,94,94,94,94,94,94,94,94,94,94,94,99,99,99,99,99,99,99,99,99,99,99,99,99,99,99,99,99,99,99,99,99,99,99,99,99,99,99,99],"relics":["Burning Blood","NeowsBlessing","Pantograph","Orichalcum","Mango","Ancient Tea Set","Ectoplasm","The Courier","Toxic Egg 2","Oddly Smooth Stone","Astrolabe","Omamori","Ice Cream","Girya"],"card_choices":[{"not_picked":["Anger","Corruption"],"picked":"Armaments"},{"not_picked":["Infernal Blade","Dual Wield"],"picked":"Shockwave"},{"not_picked":["Clothesline","Flame Barrier"],"picked":"Headbutt"},{"not_picked":["Carnage","Iron Wave"],"picked":"Flex"},{"not_picked":["Warcry","Bloodletting"],"picked":"Seeing Red"},{"not_picked":["Havoc","Anger"],"picked":"Thunderclap"},{"not_picked":["Berserk","Feed"],"picked":"Demon Form"},{"not_picked":["Bloodletting","Anger"],"picked":"Pummel"},{"not_picked":["Perfected Strike","Iron Wave"],"picked":"Offering"},{"not_picked":["Intimidate","Corruption"],"picked":"Cleave"},{"not_picked":["Armaments","Pommel Strike"],"picked":"Inflame"},{"not_picked":["Body Slam","True Grit"],"picked":"Shrug It Off"},{"not_picked":["Clash","Feel No Pain"],"picked":"Rampage"},{"not_picked":["Bloodletting","Twin Strike"],"picked":"Corruption"},{"not_picked":["Entrench","Carnage"],"picked":"Searing Blow"},{"not_picked":["Iron Wave","Carnage"],"picked":"Sword Boomerang"},{"not_picked":["Pommel Strike","Anger"],"picked":"Heavy Blade"},{"not_picked":["Spot Weakness","Armaments"],"picked":"Warcry"},{"not_picked":["Entrench","True Grit"],"picked":"Headbutt"},{"not_picked":["Cleave","Iron Wave"],"picked":"Power Through"}],"player_experience":515902,"potions_floor_usage":[14,16,23,23,31,33,35],"damage_taken":[{"damage":0,"enemies":"Small Slimes","floor":1,"turns":1},{"damage":0,"enemies":"Jaw Worm","floor":2,"turns":1},{"damage":0,"enemies":"3 Sentries","floor":6,"turns":1},{"damage":4,"enemies":"Gremlin Nob","floor":8,"turns":4},{"damage":5,"enemies":"Cultist","floor":10,"turns":4},{"damage":12,"enemies":"Looter","floor":11,"turns":4},{"damage":2,"enemies":"Large Slime","floor":13,"turns":6},{"damage":8,"enemies":"Lots of Slimes","floor":14,"turns":4},{"damage":11,"enemies":"Slime Boss","floor":16,"turns":7},{"damage":36,"enemies":"3 Byrds","floor":18,"turns":5},{"damage":20,"enemies":"2 Thieves","floor":21,"turns":4},{"damage":22,"enemies":"Book of Stabbing","floor":23,"turns":5},{"damage":9,"enemies":"Chosen and Byrds","floor":25,"turns":6},{"damage":11,"enemies":"Snecko","floor":27,"turns":5},{"damage":15,"enemies":"Centurion and Healer","floor":30,"turns":4},{"damage":4,"enemies":"Gremlin Leader","floor":31,"turns":3},{"damage":58,"enemies":"Automaton","floor":33,"turns":7},{"damage":12,"enemies":"3 Darklings","floor":35,"turns":5},{"damage":11,"enemies":"Orb Walker","floor":36,"turns":3},{"damage":20,"enemies":"Sphere and 2 Shapes","floor":37,"turns":4},{"damage":50,"enemies":"4 Shapes","floor":39,"turns":5},{"damage":23,"enemies":"Mysterious Sphere","floor":41,"turns":4},{"damage":36,"enemies":"3 Darklings","floor":44,"turns":5},{"damage":19,"enemies":"Maw","floor":46,"turns":6},{"damage":12,"enemies":"4 Shapes","floor":47,"turns":6},{"damage":25,"enemies":"Sphere and 2 Shapes","floor":48,"turns":3}],"event_choices":[{"event_name":"Liars Game","player_choice":"disagreed","floor":3,"damage_taken":0},{"event_name":"Scrap Ooze","player_choice":"success","floor":5,"damage_taken":18},{"event_name":"Purifier","player_choice":"One Purge","floor":19,"damage_taken":0},{"event_name":"Forgotten Altar","player_choice":"Shed Blood","floor":20,"damage_taken":0},{"event_name":"Mysterious Sphere","player_choice":"Fight","floor":41,"damage_taken":0},{"event_name":"Duplicator","player_choice":"One dupe","floor":42,"damage_taken":0}],"boss_relics":[{"not_picked":["Runic Dome","Philosopher\u0027s Stone"],"picked":"Ectoplasm"},{"not_picked":["Runic Cube","Velvet Choker"],"picked":"Astrolabe"}],"potions_floor_spawned":[2,6,10,11,13,21,25,27,33,39,46],"seed_played":"282035499768164895","killed_by":"Sphere and 2 Shapes","ascension_level":0,"is_trial":false}