{"path_per_floor":["M","M","T","?","?","E","R","E","T","?","E","R","M","M","R","B",null,"M","?","M","?","$","R"],"character_chosen":"IRONCLAD","items_purchased":["Whetstone","Apotheosis","Metallicize"],"gold_per_floor":[111,125,125,125,85,112,112,145,171,171,505,505,523,538,538,662,700,723,723,738,638,262,262],"floor_reached":24,"campfire_rested":1,"playtime":866,"current_hp_per_floor":[73,74,74,79,79,78,78,33,33,33,30,59,67,70,70,34,104,71,104,58,58,58,58],"items_purged":[],"gold":262,"score":237,"play_id":"e69c47f7-5d9c-4471-b665-09aa0cbedf0d","local_time":"20180314225521","is_prod":false,"is_daily":false,"is_ascension_mode":false,"campfire_upgraded":3,"timestamp":1521082521,"path_taken":["M","M","?","?","?","E","R","E","T","?","E","R","M","M","R","BOSS","M","?","M","?","$","R","E"],"build_version":"2018-03-09","purchased_purges":0,"victory":false,"master_deck":["Strike_R","Strike_R","Strike_R+1","Strike_R","Strike_R","Defend_R","Defend_R","Defend_R","Defend_R","Bash","Cleave","Power Through","Searing Blow+4","Immolate","Flex","Fiend Fire+1","Feed","True Grit","Flex","J.A.X.","Apotheosis","Metallicize"],"max_hp_per_floor":[80,80,80,85,85,99,99,99,99,99,99,99,99,99,99,99,104,104,104,104,104,104,104],"relics":["Burning Blood","Ancient Tea Set","Red Skull","Mango","Omamori","Blood Vial","Golden Idol","Old Coin","Tiny House","Whetstone"],"card_choices":[{"not_picked":["Sever Soul","Wild Strike"],"picked":"Cleave"},{"not_picked":["Anger","Cleave"],"picked":"Power Through"},{"not_picked":["Entrench","Pommel Strike"],"picked":"Searing Blow"},{"not_picked":["True Grit","Perfected Strike"],"picked":"Immolate"},{"not_picked":["Bloodletting","Twin Strike"],"picked":"Flex"},{"not_picked":["True Grit","Bloodletting"],"picked":"Fiend Fire"},{"not_picked":["Fiend Fire","Immolate"],"picked":"Feed"},{"not_picked":["Clothesline","Shrug It Off"],"picked":"True Grit"},{"not_picked":["Clothesline","Heavy Blade"],"picked":"Flex"}],"player_experience":563404,"potions_floor_usage":[6,6,16,20,24,24],"damage_taken":[{"damage":13,"enemies":"Cultist","floor":1,"turns":6},{"damage":5,"enemies":"2 Louse","floor":2,"turns":3},{"damage":21,"enemies":"Lagavulin","floor":6,"turns":7},{"damage":51,"enemies":"Gremlin Nob","floor":8,"turns":5},{"damage":11,"enemies":"3 Sentries","floor":11,"turns":4},{"damage":0,"enemies":"Jaw Worm","floor":13,"turns":3},{"damage":5,"enemies":"Looter","floor":14,"turns":3},{"damage":44,"enemies":"Slime Boss","floor":16,"turns":12},{"damage":39,"enemies":"Shell Parasite","floor":18,"turns":8},{"damage":52,"enemies":"Chosen","floor":20,"turns":7},{"damage":82,"enemies":"Gremlin Leader","floor":24,"turns":7}],"event_choices":[{"event_name":"Big Fish","player_choice":"Donut","floor":4,"damage_taken":0},{"event_name":"The Woman in Blue","player_choice":"Bought 3 Potions","floor":5,"damage_taken":0},{"event_name":"Golden Idol","player_choice":"Take Wound","floor":10,"damage_taken":0},{"event_name":"The Library","player_choice":"Heal","floor":19,"damage_taken":0},{"event_name":"Drug Dealer","player_choice":"Got JAXXED","floor":21,"damage_taken":0}],"boss_relics":[{"not_picked":["Runic Pyramid","Snecko Eye"],"picked":"Tiny House"}],"potions_floor_spawned":[8,11,13,18],"seed_played":"2303795515054158733","killed_by":"Gremlin Leader","ascension_level":0,"is_trial":false}