{"path_per_floor":["M","M","M","M","M","R","E","$","T","M","R","M","?","M","R","B",null,"M","?","M","M","?","R","$","R","T","M","M","E","R","?","R"],"character_chosen":"IRONCLAD","items_purchased":["True Grit","Armaments","Pantograph","Feel No Pain"],"gold_per_floor":[118,138,150,161,178,178,505,191,191,207,207,220,220,236,236,339,339,353,353,370,384,284,284,216,216,241,257,277,304,304,304,304,304],"floor_reached":33,"campfire_rested":6,"playtime":1741,"current_hp_per_floor":[77,72,72,61,61,61,40,40,40,36,60,60,53,52,76,34,80,29,55,50,25,25,49,49,73,73,65,48,34,58,58,80,0],"items_purged":[],"gold":304,"score":271,"play_id":"1ceafcd6-0953-4a08-9e9a-b12bc93d576e","local_time":"20180324034031","is_prod":false,"is_daily":false,"is_ascension_mode":false,"campfire_upgraded":1,"timestamp":1521877231,"path_taken":["M","M","M","M","?","R","E","$","T","M","R","M","?","M","R","BOSS","M","?","M","M","?","R","$","R","T","M","?","E","R","?","R","BOSS"],"build_version":"2018-03-22v2","purchased_purges":2,"victory":false,"master_deck":["Strike_R","Strike_R","Strike_R","Strike_R","Defend_R","Defend_R","Defend_R","Defend_R","Bash","Evolve","Warcry","Thunderclap","Power Through+1","Body Slam","Dropkick","True Grit","Armaments","Body Slam","Iron Wave","Entrench","Double Tap","Shrug It Off","Body Slam+1","Battle Trance","J.A.X.","Feel No Pain","Pain","Sentinel","Headbutt","Cleave","Writhe"],"max_hp_per_floor":[80,80,80,80,80,80,80,80,80,80,80,80,80,80,80,80,80,80,80,80,80,80,80,80,80,80,80,80,80,80,80,80,80],"relics":["Mark of Pain","Old Coin","Pantograph","Gambling Chip","Cursed Key","Bag of Marbles","Toxic Egg 2","Girya"],"card_choices":[{"not_picked":["Rage","Perfected Strike"],"picked":"Evolve","floor":1},{"not_picked":["Anger","Clash"],"picked":"Warcry","floor":2},{"not_picked":["Flex","Perfected Strike"],"picked":"Thunderclap","floor":3},{"not_picked":["Rupture","Pummel"],"picked":"Power Through","floor":4},{"not_picked":["Inflame","Seeing Red"],"picked":"Body Slam","floor":5},{"not_picked":["Flame Barrier","Demon Form"],"picked":"Dropkick","floor":7},{"not_picked":["Anger","Dropkick"],"picked":"Body Slam","floor":10},{"not_picked":["Heavy Blade","Havoc"],"picked":"Iron Wave","floor":12},{"not_picked":["Rupture","Shrug It Off"],"picked":"Entrench","floor":14},{"not_picked":["Berserk","Dark Embrace"],"picked":"Double Tap","floor":16},{"not_picked":["Seeing Red","Twin Strike"],"picked":"Shrug It Off","floor":18},{"not_picked":["Intimidate","Seeing Red"],"picked":"Body Slam","floor":20},{"not_picked":["Sword Boomerang","Warcry"],"picked":"Battle Trance","floor":21},{"not_picked":["Blood for Blood","Body Slam"],"picked":"Sentinel","floor":27},{"not_picked":["Heavy Blade","Anger"],"picked":"Headbutt","floor":28},{"not_picked":["Carnage","Pommel Strike"],"picked":"Cleave","floor":29}],"player_experience":672107,"potions_floor_usage":[10,14,16,18,28,33,33,33],"damage_taken":[{"damage":3,"enemies":"Cultist","floor":1,"turns":5},{"damage":5,"enemies":"Jaw Worm","floor":2,"turns":4},{"damage":0,"enemies":"Small Slimes","floor":3,"turns":2},{"damage":11,"enemies":"Blue Slaver","floor":4,"turns":4},{"damage":0,"enemies":"Red Slaver","floor":5,"turns":4},{"damage":21,"enemies":"Gremlin Nob","floor":7,"turns":5},{"damage":4,"enemies":"Exordium Wildlife","floor":10,"turns":2},{"damage":0,"enemies":"2 Fungi Beasts","floor":12,"turns":3},{"damage":1,"enemies":"3 Louse","floor":14,"turns":2},{"damage":46,"enemies":"The Guardian","floor":16,"turns":12},{"damage":51,"enemies":"Chosen","floor":18,"turns":8},{"damage":5,"enemies":"2 Thieves","floor":20,"turns":5},{"damage":25,"enemies":"Snecko","floor":21,"turns":8},{"damage":8,"enemies":"Centurion and Healer","floor":27,"turns":5},{"damage":17,"enemies":"Slaver and Parasite","floor":28,"turns":6},{"damage":14,"enemies":"Book of Stabbing","floor":29,"turns":4},{"damage":83,"enemies":"Champ","floor":33,"turns":13}],"event_choices":[{"event_name":"Golden Wing","player_choice":"Card Removal","floor":13,"damage_taken":0},{"event_name":"The Library","player_choice":"Heal","floor":19,"damage_taken":0},{"event_name":"Drug Dealer","player_choice":"Got JAXXED","floor":22,"damage_taken":0},{"event_name":"The Mausoleum","player_choice":"Yes","floor":31,"damage_taken":0}],"boss_relics":[{"not_picked":["Orrery","Ectoplasm"],"picked":"Cursed Key"}],"potions_floor_spawned":[1,2,12,14,16,20,27,29],"seed_played":"-3698354212860523479","killed_by":"Champ","ascension_level":0,"is_trial":false}