{"path_per_floor":["M","?","M","M","M","E","M","E","T","?","R","?","M","?","R","B",null,"M","$","?","M","M"],"character_chosen":"IRONCLAD","items_purchased":["Body Slam","Master of Strategy","Metallicize"],"gold_per_floor":[15,15,31,49,64,89,100,132,185,185,185,185,200,260,260,355,355,374,51,51,66,81,81],"floor_reached":23,"campfire_rested":1,"playtime":1356,"current_hp_per_floor":[71,71,71,71,66,53,55,35,35,28,52,52,58,50,50,15,64,64,64,64,63,35,0],"items_purged":[],"gold":81,"score":254,"play_id":"7114d953-89f3-485f-8d7e-9817c8795598","local_time":"20180414150942","is_prod":false,"is_daily":false,"chose_seed":false,"is_ascension_mode":true,"campfire_upgraded":1,"timestamp":1523732982,"path_taken":["M","?","M","M","M","E","M","E","T","?","R","?","M","?","R","BOSS","M","$","?","M","M","E"],"build_version":"2018-04-13","seed_source_timestamp":0,"purchased_purges":0,"victory":false,"master_deck":["Strike_R","Strike_R","Strike_R","Strike_R","Strike_R","Defend_R","Defend_R","Defend_R","Defend_R","Bash","Offering+1","Twin Strike","Feel No Pain+1","True Grit","Corruption+1","Metallicize+1","Shrug It Off","Shrug It Off+1","Feel No Pain+1","Dual Wield","Dark Embrace+1","Second Wind","Body Slam","Master of Strategy","Metallicize+1","Metallicize+1","Spot Weakness"],"max_hp_per_floor":[80,80,80,80,80,80,80,80,80,80,80,80,80,80,80,80,80,80,80,80,80,80,80],"relics":["Burning Blood","Frozen Egg 2","Dead Branch","Omamori","Art of War","Pen Nib","Snecko Eye","War Paint"],"card_choices":[{"not_picked":["Reaper","Impervious"],"picked":"Offering","floor":0.0},{"not_picked":["Flex","Iron Wave"],"picked":"Twin Strike","floor":1.0},{"not_picked":["Headbutt","Immolate"],"picked":"Feel No Pain","floor":3.0},{"not_picked":["Ghostly Armor","Flame Barrier"],"picked":"True Grit","floor":4.0},{"not_picked":["Clash","Twin Strike"],"picked":"Corruption","floor":5.0},{"not_picked":["Corruption","Sentinel"],"picked":"Metallicize","floor":6.0},{"not_picked":["Bloodletting","Twin Strike"],"picked":"Shrug It Off","floor":7.0},{"not_picked":["Clothesline","Dropkick"],"picked":"Shrug It Off","floor":8.0},{"not_picked":["Clothesline","Shrug It Off"],"picked":"Feel No Pain","floor":13.0},{"not_picked":["Havoc","Thunderclap"],"picked":"Dual Wield","floor":14.0},{"not_picked":["Demon Form","Barricade"],"picked":"Dark Embrace","floor":16.0},{"not_picked":["Cleave","Thunderclap"],"picked":"Second Wind","floor":18},{"not_picked":["Blood for Blood","Reckless Charge"],"picked":"Metallicize","floor":21},{"not_picked":["Clothesline","Pommel Strike"],"picked":"Spot Weakness","floor":22}],"player_experience":175188,"potions_floor_usage":[23,23,23],"damage_taken":[{"damage":15.0,"enemies":"2 Louse","floor":1.0,"turns":3.0},{"damage":6.0,"enemies":"Jaw Worm","floor":3.0,"turns":3.0},{"damage":6.0,"enemies":"Small Slimes","floor":4.0,"turns":3.0},{"damage":11.0,"enemies":"3 Louse","floor":5.0,"turns":3.0},{"damage":19.0,"enemies":"3 Sentries","floor":6.0,"turns":9.0},{"damage":4.0,"enemies":"Blue Slaver","floor":7.0,"turns":4.0},{"damage":26.0,"enemies":"Gremlin Nob","floor":8.0,"turns":5.0},{"damage":0.0,"enemies":"Exordium Wildlife","floor":13.0,"turns":4.0},{"damage":14.0,"enemies":"Lagavulin Event","floor":14.0,"turns":7.0},{"damage":41.0,"enemies":"Slime Boss","floor":16.0,"turns":7.0},{"damage":6,"enemies":"Chosen","floor":18,"turns":5},{"damage":7,"enemies":"3 Byrds","floor":21,"turns":5},{"damage":34,"enemies":"Slaver and Parasite","floor":22,"turns":4},{"damage":35,"enemies":"Slavers","floor":23,"turns":3}],"event_choices":[{"event_name":"Liars Game","player_choice":"disagreed","floor":2.0,"damage_taken":0.0},{"event_name":"Scrap Ooze","player_choice":"success","floor":10.0,"damage_taken":7.0},{"event_name":"Upgrade Shrine","player_choice":"Upgraded","floor":12.0,"damage_taken":0.0},{"event_name":"Dead Adventurer","player_choice":"Searched \u00271\u0027 times","floor":14.0,"damage_taken":0.0},{"event_name":"The Mausoleum","player_choice":"Yes","floor":20,"damage_taken":0}],"boss_relics":[{"not_picked":["Pandora\u0027s Box","White Beast Statue"],"picked":"Snecko Eye"}],"potions_floor_spawned":[3,6,7,8,13,14,18,22],"seed_played":"-4004103668311524852","killed_by":"Slavers","ascension_level":5,"is_trial":false}