{"gold_per_floor":[113,113,80,100,74,100,100,126,174,207,237,265,293,67,67,167,167,185,199,231,244,3,3,3,36,61,86,112,146,146,178,178,281,281,292,292,30,42,42,71,97,125,149,149,178,192,226,260,260,260],"floor_reached":51,"playtime":4611,"items_purged":[],"score":1208,"play_id":"c1547385-04cf-43e9-9802-9e81b48059c6","local_time":"20181209142210","daily_mods":["Draft","Diverse","Heirloom","Flight","DeadlyEvents","Elite Swarm"],"is_ascension_mode":true,"campfire_choices":[{"data":"Echo Form","floor":7,"key":"SMITH"},{"floor":15,"key":"REST"},{"floor":23,"key":"REST"},{"floor":24,"key":"REST"},{"floor":30,"key":"REST"},{"floor":32,"key":"REST"},{"floor":44,"key":"REST"},{"floor":49,"key":"REST"}],"neow_cost":"","seed_source_timestamp":2050402381162044,"circlet_count":0,"master_deck":["Demon Form","Wraith Form v2","Echo Form+1","Armaments","PiercingWail","Ball Lightning","Ball Lightning","Streamline","Dagger Throw","Heavy Blade","Crippling Poison","Feel No Pain","Reinforced Body","Twin Strike","Backflip","Go for the Eyes","True Grit","Steam","Well Laid Plans","True Grit","Malaise","Glass Knife","Tools of the Trade","Night Terror","Buffer","Feel No Pain","Barricade","Conserve Battery+1","After Image","Turbo","Creative AI","Impervious","Core Surge","Madness","Madness","Entrench","Capacitor","Limit Break","Seek","Offering"],"relics":["Ring of the Snake","Nunchaku","Dream Catcher","Singing Bowl","Strawberry","Ancient Tea Set","Gambling Chip","Potion Belt","Turnip","Boot","Busted Crown","Art of War","Medical Kit","PreservedInsect","Smiling Mask","Pocketwatch","Letter Opener","Bottled Lightning","Omamori","Eternal Feather","Bronze Scales","Centennial Puzzle","Frozen Egg 2","Dead Branch","Regal Pillow","Vajra","Shuriken","Snake Skull"],"potions_floor_usage":[11,25,27,33,33,45,50,50,50,50],"damage_taken":[{"damage":2,"enemies":"2 Louse","floor":1,"turns":3},{"damage":1,"enemies":"Cultist","floor":4,"turns":3},{"damage":1,"enemies":"Lagavulin","floor":6,"turns":6},{"damage":29,"enemies":"3 Sentries","floor":8,"turns":6},{"damage":9,"enemies":"Lagavulin","floor":10,"turns":8},{"damage":1,"enemies":"Gremlin Nob","floor":11,"turns":4},{"damage":12,"enemies":"3 Sentries","floor":12,"turns":6},{"damage":15,"enemies":"Gremlin Nob","floor":13,"turns":5},{"damage":8,"enemies":"Hexaghost","floor":16,"turns":7},{"damage":1,"enemies":"Chosen","floor":18,"turns":12},{"damage":24,"enemies":"3 Byrds","floor":19,"turns":5},{"damage":28,"enemies":"Slavers","floor":20,"turns":6},{"damage":6,"enemies":"Cultist and Chosen","floor":21,"turns":8},{"damage":7,"enemies":"Book of Stabbing","floor":25,"turns":5},{"damage":5,"enemies":"Slavers","floor":27,"turns":5},{"damage":13,"enemies":"Book of Stabbing","floor":28,"turns":7},{"damage":6,"enemies":"Gremlin Leader","floor":29,"turns":7},{"damage":58,"enemies":"Slavers","floor":31,"turns":5},{"damage":0,"enemies":"Collector","floor":33,"turns":10},{"damage":0,"enemies":"3 Darklings","floor":35,"turns":9},{"damage":16,"enemies":"3 Shapes","floor":38,"turns":7},{"damage":8,"enemies":"Giant Head","floor":40,"turns":12},{"damage":9,"enemies":"Reptomancer","floor":41,"turns":6},{"damage":0,"enemies":"Nemesis","floor":42,"turns":5},{"damage":20,"enemies":"Giant Head","floor":45,"turns":10},{"damage":38,"enemies":"Jaw Worm Horde","floor":46,"turns":6},{"damage":39,"enemies":"Reptomancer","floor":47,"turns":7},{"damage":4,"enemies":"Nemesis","floor":48,"turns":9},{"damage":30,"enemies":"Donu and Deca","floor":50,"turns":8}],"seed_played":"7614331795327016004","potions_obtained":[{"floor":1,"key":"Strength Potion"},{"floor":6,"key":"Fire Potion"},{"floor":8,"key":"Ancient Potion"},{"floor":11,"key":"Strength Potion"},{"floor":19,"key":"Swift Potion"},{"floor":21,"key":"SkillPotion"},{"floor":28,"key":"EssenceOfSteel"},{"floor":31,"key":"Strength Potion"},{"floor":38,"key":"Dexterity Potion"},{"floor":41,"key":"FearPotion"},{"floor":45,"key":"SteroidPotion"},{"floor":48,"key":"Fruit Juice"}],"is_trial":true,"path_per_floor":["M","?","$","M","$","E","R","E","T","E","E","E","E","$","R","B",null,"M","M","E","M","$","R","R","E","T","E","E","E","R","E","R","B",null,"M","?","$","M","?","E","E","E","T","R","E","M","E","E","R","B",null],"character_chosen":"THE_SILENT","items_purchased":["Well Laid Plans","True Grit","Feel No Pain","Boot","Medical Kit","Turbo","Bronze Scales","Entrench","Capacitor"],"campfire_rested":7,"item_purchase_floors":[3,5,14,14,22,22,37,37,37],"current_hp_per_floor":[68,68,68,67,67,66,66,37,44,35,36,24,9,9,34,26,81,82,58,30,26,26,53,81,76,76,73,60,56,86,28,59,59,99,101,88,88,74,74,68,59,61,61,109,89,53,16,12,86,61],"gold":260,"neow_bonus":"","is_prod":false,"is_daily":false,"chose_seed":false,"campfire_upgraded":1,"win_rate":0,"timestamp":1544383330,"path_taken":["M","?","?","?","?","E","R","E","T","E","E","E","E","$","R","BOSS","M","?","?","?","$","R","R","E","T","E","?","E","R","E","R","BOSS","M","?","$","?","?","E","E","E","T","R","E","?","E","E","R","BOSS"],"build_version":"2018-12-06","purchased_purges":0,"victory":true,"max_hp_per_floor":[70,70,70,70,70,70,70,70,77,77,79,79,79,79,81,81,81,83,83,83,85,85,87,89,91,91,93,93,95,97,97,99,99,99,101,101,101,103,103,105,105,107,107,109,109,111,113,113,115,120],"card_choices":[{"not_picked":["Chaos","Leap"],"picked":"Armaments","floor":0},{"not_picked":["Slice","Rage"],"picked":"PiercingWail","floor":0},{"not_picked":["Finisher","Clash"],"picked":"Ball Lightning","floor":0},{"not_picked":["FTL","Bane"],"picked":"Riddle With Holes","floor":0},{"not_picked":["Recycle","Gash"],"picked":"Ball Lightning","floor":0},{"not_picked":["Perfected Strike","Heavy Blade"],"picked":"Streamline","floor":0},{"not_picked":["Quick Slash","Seeing Red"],"picked":"Dagger Throw","floor":0},{"not_picked":["Underhanded Strike","Evolve"],"picked":"Heavy Blade","floor":0},{"not_picked":["Anger","Rebound"],"picked":"Crippling Poison","floor":0},{"not_picked":["Outmaneuver","Steam Power"],"picked":"Feel No Pain","floor":0},{"not_picked":["Turbo","Static Discharge"],"picked":"Reinforced Body","floor":0},{"not_picked":["Riddle With Holes","Hemokinesis"],"picked":"Twin Strike","floor":0},{"not_picked":["Blizzard","Outmaneuver"],"picked":"Backflip","floor":0},{"not_picked":["Dual Wield","Dagger Throw"],"picked":"Go for the Eyes","floor":0},{"not_picked":["Chaos","Tactician"],"picked":"True Grit","floor":0},{"not_picked":["Expertise","Clothesline"],"picked":"Steam","floor":1},{"not_picked":["Dagger Throw","Twin Strike","Havoc"],"picked":"SKIP","floor":4},{"not_picked":["Exhume","Bullet Time"],"picked":"Malaise","floor":6},{"not_picked":["Malaise","Venomology"],"picked":"Glass Knife","floor":8},{"not_picked":["Die Die Die","Impervious"],"picked":"Tools of the Trade","floor":10},{"not_picked":["A Thousand Cuts","Double Tap","Envenom"],"picked":"Singing Bowl","floor":11},{"not_picked":["Storm of Steel","Barricade"],"picked":"Night Terror","floor":12},{"not_picked":["Meteor Strike","Dark Embrace"],"picked":"Buffer","floor":13},{"not_picked":["Steam","Stack","Dagger Spray"],"picked":"Singing Bowl","floor":15},{"not_picked":["Bludgeon","Doppelganger"],"picked":"Barricade","floor":16},{"not_picked":["Auto Shields"],"picked":"Singing Bowl","floor":18},{"not_picked":[],"picked":"Conserve Battery+1","floor":19},{"not_picked":[],"picked":"After Image","floor":20},{"not_picked":["Dash"],"picked":"Singing Bowl","floor":21},{"not_picked":["Sever Soul"],"picked":"Singing Bowl","floor":23},{"not_picked":["PiercingWail"],"picked":"Singing Bowl","floor":24},{"not_picked":["Biased Cognition"],"picked":"Singing Bowl","floor":25},{"not_picked":["Die Die Die"],"picked":"Singing Bowl","floor":27},{"not_picked":[],"picked":"Creative AI","floor":28},{"not_picked":["Hyperbeam"],"picked":"Singing Bowl","floor":29},{"not_picked":["Clothesline"],"picked":"Singing Bowl","floor":30},{"not_picked":[],"picked":"Impervious","floor":31},{"not_picked":["Noxious Fumes"],"picked":"Singing Bowl","floor":32},{"not_picked":[],"picked":"Core Surge","floor":33},{"not_picked":["Bloodletting"],"picked":"Singing Bowl","floor":35},{"not_picked":["Dagger Throw"],"picked":"Singing Bowl","floor":38},{"not_picked":["Storm of Steel"],"picked":"Singing Bowl","floor":40},{"not_picked":[],"picked":"Limit Break","floor":41},{"not_picked":["Berserk+1"],"picked":"Singing Bowl","floor":42},{"not_picked":["Infinite Blades+1"],"picked":"Singing Bowl","floor":44},{"not_picked":[],"picked":"Seek","floor":45},{"not_picked":["Ball Lightning+1"],"picked":"Singing Bowl","floor":46},{"not_picked":["All For One"],"picked":"Singing Bowl","floor":47},{"not_picked":[],"picked":"Offering","floor":48},{"not_picked":["Reprogram+1"],"picked":"Singing Bowl","floor":49}],"player_experience":959335,"relics_obtained":[{"floor":6,"key":"Dream Catcher"},{"floor":8,"key":"Singing Bowl"},{"floor":9,"key":"Strawberry"},{"floor":10,"key":"Ancient Tea Set"},{"floor":11,"key":"Gambling Chip"},{"floor":12,"key":"Potion Belt"},{"floor":13,"key":"Turnip"},{"floor":20,"key":"Art of War"},{"floor":25,"key":"PreservedInsect"},{"floor":26,"key":"Smiling Mask"},{"floor":27,"key":"Pocketwatch"},{"floor":28,"key":"Letter Opener"},{"floor":29,"key":"Bottled Lightning"},{"floor":31,"key":"Omamori"},{"floor":40,"key":"Centennial Puzzle"},{"floor":41,"key":"Frozen Egg 2"},{"floor":42,"key":"Dead Branch"},{"floor":43,"key":"Regal Pillow"},{"floor":45,"key":"Vajra"},{"floor":47,"key":"Shuriken"},{"floor":48,"key":"Snake Skull"}],"event_choices":[{"damage_healed":0,"gold_gain":0,"cards_transformed":["Riddle With Holes"],"player_choice":"Transformed","damage_taken":0,"max_hp_gain":0,"max_hp_loss":0,"event_name":"Transmorgrifier","floor":2,"gold_loss":0,"cards_obtained":["Rainbow"]},{"damage_healed":0,"gold_gain":0,"player_choice":"Embrace Madness","damage_taken":13,"max_hp_gain":0,"max_hp_loss":0,"event_name":"Winding Halls","floor":36,"gold_loss":0,"cards_obtained":["Madness","Madness"]},{"cards_removed":["Rainbow"],"damage_healed":0,"gold_gain":0,"player_choice":"Removed Skill","damage_taken":0,"max_hp_gain":0,"max_hp_loss":0,"event_name":"Falling","floor":39,"gold_loss":0}],"is_beta":true,"boss_relics":[{"not_picked":["Black Star","Astrolabe"],"picked":"Busted Crown"},{"not_picked":["Runic Pyramid","WristBlade"],"picked":"Eternal Feather"}],"items_purged_floors":[],"is_endless":false,"potions_floor_spawned":[1,6,8,11,19,21,28,31,38,41,45,46,48],"ascension_level":1}