{"path_per_floor":["M","$","?","M","M","R","E","M","T","$","M","M","R","T","R","B",null,"M","$","M","?","M","M","?","?","T","$","M","M","$","M","R","B",null,"M","M","M","?","$","R"],"character_chosen":"DEFECT","items_purchased":["Bag of Marbles","Static Discharge","Bandage Up","Happy Flower","Leap","Hologram","Sweeping Beam","Fusion","Static Discharge","Defragment","Orichalcum"],"gold_per_floor":[369,96,96,113,131,131,161,174,252,59,70,82,82,82,82,184,184,194,116,131,162,178,196,196,196,196,76,93,112,74,84,84,180,180,192,212,222,222,79,79,79],"floor_reached":41,"campfire_rested":3,"playtime":2320,"item_purchase_floors":[2,2,2,10,10,19,19,27,27,30,39],"current_hp_per_floor":[75,75,75,75,75,75,50,46,46,46,43,44,66,66,66,44,75,43,43,46,30,44,27,27,53,53,53,49,58,58,45,70,32,84,86,51,41,41,41,66,0],"items_purged":[],"gold":79,"score":447,"play_id":"9cbf9614-0c28-45ce-ab1a-7a8cc8109d15","local_time":"20180624180938","is_prod":false,"is_daily":false,"chose_seed":false,"is_ascension_mode":false,"campfire_upgraded":2,"win_rate":0,"timestamp":1529878178,"campfire_choices":[{"data":"Loop","floor":6,"key":"SMITH"},{"floor":13,"key":"REST"},{"data":"Blizzard","floor":15,"key":"SMITH"},{"floor":32,"key":"REST"},{"floor":40,"key":"REST"}],"path_taken":["M","$","?","M","M","R","E","M","T","?","?","?","R","?","R","BOSS","M","$","M","?","M","M","?","?","T","$","M","?","?","M","R","BOSS","M","M","?","?","$","R","E"],"build_version":"2018-06-21","seed_source_timestamp":852286054772128,"purchased_purges":0,"circlet_count":0,"victory":false,"master_deck":["Strike_B","Strike_B","Strike_B","Strike_B","Defend_B","Defend_B","Defend_B","Defend_B","Zap","Dualcast","Injury","Chill+1","Static Discharge","Bandage Up","Steam","Loop+1","Rebound","Blizzard+1","Leap","Cold Snap","Scrape","Creative AI","Double Energy","Hologram","Sweeping Beam","Conserve Battery","All For One","Self Repair","Steam Power+1","Decay","Fusion","Static Discharge","Defragment","Thunder Strike","Creative AI","Redo+1","Turbo+1"],"max_hp_per_floor":[75,75,75,75,75,75,75,75,75,75,75,75,75,75,75,75,75,75,75,75,75,75,80,80,80,80,80,82,84,84,84,84,84,84,86,86,86,86,86,86,86],"relics":["Cracked Core","Bag of Marbles","Du-Vu Doll","Meat on the Bone","Happy Flower","Sundial","Snecko Eye","Red Mask","Singing Bowl","Fusion Hammer","Orichalcum"],"card_choices":[{"not_picked":["Conserve Battery","Fusion"],"picked":"Chill","floor":1},{"not_picked":["Rebound","Sweeping Beam"],"picked":"Steam","floor":4},{"not_picked":["Hologram","Rebound"],"picked":"Loop","floor":5},{"not_picked":["Skim","BootSequence"],"picked":"Rebound","floor":7},{"not_picked":["Cold Snap","Stack"],"picked":"Blizzard","floor":8},{"not_picked":["Steam","Scrape"],"picked":"Cold Snap","floor":11},{"not_picked":["Stack","Chill"],"picked":"Scrape","floor":12},{"not_picked":["Buffer","Fission"],"picked":"Creative AI","floor":16},{"not_picked":["Capacitor+1","Genetic Algorithm"],"picked":"Double Energy","floor":18},{"not_picked":["Hologram","Go for the Eyes"],"picked":"Conserve Battery","floor":20},{"not_picked":["Cold Snap","Hologram"],"picked":"All For One","floor":21},{"not_picked":["Streamline","Aggregate+1"],"picked":"Self Repair","floor":22},{"not_picked":["Skim","Redo"],"picked":"Steam Power+1","floor":23},{"not_picked":["Ball Lightning+1","Rebound+1","Gash"],"picked":"Singing Bowl","floor":28},{"not_picked":["Redo","Barrage","Go for the Eyes"],"picked":"Singing Bowl","floor":29},{"not_picked":["Leap","Barrage"],"picked":"Thunder Strike","floor":31},{"not_picked":["Reboot","Rainbow"],"picked":"Creative AI","floor":33},{"not_picked":["Sweeping Beam","Tempest+1","FTL"],"picked":"Singing Bowl","floor":35},{"not_picked":["Streamline+1","Reprogram"],"picked":"Redo+1","floor":36},{"not_picked":["Ball Lightning","Chill+1"],"picked":"Turbo+1","floor":37}],"player_experience":464730,"potions_floor_usage":[7,20,21,23,29,33,37],"damage_taken":[{"damage":0,"enemies":"Small Slimes","floor":1,"turns":4},{"damage":0,"enemies":"Jaw Worm","floor":4,"turns":3},{"damage":0,"enemies":"Cultist","floor":5,"turns":4},{"damage":29,"enemies":"Gremlin Nob","floor":7,"turns":5},{"damage":8,"enemies":"Exordium Thugs","floor":8,"turns":5},{"damage":7,"enemies":"Red Slaver","floor":11,"turns":4},{"damage":3,"enemies":"Exordium Wildlife","floor":12,"turns":5},{"damage":26,"enemies":"The Guardian","floor":16,"turns":10},{"damage":48,"enemies":"Shell Parasite","floor":18,"turns":6},{"damage":13,"enemies":"3 Byrds","floor":20,"turns":4},{"damage":36,"floor":21,"turns":5},{"damage":2,"enemies":"Centurion and Healer","floor":22,"turns":8},{"damage":34,"enemies":"Snake Plant","floor":23,"turns":5},{"damage":10,"enemies":"Snecko","floor":28,"turns":7},{"damage":4,"enemies":"Slaver and Parasite","floor":29,"turns":7},{"damage":29,"enemies":"Snake Plant","floor":31,"turns":6},{"damage":61,"enemies":"Collector","floor":33,"turns":12},{"damage":0,"enemies":"3 Darklings","floor":35,"turns":2},{"damage":48,"enemies":"Orb Walker","floor":36,"turns":6},{"damage":22,"enemies":"Maw","floor":37,"turns":7},{"damage":80,"enemies":"Nemesis","floor":41,"turns":4}],"relics_obtained":[{"floor":7,"key":"Du-Vu Doll"},{"floor":9,"key":"Meat on the Bone"},{"floor":14,"key":"Sundial"},{"floor":21,"key":"Red Mask"},{"floor":26,"key":"Singing Bowl"}],"event_choices":[{"event_name":"Living Wall","player_choice":"Grow","floor":3,"damage_taken":0},{"event_name":"Masked Bandits","player_choice":"Fought over 131 gold","floor":21,"damage_taken":0},{"event_name":"Forgotten Altar","player_choice":"Smashed Altar","floor":24,"damage_taken":0},{"event_name":"The Library","player_choice":"Heal","floor":25,"damage_taken":0},{"event_name":"Match and Keep!","player_choice":"0 cards matched","floor":38,"damage_taken":0}],"boss_relics":[{"not_picked":["Eternal Feather","Black Star"],"picked":"Snecko Eye"},{"not_picked":["Busted Crown","Velvet Choker"],"picked":"Fusion Hammer"}],"items_purged_floors":[],"is_endless":false,"potions_floor_spawned":[1,4,16,18,21,22,23,31,35],"seed_played":"4675041685915397710","killed_by":"Nemesis","ascension_level":0,"potions_obtained":[{"floor":1,"key":"SpeedPotion"},{"floor":4,"key":"Fire Potion"},{"floor":16,"key":"LiquidBronze"},{"floor":18,"key":"SteroidPotion"},{"floor":21,"key":"FearPotion"},{"floor":22,"key":"Fruit Juice"},{"floor":23,"key":"Strength Potion"},{"floor":31,"key":"SkillPotion"},{"floor":35,"key":"SkillPotion"}],"is_trial":false}