{"path_per_floor":["M","?","?","?","?","E","M","R","T","T","E","$","R","M","R","B",null,"M","M","?","$","?","E","R","E","T","R","M","E","R","M","R","B",null,"M","$","?","M","$","E","?","M","T","?","M","$","R","M","R","B"],"character_chosen":"IRONCLAD","items_purchased":["Corruption","Bloodletting","Block Potion","Explosive Potion","Feel No Pain","Shrug It Off","Bandage Up","Shrug It Off","Anchor"],"gold_per_floor":[17,17,17,17,17,47,60,60,60,84,110,29,29,48,48,147,147,165,179,149,34,34,69,69,394,417,417,431,459,459,470,470,575,575,589,183,183,197,25,85,0,17,95,95,113,113,113,129,129,129],"floor_reached":51,"campfire_rested":5,"playtime":3921,"current_hp_per_floor":[80,80,85,73,66,64,68,68,68,68,45,45,45,51,76,44,85,85,83,83,83,83,49,74,55,55,80,71,58,58,45,70,34,85,77,77,77,83,83,84,84,85,85,85,82,82,82,69,85,85],"items_purged":["Strike_R","Strike_R"],"gold":129,"score":702,"play_id":"bce430a0-107d-49e6-aea4-7c83ac6fc9a7","local_time":"20180304002633","is_prod":false,"is_daily":false,"is_ascension_mode":true,"campfire_upgraded":1,"timestamp":1520141193,"path_taken":["M","?","?","?","?","E","M","R","T","?","E","$","R","M","R","BOSS","M","M","?","$","?","E","R","E","T","R","M","E","R","M","R","BOSS","M","$","?","?","$","E","?","M","T","?","M","$","R","?","R","BOSS"],"build_version":"2018-03-01-PROD1","purchased_purges":2,"victory":true,"master_deck":["Strike_R","Strike_R","Defend_R","Defend_R","Bash","Second Wind","Infernal Blade","Sentinel","Iron Wave","Whirlwind","Corruption+1","Battle Trance","Barricade+1","Iron Wave+1","Heavy Blade+1","Bloodletting","Ghostly Armor","Cleave","True Grit+1","Armaments","Pummel","Seeing Red","Offering","Feel No Pain","Shrug It Off","Bandage Up","Flame Barrier","Shrug It Off","Flex+1","Pummel+1","Warcry+1","Fire Breathing+1"],"max_hp_per_floor":[80,80,85,85,85,85,85,85,85,85,85,85,85,85,85,85,85,85,85,85,85,85,85,85,85,85,85,85,85,85,85,85,85,85,85,85,85,85,85,85,85,85,85,85,85,85,85,85,85,85],"relics":["Burning Blood","Lantern","Girya","Dead Branch","Art of War","Orichalcum","Runic Pyramid","Happy Flower","Old Coin","Dream Catcher","Ancient Tea Set","Lizard Tail","Anchor","Tiny Chest","Red Mask","Letter Opener"],"card_choices":[{"not_picked":["Rupture","Pummel"],"picked":"Infernal Blade"},{"not_picked":["Shrug It Off","Uppercut"],"picked":"Sentinel"},{"not_picked":["Shrug It Off","Whirlwind"],"picked":"Iron Wave"},{"not_picked":["Shrug It Off","Pummel"],"picked":"Whirlwind"},{"not_picked":["Twin Strike","Warcry"],"picked":"Battle Trance"},{"not_picked":["Dark Embrace","Limit Break"],"picked":"Barricade"},{"not_picked":["Clash","True Grit"],"picked":"Iron Wave"},{"not_picked":["Clothesline","Body Slam"],"picked":"Heavy Blade"},{"not_picked":["Wild Strike","True Grit"],"picked":"Ghostly Armor"},{"not_picked":["Pummel","Barricade"],"picked":"Cleave"},{"not_picked":["Rampage","Warcry"],"picked":"True Grit"},{"not_picked":["Heavy Blade","Dropkick"],"picked":"Armaments"},{"not_picked":["Carnage","Anger"],"picked":"Pummel"},{"not_picked":["True Grit","Clash"],"picked":"Seeing Red"},{"not_picked":["Berserk","Double Tap"],"picked":"Offering"},{"not_picked":["Flex","Heavy Blade"],"picked":"Headbutt"},{"not_picked":["True Grit","Sword Boomerang"],"picked":"Flame Barrier"},{"not_picked":["Clothesline","Immolate"],"picked":"Flex"},{"not_picked":["Carnage","Pommel Strike"],"picked":"Pummel"},{"not_picked":["Wild Strike","Searing Blow"],"picked":"Warcry"},{"not_picked":["Twin Strike","Havoc"],"picked":"Fire Breathing"}],"player_experience":380041,"potions_floor_usage":[6,11,16,18,18,19,23,23,25,33,38,38,40,50,50],"damage_taken":[{"damage":2,"enemies":"Cultist","floor":1,"turns":4},{"damage":8,"enemies":"Lagavulin","floor":6,"turns":3},{"damage":2,"enemies":"2 Louse","floor":7,"turns":3},{"damage":29,"enemies":"Gremlin Nob","floor":11,"turns":4},{"damage":0,"enemies":"Small Slimes","floor":14,"turns":1},{"damage":38,"enemies":"Hexaghost","floor":16,"turns":6},{"damage":6,"enemies":"2 Thieves","floor":18,"turns":4},{"damage":8,"enemies":"3 Byrds","floor":19,"turns":4},{"damage":40,"enemies":"Book of Stabbing","floor":23,"turns":4},{"damage":25,"enemies":"Slavers","floor":25,"turns":6},{"damage":15,"enemies":"Snake Plant","floor":28,"turns":4},{"damage":19,"enemies":"Gremlin Leader","floor":29,"turns":6},{"damage":19,"enemies":"Slaver and Parasite","floor":31,"turns":5},{"damage":42,"enemies":"Automaton","floor":33,"turns":13},{"damage":14,"enemies":"3 Shapes","floor":35,"turns":6},{"damage":0,"enemies":"3 Darklings","floor":38,"turns":3},{"damage":9,"enemies":"Giant Head","floor":40,"turns":5},{"damage":4,"enemies":"Sphere and 2 Shapes","floor":42,"turns":3},{"damage":9,"enemies":"Maw","floor":45,"turns":7},{"damage":25,"enemies":"3 Darklings","floor":48,"turns":4},{"damage":49,"enemies":"Awakened One","floor":50,"turns":15}],"event_choices":[{"event_name":"Wheel of Change","player_choice":"Card Removal","floor":2,"damage_taken":0},{"event_name":"Big Fish","player_choice":"Donut","floor":3,"damage_taken":0},{"event_name":"Scrap Ooze","player_choice":"success","floor":4,"damage_taken":12},{"event_name":"Golden Wing","player_choice":"Card Removal","floor":5,"damage_taken":0},{"event_name":"The Woman in Blue","player_choice":"Bought 2 Potions","floor":20,"damage_taken":0},{"event_name":"Addict","player_choice":"Ignored","floor":22,"damage_taken":0},{"event_name":"Tomb of Lord Red Mask","player_choice":"Paid","floor":41,"damage_taken":0},{"event_name":"Accursed Blacksmith","player_choice":"Forge","floor":44,"damage_taken":0}],"boss_relics":[{"not_picked":["Runic Cube","Velvet Choker"],"picked":"Runic Pyramid"},{"not_picked":["Tiny House","Orrery"],"picked":"Lizard Tail"}],"potions_floor_spawned":[1,6,11,14,16,18,19,31,38,42,45],"seed_played":"3467992458547314416","ascension_level":3,"is_trial":false}