{"gold_per_floor":[117,192,206,225,225,237,237,92,92,92,122,122,156,169,169,169],"floor_reached":16,"playtime":684,"items_purged":[],"score":196,"play_id":"1e52a8eb-efcd-4bf7-8bf4-bf8212a5c6b7","local_time":"20181227182856","is_ascension_mode":true,"campfire_choices":[{"floor":7,"key":"REST"},{"data":"Compile Driver","floor":10,"key":"SMITH"},{"data":"Zap","floor":12,"key":"SMITH"},{"floor":15,"key":"REST"}],"neow_cost":"CURSE","seed_source_timestamp":1060469513251283,"circlet_count":0,"master_deck":["AscendersBane","Strike_B","Strike_B","Strike_B","Strike_B","Defend_B","Defend_B","Defend_B","Defend_B","Zap+1","Dualcast","Clumsy","Compile Driver+1","Coolheaded","Multi-Cast","Leap","Ball Lightning","Gash","Coolheaded"],"relics":["Cracked Core","Mango","Potion Belt","Strawberry","Shuriken","Regal Pillow"],"potions_floor_usage":[11],"damage_taken":[{"damage":0,"enemies":"Small Slimes","floor":1,"turns":3},{"damage":2,"enemies":"Jaw Worm","floor":3,"turns":3},{"damage":0,"enemies":"Cultist","floor":4,"turns":4},{"damage":34,"enemies":"Exordium Thugs","floor":6,"turns":6},{"damage":23,"enemies":"Lagavulin","floor":11,"turns":7},{"damage":27,"enemies":"3 Sentries","floor":13,"turns":8},{"damage":6,"enemies":"Looter","floor":14,"turns":2},{"damage":56,"enemies":"Slime Boss","floor":16,"turns":7}],"seed_played":"4424475619344290447","potions_obtained":[{"floor":1,"key":"FocusPotion"},{"floor":3,"key":"Ancient Potion"}],"is_trial":false,"path_per_floor":["M","?","M","M","?","M","R","$","T","R","E","R","E","M","R","B"],"character_chosen":"DEFECT","items_purchased":["Potion Belt"],"campfire_rested":2,"item_purchase_floors":[8],"current_hp_per_floor":[82,71,69,69,69,35,61,61,68,68,45,45,18,12,55,0],"gold":169,"neow_bonus":"ONE_RARE_RELIC","is_prod":false,"is_daily":false,"chose_seed":false,"campfire_upgraded":2,"win_rate":0,"timestamp":1545953336,"path_taken":["M","?","M","M","?","?","R","?","T","R","E","R","E","M","R","BOSS"],"build_version":"2018-12-25","purchased_purges":0,"victory":false,"max_hp_per_floor":[89,89,89,89,89,89,89,89,96,96,96,96,96,96,96,96],"card_choices":[{"not_picked":["Stack","Beam Cell"],"picked":"Compile Driver","floor":1},{"not_picked":["Fission","Force Field"],"picked":"Coolheaded","floor":3},{"not_picked":["Turbo","Steam Power","Rebound"],"picked":"SKIP","floor":4},{"not_picked":["Go for the Eyes","Skim"],"picked":"Leap","floor":6},{"not_picked":["Barrage","Conserve Battery"],"picked":"Ball Lightning","floor":11},{"not_picked":["FTL","Capacitor"],"picked":"Gash","floor":13},{"not_picked":["Loop","Rebound"],"picked":"Coolheaded","floor":14}],"player_experience":1028466,"relics_obtained":[{"floor":9,"key":"Strawberry"},{"floor":11,"key":"Shuriken"},{"floor":13,"key":"Regal Pillow"}],"event_choices":[{"damage_healed":0,"gold_gain":75,"player_choice":"Gather Gold","damage_taken":11,"max_hp_gain":0,"max_hp_loss":0,"event_name":"World of Goop","floor":2,"gold_loss":0},{"damage_healed":0,"gold_gain":0,"player_choice":"1 cards matched","damage_taken":0,"max_hp_gain":0,"max_hp_loss":0,"event_name":"Match and Keep!","floor":5,"gold_loss":0,"cards_obtained":["Multi-Cast"]}],"is_beta":true,"boss_relics":[],"items_purged_floors":[],"is_endless":false,"potions_floor_spawned":[1,3,6],"killed_by":"Slime Boss","ascension_level":11}