{"path_per_floor":["M","M","T","$","?","R","E","R","T","M","M","$","R","?","R","B",null,"M","?","M","M","$","E","?","M","T","M","M","E","M","M","R","B",null,"M","M","M","?","$","R","T","R","T","M","R","E","M","E","R","B"],"character_chosen":"THE_SILENT","items_purchased":["Cloak And Dagger","Deadly Poison","Cloak And Dagger","Backflip","Caltrops","Blind","Mummified Hand","Acrobatics"],"gold_per_floor":[117,127,127,54,54,54,86,86,86,104,119,94,94,94,94,193,193,213,213,229,241,67,99,99,109,109,124,136,161,174,192,192,287,287,304,314,325,325,56,56,56,56,56,69,69,97,114,146,146,146],"floor_reached":51,"campfire_rested":1,"playtime":2618,"current_hp_per_floor":[70,70,70,70,70,70,58,58,58,58,56,56,56,49,70,60,70,70,70,70,67,67,63,63,65,65,47,49,48,50,54,54,39,70,70,70,63,53,53,53,53,53,53,55,55,52,58,65,65,6],"items_purged":[],"gold":146,"score":799,"play_id":"7f31dd10-2e27-43ef-a643-61a19d8f07b3","local_time":"20180506164116","is_prod":false,"is_daily":false,"chose_seed":false,"is_ascension_mode":false,"campfire_upgraded":8,"timestamp":1525639276,"path_taken":["M","M","?","$","?","R","E","R","T","M","M","$","R","?","R","BOSS","M","?","M","M","$","E","?","M","T","M","M","E","M","M","R","BOSS","M","M","M","?","$","R","?","R","T","?","R","E","M","E","R","BOSS"],"build_version":"2018-05-03","seed_source_timestamp":2100697040978368,"purchased_purges":0,"victory":true,"master_deck":["Defend_G","Defend_G","Defend_G","Defend_G","Defend_G","Strike_G","Strike_G+1","Strike_G+1","Survivor","Neutralize+1","Cloak And Dagger+1","Blade Dance+1","Cloak And Dagger+1","Deadly Poison+1","Blur+1","Deadly Poison+1","PiercingWail+1","Cloak And Dagger+1","After Image+1","Leg Sweep+1","Deadly Poison+1","Blur+1","Backflip+1","Caltrops+1","Blind+1","Catalyst+1","Dodge and Roll+1","Sucker Punch","Backflip+1","Blur+1","Deadly Poison+1","Flechettes+1","Night Terror+1","Glass Knife","Accuracy+1","Backflip+1","Accuracy+1","Bane+1","Deadly Poison+1","Leg Sweep+1","Expertise+1","Mind Blast+1","Sadistic Nature+1","Mind Blast+1","Acrobatics+1","PiercingWail+1","A Thousand Cuts+1","Flechettes+1","Flechettes+1"],"max_hp_per_floor":[70,70,70,70,70,70,70,70,70,70,70,70,70,70,70,70,70,70,70,70,70,70,70,70,70,70,70,70,70,70,70,70,70,70,70,70,70,70,70,70,70,70,70,70,70,70,70,70,70,70],"relics":["Ring of the Snake","Whetstone","Toxic Egg 2","Bird Faced Urn","Question Card","Sozu","Frozen Egg 2","Darkstone Periapt","Lantern","Orrery","Mummified Hand","Molten Egg 2","Tough Bandages","Blood Vial","Unceasing Top"],"card_choices":[{"not_picked":["Outmaneuver","Dagger Throw"],"picked":"Cloak And Dagger","floor":1},{"not_picked":["Prepared","Deflect"],"picked":"Blade Dance","floor":2},{"not_picked":["Concentrate","Flying Knee"],"picked":"Blur","floor":7},{"not_picked":["Deflect","Sucker Punch","Acrobatics"],"picked":"Deadly Poison","floor":10},{"not_picked":["Quick Slash","Endless Agony","Prepared"],"picked":"PiercingWail","floor":11},{"not_picked":["Unload","Adrenaline","Tactician"],"picked":"After Image","floor":16},{"not_picked":["Flying Knee","Expertise","Poisoned Stab"],"picked":"Leg Sweep","floor":18},{"not_picked":["Dagger Spray","Heel Hook","Infinite Blades"],"picked":"Deadly Poison","floor":20},{"not_picked":["Underhanded Strike","Outmaneuver","Flying Knee"],"picked":"Blur","floor":21},{"not_picked":["Terror","Choke","Reflex"],"picked":"Catalyst","floor":23},{"not_picked":["Dagger Throw","Underhanded Strike","Deflect"],"picked":"Dodge and Roll","floor":25},{"not_picked":["Dagger Spray","Prepared","Underhanded Strike"],"picked":"Sucker Punch","floor":27},{"not_picked":["Slice","Dodge and Roll","Storm of Steel"],"picked":"Backflip","floor":28},{"not_picked":["Flechettes","Acrobatics","Outmaneuver"],"picked":"Blur","floor":29},{"not_picked":["Underhanded Strike","Backstab","Dagger Spray"],"picked":"Deadly Poison","floor":30},{"not_picked":["Blur","Deadly Poison","Dodge and Roll"],"picked":"Flechettes","floor":31},{"not_picked":["Wraith Form v2","After Image","Corpse Explosion"],"picked":"Night Terror","floor":33},{"not_picked":["Slice","Sucker Punch","Bane"],"picked":"Glass Knife","floor":34},{"not_picked":["Well Laid Plans","Finisher","Flying Knee"],"picked":"Accuracy","floor":34},{"not_picked":["Bane","Heel Hook","Dagger Spray"],"picked":"Backflip","floor":34},{"not_picked":["Heel Hook","Blur","Sucker Punch"],"picked":"Accuracy","floor":34},{"not_picked":["Endless Agony","Dodge and Roll","Terror"],"picked":"Bane","floor":34},{"not_picked":["Dagger Throw","Reflex","Quick Slash"],"picked":"Deadly Poison","floor":35},{"not_picked":["PiercingWail","Dagger Spray","Calculated Gamble"],"picked":"Leg Sweep","floor":36},{"not_picked":["Masterful Stab","Backstab","Storm of Steel"],"picked":"Expertise","floor":37},{"not_picked":["Jack Of All Trades","Deep Breath","Madness"],"picked":"Mind Blast","floor":38},{"not_picked":["Thinking Ahead","Bandage Up","Good Instincts"],"picked":"Sadistic Nature","floor":38},{"not_picked":["Sadistic Nature","Dark Shackles","Jack Of All Trades"],"picked":"Mind Blast","floor":38},{"not_picked":["Dagger Throw","Acrobatics","Sucker Punch"],"picked":"PiercingWail","floor":44},{"not_picked":["PiercingWail","Caltrops","Outmaneuver"],"picked":"A Thousand Cuts","floor":46},{"not_picked":["Endless Agony","PiercingWail","Quick Slash"],"picked":"Flechettes","floor":47},{"not_picked":["Acrobatics","Poisoned Stab","Underhanded Strike"],"picked":"Flechettes","floor":48}],"player_experience":344606,"potions_floor_usage":[18,23,27],"damage_taken":[{"damage":0,"enemies":"Cultist","floor":1,"turns":3},{"damage":0,"enemies":"2 Louse","floor":2,"turns":3},{"damage":12,"enemies":"3 Sentries","floor":7,"turns":9},{"damage":0,"enemies":"Small Slimes","floor":10,"turns":2},{"damage":2,"enemies":"2 Fungi Beasts","floor":11,"turns":3},{"damage":10,"enemies":"Hexaghost","floor":16,"turns":9},{"damage":0,"enemies":"2 Thieves","floor":18,"turns":4},{"damage":0,"enemies":"3 Byrds","floor":20,"turns":4},{"damage":5,"enemies":"3 Cultists","floor":21,"turns":7},{"damage":8,"enemies":"Gremlin Leader","floor":23,"turns":8},{"damage":0,"enemies":"Snake Plant","floor":25,"turns":4},{"damage":22,"enemies":"Cultist and Chosen","floor":27,"turns":9},{"damage":2,"enemies":"Slaver and Parasite","floor":28,"turns":5},{"damage":5,"enemies":"Slavers","floor":29,"turns":7},{"damage":0,"enemies":"Snake Plant","floor":30,"turns":4},{"damage":0,"enemies":"Centurion and Healer","floor":31,"turns":7},{"damage":17,"enemies":"Collector","floor":33,"turns":4},{"damage":0,"enemies":"Orb Walker","floor":35,"turns":3},{"damage":0,"enemies":"3 Shapes","floor":36,"turns":4},{"damage":7,"enemies":"3 Darklings","floor":37,"turns":6},{"damage":2,"enemies":"Maw","floor":44,"turns":6},{"damage":9,"enemies":"2 Orb Walkers","floor":46,"turns":5},{"damage":0,"enemies":"4 Shapes","floor":47,"turns":3},{"damage":1,"enemies":"Nemesis","floor":48,"turns":5},{"damage":66,"enemies":"Time Eater","floor":50,"turns":12}],"event_choices":[{"event_name":"Living Wall","player_choice":"Forget","floor":5,"damage_taken":0},{"event_name":"Golden Wing","player_choice":"Card Removal","floor":14,"damage_taken":0},{"event_name":"Vampires","player_choice":"Ignored","floor":19,"damage_taken":0},{"event_name":"Drug Dealer","player_choice":"Ignored","floor":24,"damage_taken":0},{"event_name":"SensoryStone","player_choice":"Memory 3","floor":38,"damage_taken":0}],"boss_relics":[{"not_picked":["Astrolabe","Snecko Eye"],"picked":"Sozu"},{"not_picked":["Black Star","Philosopher\u0027s Stone"],"picked":"Orrery"}],"potions_floor_spawned":[2,10,16,21,25,31,33,35,37],"seed_played":"-1551628057145356055","ascension_level":0,"is_trial":false}