{"path_per_floor":["M","$","?","M","M","E","R","M","T","M","M","R","E","?","R"],"character_chosen":"DEFECT","items_purchased":["FTL"],"gold_per_floor":[109,39,114,131,145,170,170,184,184,195,215,215,247,247,247,247],"floor_reached":16,"campfire_rested":2,"playtime":600,"current_hp_per_floor":[75,75,64,64,64,52,52,49,49,49,40,62,42,42,64,0],"items_purged":[],"gold":247,"score":112,"play_id":"8e5f388a-9a0a-4bcc-b73f-b6aa7f8b5945","local_time":"20180428130048","is_prod":false,"is_daily":false,"chose_seed":false,"is_ascension_mode":false,"campfire_upgraded":1,"timestamp":1524934848,"path_taken":["M","$","?","?","M","E","R","M","T","M","?","R","E","?","R","BOSS"],"build_version":"2018-04-27v3","seed_source_timestamp":1398215686004189,"purchased_purges":0,"victory":false,"master_deck":["Strike_B","Strike_B","Strike_B","Defend_B","Defend_B","Defend_B","Defend_B","Zap","Dualcast","Ball Lightning","FTL","Coolheaded","Flux Capacitor","Sunder+1","Leap","Heatsinks","Echo Form","Self Repair"],"max_hp_per_floor":[75,75,75,75,75,75,75,75,75,75,75,75,75,75,75,75],"relics":["Cracked Core","NeowsBlessing","Peace Pipe","Mummified Hand","Blue Candle"],"card_choices":[{"not_picked":["Hologram","Stack"],"picked":"Ball Lightning","floor":1},{"not_picked":["Ball Lightning","Turbo"],"picked":"Coolheaded","floor":4},{"not_picked":["Ball Lightning","Chill"],"picked":"Flux Capacitor","floor":5},{"not_picked":["Streamline","Rebound"],"picked":"Sunder","floor":6},{"not_picked":["Gash","Go for the Eyes"],"picked":"Leap","floor":8},{"not_picked":["Streamline","Conserve Battery"],"picked":"Heatsinks","floor":10},{"not_picked":["Turbo","Hologram"],"picked":"Echo Form","floor":11},{"not_picked":["Hologram","Streamline"],"picked":"Self Repair","floor":13}],"player_experience":308268,"potions_floor_usage":[13,16],"damage_taken":[{"damage":0,"enemies":"Cultist","floor":1,"turns":1},{"damage":0,"enemies":"2 Louse","floor":4,"turns":1},{"damage":0,"enemies":"Small Slimes","floor":5,"turns":1},{"damage":12,"enemies":"3 Sentries","floor":6,"turns":7},{"damage":3,"enemies":"Red Slaver","floor":8,"turns":3},{"damage":0,"enemies":"2 Fungi Beasts","floor":10,"turns":2},{"damage":9,"enemies":"Lots of Slimes","floor":11,"turns":3},{"damage":20,"enemies":"Gremlin Nob","floor":13,"turns":4},{"damage":65,"enemies":"The Guardian","floor":16,"turns":9}],"event_choices":[{"event_name":"World of Goop","player_choice":"Gather Gold","floor":3,"damage_taken":0},{"event_name":"Purifier","player_choice":"One Purge","floor":14,"damage_taken":0}],"boss_relics":[],"potions_floor_spawned":[6,8,10],"seed_played":"-5987110844473833095","killed_by":"The Guardian","ascension_level":0,"is_trial":false}