{"path_per_floor":["M","M","$","M","?","E","M","R","T","E","R","M","R","M","R","B",null,"M","?","$","M","M","R","E","M","T","M","R","E","M","M","R","B",null,"M","?","?","M","$","E","R","E","T","M","E","M","?","E","R","B"],"character_chosen":"THE_SILENT","items_purchased":["Footwork","Acrobatics","Leg Sweep"],"gold_per_floor":[114,125,11,31,31,58,76,76,76,102,102,118,118,128,128,226,226,226,226,78,48,48,48,48,48,48,48,48,48,48,48,48,48,48,48,48,48,48,48,48,48,48,48,48,48,48,48,48,48,48],"floor_reached":51,"campfire_rested":3,"playtime":6596,"current_hp_per_floor":[67,67,67,67,67,61,61,61,61,61,61,61,61,61,61,61,68,66,50,50,50,48,69,25,25,25,24,45,45,45,45,66,66,69,69,69,69,69,69,69,69,59,59,61,63,65,65,67,67,69],"items_purged":["Defend_G"],"gold":48,"score":1394,"play_id":"0e7308a2-0a29-43c1-bb95-524fb7ac28bb","local_time":"20180408132307","is_prod":false,"is_daily":false,"is_ascension_mode":true,"campfire_upgraded":6,"timestamp":1523208187,"path_taken":["M","M","$","M","?","E","M","R","T","E","R","?","R","M","R","BOSS","M","?","$","M","M","R","E","?","T","M","R","E","?","M","R","BOSS","M","?","?","M","$","E","R","E","T","M","E","M","?","E","R","BOSS"],"build_version":"2018-04-05","purchased_purges":1,"victory":true,"master_deck":["Defend_G","Defend_G","Defend_G","Strike_G","Strike_G","Strike_G","Strike_G","Survivor","Neutralize","Leg Sweep+1","Footwork","Acrobatics+1","Underhanded Strike","Acrobatics+1","Choke+1","Backflip+1","Tactician","Blur","Leg Sweep","Dodge and Roll+1","Concentrate","After Image","Quick Slash","Leg Sweep+1","Acrobatics","Dodge and Roll+1","Burst","Choke+1","Backflip+1","Underhanded Strike","Acrobatics","Dodge and Roll+1","Backflip","Tactician"],"max_hp_per_floor":[70,70,70,70,70,70,70,70,70,70,70,70,70,70,70,70,70,70,70,70,70,70,70,70,70,70,70,70,70,70,70,70,70,70,70,70,70,70,70,70,70,70,70,70,70,70,70,70,70,70],"relics":["Snecko Eye","Anchor","Calipers","Mummified Hand","Ectoplasm","Oddly Smooth Stone","Sundial","Art of War","Runic Dome","Tingsha","Girya","Blood Vial","Pen Nib","Ice Cream","Unceasing Top"],"card_choices":[{"not_picked":["Flying Knee","Expertise"],"picked":"Leg Sweep","floor":1},{"not_picked":["Sucker Punch","Outmaneuver"],"picked":"Underhanded Strike","floor":4},{"not_picked":["Dagger Spray","Noxious Fumes"],"picked":"Acrobatics","floor":6},{"not_picked":["Escape Plan","Poisoned Stab"],"picked":"Choke","floor":7},{"not_picked":["Bane","Skewer"],"picked":"Backflip","floor":10},{"not_picked":["Unload","Night Terror"],"picked":"Tactician","floor":16},{"not_picked":["Noxious Fumes","Quick Slash"],"picked":"Blur","floor":18},{"not_picked":["PiercingWail","Prepared"],"picked":"Dodge and Roll","floor":21},{"not_picked":["Dagger Spray","All Out Attack"],"picked":"Concentrate","floor":22},{"not_picked":["Slice","Backflip"],"picked":"After Image","floor":24},{"not_picked":["Crippling Poison","Dagger Spray"],"picked":"Quick Slash","floor":25},{"not_picked":["Heel Hook","PiercingWail"],"picked":"Leg Sweep","floor":27},{"not_picked":["Terror","Infinite Blades"],"picked":"Acrobatics","floor":30},{"not_picked":["Blur","Quick Slash"],"picked":"Dodge and Roll","floor":31},{"not_picked":["Storm of Steel","Corpse Explosion"],"picked":"Burst","floor":33},{"not_picked":["Sucker Punch","Distraction"],"picked":"Choke","floor":35},{"not_picked":["Blur","Acrobatics"],"picked":"Backflip","floor":37},{"not_picked":["Skewer","Outmaneuver"],"picked":"Underhanded Strike","floor":38},{"not_picked":["Backstab","Backflip"],"picked":"Acrobatics","floor":40},{"not_picked":["Venomology","Poisoned Stab"],"picked":"Dodge and Roll","floor":42},{"not_picked":["Noxious Fumes","Deadly Poison"],"picked":"Backflip","floor":45}],"player_experience":128390,"potions_floor_usage":[6,24,24,29,31,33,33,46,48,50],"damage_taken":[{"damage":3,"enemies":"2 Louse","floor":1,"turns":2},{"damage":0,"enemies":"Cultist","floor":2,"turns":4},{"damage":0,"enemies":"Jaw Worm","floor":4,"turns":6},{"damage":6,"enemies":"3 Sentries","floor":6,"turns":16},{"damage":0,"enemies":"3 Louse","floor":7,"turns":9},{"damage":0,"enemies":"Lagavulin","floor":10,"turns":8},{"damage":0,"enemies":"2 Fungi Beasts","floor":12,"turns":2},{"damage":0,"enemies":"Exordium Thugs","floor":14,"turns":3},{"damage":0,"enemies":"The Guardian","floor":16,"turns":8},{"damage":2,"enemies":"3 Byrds","floor":18,"turns":5},{"damage":0,"enemies":"2 Thieves","floor":21,"turns":3},{"damage":2,"enemies":"Snake Plant","floor":22,"turns":6},{"damage":44,"enemies":"Slavers","floor":24,"turns":20},{"damage":0,"enemies":"Centurion and Healer","floor":25,"turns":6},{"damage":1,"enemies":"Slaver and Parasite","floor":27,"turns":9},{"damage":0,"enemies":"Book of Stabbing","floor":29,"turns":5},{"damage":0,"enemies":"3 Cultists","floor":30,"turns":10},{"damage":0,"enemies":"Centurion and Healer","floor":31,"turns":6},{"damage":0,"enemies":"Collector","floor":33,"turns":9},{"damage":0,"enemies":"Flame Bruiser 1 Orb","floor":35,"turns":8},{"damage":0,"enemies":"Mysterious Sphere","floor":37,"turns":7},{"damage":0,"enemies":"3 Darklings","floor":38,"turns":8},{"damage":0,"enemies":"Giant Head","floor":40,"turns":10},{"damage":10,"enemies":"2 Orb Walkers","floor":42,"turns":5},{"damage":0,"enemies":"Spire Growth","floor":44,"turns":4},{"damage":0,"enemies":"Nemesis","floor":45,"turns":7},{"damage":0,"enemies":"Flame Bruiser 2 Orb","floor":46,"turns":5},{"damage":0,"enemies":"Giant Head","floor":48,"turns":10},{"damage":0,"enemies":"Time Eater","floor":50,"turns":14}],"event_choices":[{"event_name":"Bonfire Elementals","player_choice":"BASIC","floor":5,"damage_taken":0},{"event_name":"Cursed Tome","player_choice":"Obtained Book","floor":19,"damage_taken":0},{"event_name":"Mysterious Sphere","player_choice":"Fight","floor":37,"damage_taken":0},{"event_name":"Match and Keep!","player_choice":"1 cards matched","floor":47,"damage_taken":0}],"boss_relics":[{"not_picked":["Astrolabe","Velvet Choker"],"picked":"Ectoplasm"},{"not_picked":["Philosopher\u0027s Stone","Runic Pyramid"],"picked":"Runic Dome"}],"potions_floor_spawned":[1,6,10,14,18,25,27,30,31,42,44,45,46],"seed_played":"-8203376106175845946","ascension_level":5,"is_trial":false}