{"gold_per_floor":[119,119,134,152,104,104,115,126,126,154,29,29,29,107,107,226,226,244,11,11,11,11,49,49,87,87,87,87,100,125,141,141,269,332,357,381,381,381,452,452,452],"floor_reached":41,"playtime":1901,"items_purged":[],"score":583,"play_id":"a9f8c270-ded6-4f9c-b9ad-8215da2e7d7d","local_time":"20190111235135","is_ascension_mode":true,"campfire_choices":[{"data":"After Image","floor":6,"key":"SMITH"},{"data":"Predator","floor":12,"key":"SMITH"},{"floor":15,"key":"REST"},{"floor":24,"key":"REST"},{"data":"Night Terror","floor":28,"key":"SMITH"},{"floor":32,"key":"REST"},{"floor":40,"key":"REST"}],"neow_cost":"NONE","seed_source_timestamp":189845309188757,"circlet_count":0,"master_deck":["Survivor","Neutralize","Dagger Spray","Quick Slash","After Image+1","Backflip","Dagger Spray","Deadly Poison","Escape Plan","Predator+1","Cloak And Dagger","Malaise","Slice","Noxious Fumes+1","Slice+1","Caltrops+1","Well Laid Plans+1","Finisher","Tactician","Flying Knee","Finisher","Dodge and Roll+1","Night Terror+1","Noxious Fumes+1","RitualDagger","Dash","PiercingWail","Blade Dance+1","Glass Knife","Bouncing Flask","Catalyst","Dodge and Roll+1"],"relics":["Ring of the Snake","Ancient Tea Set","Singing Bowl","Frozen Egg 2","Golden Idol","Pandora\u0027s Box","Lantern","Bag of Marbles","Strawberry","Omamori","Tiny House","SsserpentHead"],"potions_floor_usage":[10,16,33,33,36,36,41],"damage_taken":[{"damage":0,"enemies":"2 Louse","floor":1,"turns":3},{"damage":0,"enemies":"Jaw Worm","floor":3,"turns":5},{"damage":0,"enemies":"Cultist","floor":4,"turns":3},{"damage":0,"enemies":"3 Louse","floor":7,"turns":3},{"damage":8,"enemies":"Lots of Slimes","floor":8,"turns":3},{"damage":14,"enemies":"3 Sentries","floor":10,"turns":9},{"damage":45,"enemies":"Slime Boss","floor":16,"turns":13},{"damage":10,"enemies":"Spheric Guardian","floor":18,"turns":3},{"damage":52,"enemies":"Gremlin Leader","floor":23,"turns":8},{"damage":14,"enemies":"Slavers","floor":25,"turns":6},{"damage":7,"enemies":"2 Thieves","floor":29,"turns":3},{"damage":20,"enemies":"Snake Plant","floor":30,"turns":4},{"damage":14,"enemies":"Centurion and Healer","floor":31,"turns":8},{"damage":69,"enemies":"Champ","floor":33,"turns":11},{"damage":10,"enemies":"Orb Walker","floor":35,"turns":4},{"damage":23,"enemies":"3 Shapes","floor":36,"turns":4},{"damage":35,"enemies":"3 Darklings","floor":39,"turns":4},{"damage":79,"enemies":"Giant Head","floor":41,"turns":7}],"seed_played":"800469824251345599","potions_obtained":[{"floor":3,"key":"FairyPotion"},{"floor":8,"key":"GamblersBrew"},{"floor":10,"key":"Energy Potion"},{"floor":25,"key":"Swift Potion"},{"floor":29,"key":"Explosive Potion"},{"floor":31,"key":"Fire Potion"},{"floor":33,"key":"Block Potion"},{"floor":34,"key":"AttackPotion"},{"floor":39,"key":"GamblersBrew"}],"is_trial":false,"path_per_floor":["M","?","M","M","$","R","M","M","T","E","$","R","?","?","R","B",null,"M","$","?","$","?","E","R","E","T","?","R","M","M","M","R","B",null,"M","M","?","?","M","R","E"],"character_chosen":"THE_SILENT","items_purchased":["Backflip","Predator","Cloak And Dagger","Night Terror","Lantern"],"campfire_rested":4,"item_purchase_floors":[5,11,11,19,19],"current_hp_per_floor":[63,68,68,68,68,68,68,60,60,46,46,46,46,46,66,21,57,47,47,47,47,41,8,29,22,22,88,88,81,63,49,76,7,74,64,43,85,85,50,75,0],"gold":452,"neow_bonus":"RANDOM_COMMON_RELIC","is_prod":false,"is_daily":false,"chose_seed":false,"campfire_upgraded":3,"win_rate":0,"timestamp":1547268695,"path_taken":["M","?","M","M","$","R","M","M","T","E","$","R","?","?","R","BOSS","M","$","?","?","?","E","R","E","T","?","R","M","M","M","R","BOSS","M","?","?","?","?","R","E"],"build_version":"2019-01-10","purchased_purges":0,"victory":false,"max_hp_per_floor":[70,75,75,75,75,75,75,75,75,75,75,75,69,69,69,69,69,69,69,69,69,69,71,71,78,78,88,88,88,90,90,90,90,95,95,97,85,85,85,85,85],"card_choices":[{"not_picked":["Sucker Punch","Catalyst"],"picked":"Dagger Spray","floor":1},{"not_picked":["Catalyst","Dagger Spray"],"picked":"Quick Slash","floor":3},{"not_picked":["Blade Dance","Backstab"],"picked":"After Image","floor":4},{"not_picked":["Distraction","Backflip"],"picked":"Dagger Spray","floor":7},{"not_picked":["Blade Dance","Concentrate"],"picked":"Deadly Poison","floor":8},{"not_picked":["Reflex","Dagger Throw"],"picked":"Escape Plan","floor":10},{"not_picked":["After Image+1","Venomology"],"picked":"Malaise","floor":16},{"not_picked":["Outmaneuver+1","PiercingWail+1"],"picked":"Dodge and Roll+1","floor":18},{"not_picked":["Dagger Throw","Reflex","Acrobatics"],"picked":"Singing Bowl","floor":23},{"not_picked":["Slice","Choke+1"],"picked":"Dash","floor":25},{"not_picked":["Concentrate","Poisoned Stab"],"picked":"PiercingWail","floor":29},{"not_picked":["Flying Knee","Heel Hook","Sucker Punch"],"picked":"Singing Bowl","floor":30},{"not_picked":["Reflex","Riddle With Holes"],"picked":"Blade Dance+1","floor":31},{"not_picked":["Burst","Grand Finale"],"picked":"Glass Knife","floor":33},{"not_picked":["Slice+1","Bane"],"picked":"Bouncing Flask","floor":34},{"not_picked":["Setup+1","PiercingWail+1"],"picked":"Catalyst","floor":35},{"not_picked":["Expertise","Prepared+1","All Out Attack+1"],"picked":"Singing Bowl","floor":36},{"not_picked":["Heel Hook","Quick Slash+1"],"picked":"Dodge and Roll+1","floor":39}],"player_experience":1243708,"relics_obtained":[{"floor":9,"key":"Singing Bowl"},{"floor":10,"key":"Frozen Egg 2"},{"floor":23,"key":"Bag of Marbles"},{"floor":25,"key":"Strawberry"},{"floor":26,"key":"Omamori"}],"event_choices":[{"damage_healed":0,"gold_gain":0,"player_choice":"Donut","damage_taken":0,"max_hp_gain":5,"max_hp_loss":0,"event_name":"Big Fish","floor":2,"gold_loss":0},{"damage_healed":0,"gold_gain":0,"player_choice":"Lose Max HP","damage_taken":0,"relics_obtained":["Golden Idol"],"max_hp_gain":0,"max_hp_loss":6,"event_name":"Golden Idol","floor":13,"gold_loss":0},{"damage_healed":0,"gold_gain":78,"player_choice":"Gained Gold","damage_taken":0,"max_hp_gain":0,"max_hp_loss":0,"event_name":"Golden Wing","floor":14,"gold_loss":0},{"damage_healed":0,"gold_gain":0,"player_choice":"Copied","damage_taken":0,"max_hp_gain":0,"max_hp_loss":0,"event_name":"Duplicator","floor":20,"gold_loss":0,"cards_obtained":["Noxious Fumes"]},{"damage_healed":0,"gold_gain":0,"player_choice":"Joined the Cult","damage_taken":6,"max_hp_gain":0,"max_hp_loss":0,"event_name":"Nest","floor":22,"gold_loss":0,"cards_obtained":["RitualDagger"]},{"cards_removed":["Storm of Steel"],"damage_healed":56,"gold_gain":0,"player_choice":"Offered Rare","damage_taken":0,"max_hp_gain":10,"max_hp_loss":0,"event_name":"Bonfire Elementals","floor":27,"gold_loss":0},{"damage_healed":85,"gold_gain":0,"player_choice":"Heal","damage_taken":0,"max_hp_gain":0,"max_hp_loss":12,"event_name":"The Moai Head","floor":37,"gold_loss":0},{"damage_healed":0,"gold_gain":0,"player_choice":"Trade","damage_taken":0,"relics_obtained":["SsserpentHead"],"max_hp_gain":0,"max_hp_loss":0,"event_name":"FaceTrader","floor":38,"gold_loss":0}],"is_beta":true,"boss_relics":[{"not_picked":["WristBlade","Velvet Choker"],"picked":"Pandora\u0027s Box"},{"not_picked":["Runic Pyramid","Coffee Dripper"],"picked":"Tiny House"}],"items_purged_floors":[],"is_endless":false,"potions_floor_spawned":[3,8,10,25,29,31,33,35,39],"killed_by":"Giant Head","ascension_level":6}