{"gold_per_floor":[113,12,12,187,262,288,298,314,314,326,366,397,409,435,447,556,568,591,603,118,99,115,115,115],"floor_reached":24,"playtime":1038,"items_purged":["Strike_B","Doubt"],"score":323,"play_id":"30b0808b-8d7d-437f-9223-2a300ccc0dd3","local_time":"20190130165632","is_ascension_mode":true,"campfire_choices":[{"data":"Genetic Algorithm","floor":10,"key":"SMITH"},{"data":"Biased Cognition","floor":13,"key":"SMITH"},{"floor":15,"key":"REST"},{"floor":23,"key":"REST"}],"neow_cost":"NONE","seed_source_timestamp":10663461542575,"circlet_count":0,"master_deck":["Strike_B","Strike_B","Strike_B","Defend_B","Defend_B","Defend_B","Defend_B","Zap","Dualcast","Streamline","Cold Snap","Genetic Algorithm+1","Ball Lightning+1","Hologram","Biased Cognition+1","Echo Form","Coolheaded","Go for the Eyes+1","Conserve Battery","Self Repair","BootSequence"],"relics":["Cracked Core","NeowsBlessing","Molten Egg 2","MawBank","Sundial","Sozu","Happy Flower","Ancient Tea Set"],"potions_floor_usage":[11,11,14,24],"damage_taken":[{"damage":0,"enemies":"2 Louse","floor":1,"turns":1},{"damage":0,"enemies":"3 Sentries","floor":6,"turns":1},{"damage":0,"enemies":"Small Slimes","floor":7,"turns":1},{"damage":2,"enemies":"Jaw Worm","floor":8,"turns":3},{"damage":8,"enemies":"Gremlin Nob","floor":11,"turns":3},{"damage":7,"enemies":"Exordium Thugs","floor":12,"turns":4},{"damage":18,"enemies":"Lots of Slimes","floor":14,"turns":4},{"damage":41,"enemies":"Slime Boss","floor":16,"turns":10},{"damage":0,"enemies":"Chosen","floor":18,"turns":4},{"damage":14,"enemies":"2 Thieves","floor":21,"turns":4},{"damage":11,"enemies":"Centurion and Healer","floor":22,"turns":8},{"damage":74,"enemies":"Gremlin Leader","floor":24,"turns":9}],"seed_played":"-8794565916281034080","potions_obtained":[{"floor":8,"key":"EntropicBrew"},{"floor":12,"key":"GamblersBrew"},{"floor":14,"key":"FocusPotion"}],"is_trial":false,"path_per_floor":["M","$","?","?","?","E","M","M","T","R","E","M","R","M","R","B",null,"M","?","$","M","M","R","E"],"character_chosen":"DEFECT","items_purchased":["Cold Snap","Go for the Eyes+1","Happy Flower","Conserve Battery","Ancient Tea Set"],"campfire_rested":2,"item_purchase_floors":[2,20,20,20,20],"current_hp_per_floor":[68,68,68,68,57,57,57,55,55,55,47,40,40,22,44,3,57,57,50,50,36,39,61,0],"gold":115,"neow_bonus":"THREE_ENEMY_KILL","is_prod":false,"is_daily":false,"chose_seed":false,"campfire_upgraded":2,"win_rate":0,"timestamp":1548885392,"path_taken":["M","$","?","?","?","E","M","M","T","R","E","?","R","M","R","BOSS","M","?","$","M","?","R","E"],"build_version":"2019-01-23","purchased_purges":2,"victory":false,"max_hp_per_floor":[75,75,75,75,75,75,75,75,75,75,75,75,75,75,75,75,75,75,75,75,75,75,75,75],"card_choices":[{"not_picked":["Scrape","Redo"],"picked":"Streamline","floor":1},{"not_picked":["Beam Cell","Go for the Eyes"],"picked":"Genetic Algorithm","floor":6},{"not_picked":["Hello World","BootSequence"],"picked":"Ball Lightning+1","floor":7},{"not_picked":["Storm","Reprogram"],"picked":"Hologram","floor":8},{"not_picked":["Stack","Undo"],"picked":"Biased Cognition","floor":11},{"not_picked":["Compile Driver+1","Sweeping Beam+1","Blizzard+1"],"picked":"SKIP","floor":12},{"not_picked":["Recycle","Barrage+1","Melter+1"],"picked":"SKIP","floor":14},{"not_picked":["Multi-Cast","Rainbow"],"picked":"Echo Form","floor":16},{"not_picked":["Gash+1","Redo"],"picked":"Coolheaded","floor":18},{"not_picked":["Fusion","Barrage+1"],"picked":"Self Repair","floor":21},{"not_picked":["Auto Shields","Ball Lightning+1"],"picked":"BootSequence","floor":22}],"player_experience":177402,"relics_obtained":[{"floor":6,"key":"Molten Egg 2"},{"floor":9,"key":"MawBank"},{"floor":11,"key":"Sundial"}],"event_choices":[{"damage_healed":0,"gold_gain":0,"player_choice":"Ignored","damage_taken":0,"max_hp_gain":0,"max_hp_loss":0,"event_name":"Shining Light","floor":3,"gold_loss":0},{"damage_healed":0,"gold_gain":175,"player_choice":"AGREE","damage_taken":0,"max_hp_gain":0,"max_hp_loss":0,"event_name":"Liars Game","floor":4,"gold_loss":0,"cards_obtained":["Doubt"]},{"damage_healed":0,"gold_gain":75,"player_choice":"Gather Gold","damage_taken":11,"max_hp_gain":0,"max_hp_loss":0,"event_name":"World of Goop","floor":5,"gold_loss":0},{"damage_healed":0,"gold_gain":0,"player_choice":"","damage_taken":7,"max_hp_gain":0,"max_hp_loss":0,"event_name":"Knowing Skull","floor":19,"potions_obtained":[],"gold_loss":0,"cards_obtained":[]}],"is_beta":false,"boss_relics":[{"not_picked":["Busted Crown","Eternal Feather"],"picked":"Sozu"}],"items_purged_floors":[2,20],"is_endless":false,"potions_floor_spawned":[8,12,14,18,21],"killed_by":"Gremlin Leader","ascension_level":8}