{"path_per_floor":["M","?","M","$","?","R","M","T","T","?","?","R","M","M","R","B",null,"M","?","M","$","M","R","?","M","T"],"character_chosen":"THE_SILENT","items_purchased":["Quick Slash"],"gold_per_floor":[111,111,127,4,4,4,27,77,101,131,131,131,146,162,162,285,285,308,308,326,226,251,251,251,264,290],"floor_reached":27,"campfire_rested":1,"playtime":1724,"current_hp_per_floor":[70,70,69,69,55,55,55,55,55,55,55,55,55,55,70,42,70,70,70,66,66,49,49,33,10,10],"items_purged":["Strike_G","Injury"],"gold":290,"score":203,"play_id":"0313d322-cb46-47d7-969b-fc9870978ba1","is_prod":false,"is_daily":false,"is_ascension_mode":false,"campfire_upgraded":3,"path_taken":["M","?","M","$","?","R","M","?","T","?","?","R","M","M","R","BOSS","M","?","M","$","M","R","?","M","T","?"],"build_version":"2018-02-22-PROD2","purchased_purges":2,"victory":false,"master_deck":["Defend_G","Defend_G+1","Defend_G","Defend_G","Defend_G","Strike_G","Strike_G","Strike_G","Survivor","Neutralize+1","Sucker Punch","Endless Agony+1","Quick Slash+1","Poisoned Stab+1","Bane","Envenom+1","Catalyst","Poisoned Stab","Deadly Poison","Cloak And Dagger+1","Blur+1"],"max_hp_per_floor":[70,70,70,70,70,70,70,70,70,70,70,70,70,70,70,70,70,70,70,70,70,70,70,70,70,70],"relics":["Ring of the Snake","Golden Idol","Snake Skull","Omamori","The Specimen","Nilry\u0027s Codex","Lantern"],"card_choices":[{"not_picked":["Night Terror","Riddle With Holes"],"picked":"Sucker Punch"},{"not_picked":["Malaise","Accuracy"],"picked":"Endless Agony"},{"not_picked":["PiercingWail","Outmaneuver"],"picked":"Poisoned Stab"},{"not_picked":["Underhanded Strike","Outmaneuver"],"picked":"Bane"},{"not_picked":["Adrenaline","Storm of Steel"],"picked":"Envenom"},{"not_picked":["Slice","Backflip"],"picked":"Catalyst"},{"not_picked":["PiercingWail","Dagger Throw"],"picked":"Deadly Poison"},{"not_picked":["Eviscerate","Prepared"],"picked":"Cloak And Dagger"},{"not_picked":["Expertise","Outmaneuver"],"picked":"Blur"}],"player_experience":244224,"potions_floor_usage":[14,16,16,16,22,25],"damage_taken":[{"damage":0,"enemies":"2 Louse","floor":1,"turns":3},{"damage":1,"enemies":"Jaw Worm","floor":3,"turns":5},{"damage":0,"enemies":"Small Slimes","floor":7,"turns":2},{"damage":0,"enemies":"Exordium Wildlife","floor":13,"turns":3},{"damage":0,"enemies":"Gremlin Gang","floor":14,"turns":1},{"damage":43,"enemies":"Slime Boss","floor":16,"turns":14},{"damage":0,"enemies":"Chosen","floor":18,"turns":4},{"damage":4,"enemies":"Shell Parasite","floor":20,"turns":7},{"damage":17,"enemies":"Snecko","floor":22,"turns":7},{"damage":23,"enemies":"Centurion and Healer","floor":25,"turns":6},{"damage":15,"enemies":"3 Cultists","floor":27,"turns":5}],"event_choices":[{"event_name":"Golden Idol","player_choice":"Take Wound","floor":2,"damage_taken":0},{"event_name":"Shining Light","player_choice":"Entered Light","floor":5,"damage_taken":0},{"event_name":"Dead Adventurer","player_choice":"Searched \u00271\u0027 times","floor":10,"damage_taken":0},{"event_name":"Purifier","player_choice":"One Purge","floor":11,"damage_taken":0},{"event_name":"The Library","player_choice":"Read","floor":19,"damage_taken":0},{"event_name":"Cursed Tome","player_choice":"Obtained Book","floor":24,"damage_taken":0}],"boss_relics":[{"not_picked":["Sozu","Tiny House"],"picked":"The Specimen"}],"potions_floor_spawned":[3,7,13,14,18,20],"seed_played":"-6141951524576775910","killed_by":"3 Cultists","ascension_level":0,"is_trial":false}