{"path_per_floor":["M","?","M","M","M","R","E","?","T","R","M","$","M","?","R","B",null,"M"],"character_chosen":"THE_SILENT","items_purchased":[],"gold_per_floor":[113,63,78,94,105,105,133,133,133,133,148,98,117,217,217,322,322,334],"floor_reached":19,"campfire_rested":1,"playtime":1303,"current_hp_per_floor":[70,70,66,64,55,55,47,47,47,47,36,36,36,36,57,32,70,35],"items_purged":["Strike_G"],"gold":334,"score":194,"play_id":"600e09d5-fa01-4786-aa6e-4c23f638c076","local_time":"20180305223119","is_prod":false,"is_daily":false,"is_ascension_mode":true,"campfire_upgraded":0,"timestamp":1520307079,"path_taken":["M","?","M","M","?","R","E","?","T","R","M","?","?","?","R","BOSS","M","M"],"build_version":"2018-03-01-PROD1","purchased_purges":1,"victory":false,"master_deck":["Defend_G","Defend_G","Defend_G","Defend_G","Defend_G","Strike_G","Strike_G","Strike_G","Strike_G+1","Survivor","Neutralize+1","PiercingWail","Noxious Fumes","Backflip","Escape Plan","Tools of the Trade","Storm of Steel","Cloak And Dagger","Blur","All Out Attack","Caltrops"],"max_hp_per_floor":[70,70,70,70,70,70,70,70,70,70,70,70,70,70,70,70,70,70],"relics":["Ring of the Snake","Shovel","Ninja Scroll","Smiling Mask","Happy Flower","Whetstone","Orrery"],"card_choices":[{"not_picked":["Concentrate","Catalyst"],"picked":"PiercingWail"},{"not_picked":["Reflex","PiercingWail"],"picked":"Noxious Fumes"},{"not_picked":["Distraction","Infinite Blades"],"picked":"Backflip"},{"not_picked":["All Out Attack","Dodge and Roll"],"picked":"Escape Plan"},{"not_picked":["Backflip","Dagger Spray"],"picked":"Tools of the Trade"},{"not_picked":["Night Terror","Grand Finale"],"picked":"Storm of Steel"},{"not_picked":["Predator","Dagger Throw"],"picked":"Cloak And Dagger"},{"not_picked":["Masterful Stab","Dash"],"picked":"Blur"},{"not_picked":["Expertise","Deadly Poison"],"picked":"All Out Attack"},{"not_picked":["Dagger Throw","Poisoned Stab"],"picked":"Caltrops"}],"player_experience":420656,"potions_floor_usage":[7,11,16,16,18],"damage_taken":[{"damage":0,"enemies":"2 Louse","floor":1,"turns":2},{"damage":4,"enemies":"Small Slimes","floor":3,"turns":4},{"damage":2,"enemies":"Jaw Worm","floor":4,"turns":7},{"damage":9,"enemies":"Red Slaver","floor":5,"turns":6},{"damage":8,"enemies":"3 Sentries","floor":7,"turns":6},{"damage":11,"enemies":"3 Louse","floor":11,"turns":3},{"damage":0,"enemies":"Blue Slaver","floor":13,"turns":4},{"damage":25,"enemies":"Slime Boss","floor":16,"turns":16},{"damage":35,"enemies":"Chosen","floor":18,"turns":8},{"damage":36,"enemies":"Spheric Guardian","floor":19,"turns":7}],"event_choices":[{"event_name":"The Cleric","player_choice":"Card Removal","floor":2,"damage_taken":0},{"event_name":"Liars Game","player_choice":"disagreed","floor":8,"damage_taken":0},{"event_name":"Wheel of Change","player_choice":"Gold","floor":14,"damage_taken":0}],"boss_relics":[{"not_picked":["Question Card","Runic Dome"],"picked":"Orrery"}],"potions_floor_spawned":[1,3,11,13,16,18],"seed_played":"-9221452692951572371","killed_by":"Spheric Guardian","ascension_level":3,"is_trial":false}