{"path_per_floor":["M","M","?","?","M","E","R","E","T","?","R","M","M","$","R","B",null,"M","?","M","M","M","E","M","$","T","M","?","R","E","M","R","B",null,"M","M","?","M","?","E","M","R","T","E","R","T","?","M","R","B"],"character_chosen":"IRONCLAD","items_purchased":["Pen Nib"],"gold_per_floor":[115,126,126,226,247,283,283,323,349,299,299,314,334,114,114,240,240,165,165,165,165,165,165,165,65,65,65,65,65,65,65,65,65,65,65,65,65,65,65,65,65,65,65,65,65,65,65,65,65,65],"floor_reached":51,"campfire_rested":1,"playtime":2794,"current_hp_per_floor":[78,75,75,75,80,55,55,55,55,55,55,57,58,58,58,39,80,72,72,68,72,71,68,66,66,66,59,59,59,50,54,78,55,80,80,60,50,56,55,56,49,49,49,53,53,55,55,53,53,44],"items_purged":["Strike_R","Strike_R"],"gold":65,"score":784,"play_id":"0cd662d1-21dc-4379-93b8-0da20fbf8797","local_time":"20180315212339","is_prod":false,"is_daily":false,"is_ascension_mode":false,"campfire_upgraded":7,"timestamp":1521163419,"path_taken":["M","M","?","?","M","E","R","E","T","?","R","?","M","$","R","BOSS","M","?","?","M","?","E","M","$","T","M","?","R","E","M","R","BOSS","M","M","?","M","?","E","M","R","T","E","R","?","?","M","R","BOSS"],"build_version":"2018-03-15","purchased_purges":2,"victory":true,"master_deck":["Strike_R","Strike_R","Strike_R","Defend_R","Defend_R","Defend_R","Bash","Cleave+1","Twin Strike","Armaments+1","Shrug It Off","Blood for Blood","Armaments+1","Rampage","Barricade+1","Power Through+1","Spot Weakness+1","Battle Trance+1","Body Slam","Body Slam","Metallicize","Flex+1","Entrench+1","Thunderclap","Shrug It Off","Immolate","Sword Boomerang+1","Iron Wave+1","Madness","Madness","Armaments+1","Ghostly Armor+1","Whirlwind+1","Power Through+1","Hemokinesis+1","Double Tap+1","Parasite","Power Through+1"],"max_hp_per_floor":[80,80,80,80,80,80,80,80,80,80,80,80,80,80,80,80,80,80,80,80,80,80,80,80,80,80,80,80,80,80,80,80,80,80,80,80,80,80,80,80,80,80,80,80,80,82,82,82,82,82],"relics":["Burning Blood","Omamori","Golden Idol","Centennial Puzzle","Matryoshka","Meat on the Bone","Prayer Wheel","Pen Nib","Ectoplasm","Pantograph","War Paint","Happy Flower","Juzu Bracelet","Cursed Key","Red Skull","Bottled Lightning","Ginger","Singing Bowl","Dead Branch"],"card_choices":[{"not_picked":["Hemokinesis","Flex"],"picked":"Cleave"},{"not_picked":["Iron Wave","Pommel Strike"],"picked":"Twin Strike"},{"not_picked":["Clothesline","Feed"],"picked":"Armaments"},{"not_picked":["Warcry","Flex"],"picked":"Shrug It Off"},{"not_picked":["Intimidate","Carnage"],"picked":"Blood for Blood"},{"not_picked":["Infernal Blade","Warcry"],"picked":"Armaments"},{"not_picked":["Sever Soul","Warcry"],"picked":"Rampage"},{"not_picked":["Immolate","Dark Embrace"],"picked":"Barricade"},{"not_picked":["Warcry","Anger"],"picked":"Power Through"},{"not_picked":["Clothesline","Perfected Strike"],"picked":"Battle Trance"},{"not_picked":["Corruption","Pommel Strike"],"picked":"Body Slam"},{"not_picked":["Dropkick","Clothesline"],"picked":"Body Slam"},{"not_picked":["Pommel Strike","Fiend Fire"],"picked":"Metallicize"},{"not_picked":["Twin Strike","Second Wind"],"picked":"Flex"},{"not_picked":["Havoc","Shockwave"],"picked":"Entrench"},{"not_picked":["Twin Strike","Cleave"],"picked":"Thunderclap"},{"not_picked":["Perfected Strike","Thunderclap"],"picked":"Shrug It Off"},{"not_picked":["Demon Form","Exhume"],"picked":"Immolate"},{"not_picked":["Dropkick","Hemokinesis"],"picked":"Sword Boomerang"},{"not_picked":["Havoc","Carnage"],"picked":"Iron Wave"},{"not_picked":["Heavy Blade","Searing Blow"],"picked":"Armaments"},{"not_picked":["Warcry","Perfected Strike"],"picked":"Ghostly Armor"},{"not_picked":["Pommel Strike","Spot Weakness"],"picked":"Whirlwind"},{"not_picked":["Heavy Blade","Inflame"],"picked":"Power Through"},{"not_picked":["Intimidate","Feel No Pain"],"picked":"Hemokinesis"},{"not_picked":["Body Slam","Clothesline"],"picked":"Double Tap"},{"not_picked":["Dual Wield","Heavy Blade"],"picked":"Power Through"}],"player_experience":568259,"potions_floor_usage":[6,8,20,23,30,30,31,40,44,50,50,50],"damage_taken":[{"damage":8,"enemies":"2 Louse","floor":1,"turns":3},{"damage":9,"enemies":"Small Slimes","floor":2,"turns":3},{"damage":1,"enemies":"Cultist","floor":5,"turns":3},{"damage":31,"enemies":"Lagavulin","floor":6,"turns":5},{"damage":6,"enemies":"3 Sentries","floor":8,"turns":6},{"damage":4,"enemies":"Blue Slaver","floor":12,"turns":5},{"damage":5,"enemies":"Lots of Slimes","floor":13,"turns":3},{"damage":37,"enemies":"The Guardian","floor":16,"turns":11},{"damage":14,"enemies":"2 Thieves","floor":18,"turns":5},{"damage":10,"enemies":"Spheric Guardian","floor":20,"turns":5},{"damage":2,"enemies":"Snecko","floor":21,"turns":5},{"damage":7,"enemies":"3 Cultists","floor":22,"turns":5},{"damage":9,"enemies":"Gremlin Leader","floor":23,"turns":4},{"damage":8,"enemies":"Snake Plant","floor":24,"turns":4},{"damage":13,"enemies":"Centurion and Healer","floor":27,"turns":16},{"damage":27,"enemies":"Slavers","floor":30,"turns":5},{"damage":14,"enemies":"Cultist and Chosen","floor":31,"turns":4},{"damage":43,"enemies":"Collector","floor":33,"turns":11},{"damage":5,"enemies":"Orb Walker","floor":35,"turns":3},{"damage":26,"enemies":"3 Darklings","floor":36,"turns":4},{"damage":12,"enemies":"4 Shapes","floor":38,"turns":6},{"damage":19,"enemies":"Mysterious Sphere","floor":39,"turns":5},{"damage":17,"enemies":"2 Orb Walkers","floor":40,"turns":4},{"damage":13,"enemies":"Sphere and 2 Shapes","floor":41,"turns":5},{"damage":2,"enemies":"Giant Head","floor":44,"turns":7},{"damage":8,"enemies":"Maw","floor":48,"turns":7},{"damage":52,"enemies":"Awakened One","floor":50,"turns":10}],"event_choices":[{"event_name":"Golden Idol","player_choice":"Take Wound","floor":3,"damage_taken":0},{"event_name":"Golden Shrine","player_choice":"Pray","floor":4,"damage_taken":0},{"event_name":"The Cleric","player_choice":"Card Removal","floor":10,"damage_taken":0},{"event_name":"Match and Keep!","player_choice":"1 cards matched","floor":19,"damage_taken":0},{"event_name":"Golden Shrine","player_choice":"Pray","floor":28,"damage_taken":0},{"event_name":"Winding Halls","player_choice":"Embrace Madness","floor":37,"damage_taken":0},{"event_name":"Mysterious Sphere","player_choice":"Fight","floor":39,"damage_taken":0},{"event_name":"The Moai Head","player_choice":"Ignored","floor":47,"damage_taken":0}],"boss_relics":[{"not_picked":["Runic Dome","White Beast Statue"],"picked":"Ectoplasm"},{"not_picked":["Tiny House","Black Star"],"picked":"Cursed Key"}],"potions_floor_spawned":[1,5,13,18,20,27,30,35,38,40,41,44],"seed_played":"-829066140664408348","ascension_level":0,"is_trial":false}