{"gold_per_floor":[109,123,43,43,62,77,77,93,166,199,199,218,218,242,242,346,346,366,385,134,134,152,152,165,165,191,191,222,222,253,253],"floor_reached":31,"playtime":1147,"items_purged":["Strike_B"],"score":293,"play_id":"d9c9c176-d748-4176-944e-a389aede4bf6","local_time":"20180713220801","is_ascension_mode":true,"campfire_choices":[{"data":"Defragment","floor":7,"key":"SMITH"},{"floor":13,"key":"REST"},{"floor":15,"key":"DIG"},{"floor":23,"key":"DIG"},{"floor":25,"key":"DIG"},{"floor":29,"key":"REST"}],"neow_cost":"NONE","seed_source_timestamp":2509446651767237,"circlet_count":0,"master_deck":["Strike_B","Strike_B","Defend_B","Defend_B","Defend_B","Defend_B","Zap","Dualcast","Loop","Redo","Loop","Beam Cell","Defragment+1","Steam","Hologram","Conserve Battery","Buffer","Lockon+1","Sunder","Echo Form","Turbo","Static Discharge","Go for the Eyes","Core Surge","Cold Snap","Steam"],"relics":["Cracked Core","Anchor","Gremlin Horn","Shovel","Ancient Tea Set","Oddly Smooth Stone","Matryoshka","Sozu","Mercury Hourglass","Kunai","Regal Pillow","Juzu Bracelet","Orichalcum","Red Mask"],"potions_floor_usage":[8,12,22],"damage_taken":[{"damage":0,"enemies":"Cultist","floor":1,"turns":4},{"damage":0,"enemies":"Small Slimes","floor":2,"turns":3},{"damage":0,"enemies":"Jaw Worm","floor":5,"turns":3},{"damage":0,"enemies":"Red Slaver","floor":6,"turns":3},{"damage":0,"enemies":"Blue Slaver","floor":8,"turns":4},{"damage":30,"enemies":"Lagavulin","floor":10,"turns":6},{"damage":12,"enemies":"Exordium Thugs","floor":12,"turns":3},{"damage":29,"enemies":"The Guardian","floor":16,"turns":10},{"damage":6,"enemies":"Spheric Guardian","floor":18,"turns":4},{"damage":6,"enemies":"Shell Parasite","floor":19,"turns":7},{"damage":7,"enemies":"Centurion and Healer","floor":22,"turns":6},{"damage":4,"enemies":"Snecko","floor":24,"turns":4},{"damage":51,"enemies":"Slavers","floor":28,"turns":4},{"damage":35,"floor":30,"turns":4},{"damage":10,"enemies":"Snake Plant","floor":31,"turns":3}],"seed_played":"-6601254161561648194","potions_obtained":[{"floor":5,"key":"SkillPotion"},{"floor":8,"key":"Explosive Potion"},{"floor":12,"key":"Energy Potion"}],"is_trial":false,"path_per_floor":["M","M","$","?","M","M","R","M","T","E","?","M","R","T","R","B",null,"M","M","$","?","M","R","M","R","T","?","E","R","?"],"character_chosen":"DEFECT","items_purchased":["Loop","Beam Cell","Echo Form","Turbo"],"campfire_rested":2,"item_purchase_floors":[3,3,20,20],"current_hp_per_floor":[75,75,75,75,75,75,75,75,75,45,27,15,37,37,37,8,75,69,63,63,63,56,56,52,52,52,52,1,38,3,0],"gold":253,"neow_bonus":"RANDOM_COMMON_RELIC","is_prod":false,"is_daily":false,"chose_seed":false,"campfire_upgraded":1,"win_rate":0,"timestamp":1531534081,"path_taken":["M","?","$","?","M","M","R","?","T","E","?","?","R","?","R","BOSS","M","M","$","?","M","R","M","R","T","?","E","R","?","M"],"build_version":"2018-07-12","purchased_purges":1,"victory":false,"max_hp_per_floor":[75,75,75,75,75,75,75,75,75,75,75,75,75,75,75,75,75,75,75,75,75,75,75,75,75,75,75,75,75,75,75],"card_choices":[{"not_picked":["Barrage","Scrape"],"picked":"Loop","floor":1},{"not_picked":["Turbo","Storm"],"picked":"Redo","floor":2},{"not_picked":["Leap","Conserve Battery"],"picked":"Defragment","floor":5},{"not_picked":["Gash","Coolheaded"],"picked":"Steam","floor":6},{"not_picked":["Barrage","Biased Cognition","Streamline"],"picked":"SKIP","floor":8},{"not_picked":["Recycle","Force Field"],"picked":"Hologram","floor":10},{"not_picked":["Loop","Sweeping Beam"],"picked":"Conserve Battery","floor":12},{"not_picked":["Biased Cognition","Hyperbeam"],"picked":"Buffer","floor":16},{"not_picked":["Beam Cell+1","Recycle"],"picked":"Lockon+1","floor":18},{"not_picked":["Cold Snap","Coolheaded"],"picked":"Sunder","floor":19},{"not_picked":["Leap","Storm+1"],"picked":"Static Discharge","floor":22},{"not_picked":["Compile Driver","FTL"],"picked":"Go for the Eyes","floor":24},{"not_picked":["Rebound","Redo"],"picked":"Cold Snap","floor":28},{"not_picked":["Turbo","Hello World"],"picked":"Steam","floor":30}],"player_experience":554859,"relics_obtained":[{"floor":9,"key":"Gremlin Horn"},{"floor":10,"key":"Shovel"},{"floor":14,"key":"Oddly Smooth Stone"},{"floor":15,"key":"Matryoshka"},{"floor":23,"key":"Mercury Hourglass"},{"floor":25,"key":"Kunai"},{"floor":26,"key":"Regal Pillow"},{"floor":26,"key":"Juzu Bracelet"},{"floor":28,"key":"Orichalcum"},{"floor":30,"key":"Red Mask"}],"event_choices":[{"event_name":"Purifier","player_choice":"One Purge","floor":4,"damage_taken":0},{"event_name":"Scrap Ooze","player_choice":"success","floor":11,"damage_taken":18},{"event_name":"Drug Dealer","player_choice":"Ignored","floor":21,"damage_taken":0},{"event_name":"The Library","player_choice":"Read","floor":27,"damage_taken":0},{"event_name":"Masked Bandits","player_choice":"Fought over 222 gold","floor":30,"damage_taken":0}],"boss_relics":[{"not_picked":["Snecko Eye","Runic Dome"],"picked":"Sozu"}],"items_purged_floors":[20],"is_endless":false,"potions_floor_spawned":[5,8,12,22,30],"killed_by":"Snake Plant","ascension_level":3}