{"path_per_floor":["M","M","?","M","M","R","E","R","T","R","E","$","?","$","R","B",null,"M","?","M","?","$","E","$"],"character_chosen":"THE_SILENT","items_purchased":["Shuriken","Dagger Spray","Backflip","Flying Knee","Heel Hook"],"gold_per_floor":[113,125,200,210,221,221,256,256,281,281,315,61,61,12,12,109,109,128,178,168,93,22,52,15],"floor_reached":25,"campfire_rested":2,"playtime":1319,"current_hp_per_floor":[69,69,58,57,51,51,31,31,38,61,17,17,17,17,40,37,77,70,70,64,64,64,51,51],"items_purged":[],"gold":15,"score":272,"play_id":"3877e88f-7f90-417d-bcba-db599a6330a6","local_time":"20180318220946","is_prod":false,"is_daily":false,"is_ascension_mode":true,"campfire_upgraded":2,"timestamp":1521425386,"path_taken":["M","M","?","M","M","R","E","R","T","R","E","$","?","$","R","BOSS","M","?","M","?","$","E","?","E"],"build_version":"2018-03-15v3","purchased_purges":0,"victory":false,"master_deck":["Defend_G","Defend_G","Defend_G","Defend_G","Defend_G","Strike_G","Strike_G","Strike_G","Strike_G","Survivor","Neutralize+1","After Image+1","Sucker Punch","Outmaneuver","Finisher","Prepared","Dagger Throw","Dagger Spray","Burst","Dodge and Roll","Backflip","Flying Knee","Masterful Stab+1","Heel Hook"],"max_hp_per_floor":[70,70,70,70,70,70,70,70,77,77,77,77,77,77,77,77,77,77,77,77,77,77,77,77],"relics":["Ring of the Snake","Juzu Bracelet","Bag of Marbles","Strawberry","Pantograph","Shuriken","Cursed Key","Orichalcum"],"card_choices":[{"not_picked":["Underhanded Strike","Poisoned Stab"],"picked":"After Image"},{"not_picked":["Prepared","Deflect"],"picked":"Sucker Punch"},{"not_picked":["Endless Agony","Bane"],"picked":"Outmaneuver"},{"not_picked":["Underhanded Strike","Poisoned Stab"],"picked":"Finisher"},{"not_picked":["Bane","Acrobatics"],"picked":"Prepared"},{"not_picked":["Envenom","Underhanded Strike"],"picked":"Dagger Throw"},{"not_picked":["Doppelganger","Envenom"],"picked":"Burst"},{"not_picked":["PiercingWail","Finisher"],"picked":"Dodge and Roll"},{"not_picked":["Corpse Explosion","Distraction"],"picked":"Masterful Stab"}],"player_experience":601783,"potions_floor_usage":[5,7,16,23,25],"damage_taken":[{"damage":1,"enemies":"Small Slimes","floor":1,"turns":5},{"damage":0,"enemies":"2 Louse","floor":2,"turns":6},{"damage":1,"enemies":"Jaw Worm","floor":4,"turns":6},{"damage":6,"enemies":"Large Slime","floor":5,"turns":12},{"damage":20,"enemies":"3 Sentries","floor":7,"turns":11},{"damage":44,"enemies":"Lagavulin","floor":11,"turns":9},{"damage":43,"enemies":"Hexaghost","floor":16,"turns":13},{"damage":7,"enemies":"Spheric Guardian","floor":18,"turns":4},{"damage":6,"enemies":"2 Thieves","floor":20,"turns":4},{"damage":13,"enemies":"Book of Stabbing","floor":23,"turns":6},{"damage":52,"enemies":"Slavers","floor":25,"turns":4}],"event_choices":[{"event_name":"World of Goop","player_choice":"Gather Gold","floor":3,"damage_taken":0},{"event_name":"Golden Wing","player_choice":"Ignored","floor":13,"damage_taken":0},{"event_name":"The Joust","player_choice":"Bet on Murderer","floor":19,"damage_taken":0},{"event_name":"Beggar","player_choice":"Gave Gold","floor":21,"damage_taken":0}],"boss_relics":[{"not_picked":["Tiny House","Question Card"],"picked":"Cursed Key"}],"potions_floor_spawned":[2,5,11,20,23],"seed_played":"6249351168948544098","killed_by":"Slavers","ascension_level":4,"is_trial":false}