{"gold_per_floor":[111,61,61,20,85,85,114,114,138,152,164,191,191,40,40,119,119,137,157,157,72,83,83,83,103,103,103,63,83,102,112,112,112],"floor_reached":33,"playtime":1959,"items_purged":["Strike_G"],"score":434,"play_id":"88352e42-abf7-4adb-bdca-0ec91ac93e2f","local_time":"20181205143955","is_ascension_mode":true,"campfire_choices":[{"data":"After Image","floor":6,"key":"SMITH"},{"floor":8,"key":"REST"},{"data":"Neutralize","floor":15,"key":"SMITH"},{"data":"Cloak And Dagger","floor":23,"key":"SMITH"},{"floor":27,"key":"REST"},{"floor":32,"key":"REST"}],"neow_cost":"CURSE","seed_source_timestamp":1711345800857387,"circlet_count":0,"master_deck":["AscendersBane","Defend_G+1","Defend_G+1","Defend_G+1","Defend_G+1","Defend_G+1","Strike_G+1","Strike_G+1","Strike_G+1","Strike_G+1","Survivor","Neutralize+1","After Image+1","Poisoned Stab","Predator","Wraith Form v2","Caltrops","Blade Dance","Dagger Spray","Sucker Punch","PiercingWail","Malaise","Finisher+1","Cloak And Dagger+1","Deflect+1","Adrenaline+1","Dash","Distraction","Cloak And Dagger"],"relics":["Ring of the Snake","Paper Crane","Boot","Pear","Eternal Feather","Orichalcum","Matryoshka"],"potions_floor_usage":[12,29,29,33],"damage_taken":[{"damage":0,"enemies":"Small Slimes","floor":1,"turns":6},{"damage":20,"enemies":"Gremlin Nob","floor":7,"turns":5},{"damage":0,"enemies":"Jaw Worm","floor":10,"turns":3},{"damage":9,"enemies":"Cultist","floor":11,"turns":5},{"damage":17,"enemies":"3 Sentries","floor":12,"turns":10},{"damage":32,"enemies":"Slime Boss","floor":16,"turns":14},{"damage":13,"enemies":"Chosen","floor":18,"turns":6},{"damage":10,"enemies":"3 Byrds","floor":19,"turns":5},{"damage":18,"enemies":"Centurion and Healer","floor":22,"turns":13},{"damage":21,"enemies":"Shelled Parasite and Fungi","floor":25,"turns":7},{"damage":33,"enemies":"3 Cultists","floor":29,"turns":8},{"damage":2,"enemies":"Centurion and Healer","floor":30,"turns":8},{"damage":7,"enemies":"Snecko","floor":31,"turns":5},{"damage":46,"enemies":"Automaton","floor":33,"turns":10}],"seed_played":"3744763205168140800","potions_obtained":[{"floor":1,"key":"Explosive Potion"},{"floor":10,"key":"Regen Potion"},{"floor":11,"key":"Dexterity Potion"},{"floor":22,"key":"GamblersBrew"},{"floor":25,"key":"GhostInAJar"},{"floor":31,"key":"SteroidPotion"}],"is_trial":false,"path_per_floor":["M","?","T","$","?","R","E","R","T","M","M","E","?","$","R","B",null,"M","M","?","?","M","R","?","M","T","R","?","M","M","M","R","B"],"character_chosen":"THE_SILENT","items_purchased":["Predator","Sucker Punch","PiercingWail"],"campfire_rested":3,"item_purchase_floors":[4,14,14],"current_hp_per_floor":[59,59,59,59,59,59,39,58,58,58,49,57,42,42,42,10,60,47,37,37,37,19,34,34,13,13,50,50,17,15,8,45,0],"gold":112,"neow_bonus":"THREE_RARE_CARDS","is_prod":false,"is_daily":false,"chose_seed":false,"campfire_upgraded":3,"win_rate":0,"timestamp":1544038795,"path_taken":["M","?","?","$","?","R","E","R","T","?","?","E","?","?","R","BOSS","M","M","?","?","M","R","?","?","T","R","?","?","M","M","R","BOSS"],"build_version":"2018-12-05","purchased_purges":1,"victory":false,"max_hp_per_floor":[66,66,66,66,66,66,66,66,66,66,66,76,76,76,76,76,76,76,76,76,76,76,76,76,76,76,76,76,76,76,76,76,76],"card_choices":[{"not_picked":["Tools of the Trade","Storm of Steel"],"picked":"After Image","floor":0},{"not_picked":["Dodge and Roll","Backflip"],"picked":"Poisoned Stab","floor":1},{"not_picked":["Reflex","All Out Attack"],"picked":"Wraith Form v2","floor":7},{"not_picked":["Blade Dance","Deflect"],"picked":"Caltrops","floor":10},{"not_picked":["Accuracy","Outmaneuver"],"picked":"Blade Dance","floor":11},{"not_picked":["Setup","PiercingWail"],"picked":"Dagger Spray","floor":12},{"not_picked":["Storm of Steel","Phantasmal Killer"],"picked":"Malaise","floor":16},{"not_picked":["Dodge and Roll","Bouncing Flask"],"picked":"Finisher+1","floor":18},{"not_picked":["Backflip","Dagger Spray"],"picked":"Cloak And Dagger","floor":19},{"not_picked":["Slice+1","Distraction"],"picked":"Deflect+1","floor":22},{"not_picked":["Blur","PiercingWail"],"picked":"Adrenaline","floor":25},{"not_picked":["Poisoned Stab","Blade Dance+1"],"picked":"Dash","floor":29},{"not_picked":["Deadly Poison","Dagger Throw"],"picked":"Distraction","floor":30},{"not_picked":["Deflect","Blade Dance"],"picked":"Cloak And Dagger","floor":31}],"player_experience":940530,"relics_obtained":[{"floor":3,"key":"Paper Crane"},{"floor":7,"key":"Boot"},{"floor":12,"key":"Pear"},{"floor":26,"key":"Matryoshka"}],"event_choices":[{"cards_removed":["Shame"],"damage_healed":0,"gold_gain":0,"player_choice":"Card Removal","damage_taken":0,"max_hp_gain":0,"max_hp_loss":0,"event_name":"The Cleric","floor":2,"gold_loss":50},{"damage_healed":0,"gold_gain":65,"player_choice":"Gained Gold","damage_taken":0,"max_hp_gain":0,"max_hp_loss":0,"event_name":"Golden Wing","floor":5,"gold_loss":0},{"damage_healed":0,"gold_gain":0,"player_choice":"Entered Light","damage_taken":15,"max_hp_gain":0,"max_hp_loss":0,"event_name":"Shining Light","floor":13,"gold_loss":0,"cards_upgraded":["Defend_G","Strike_G"]},{"damage_healed":0,"gold_gain":0,"player_choice":"Simplicity","damage_taken":0,"max_hp_gain":0,"max_hp_loss":0,"event_name":"Back to Basics","floor":20,"gold_loss":0,"cards_upgraded":["Defend_G","Defend_G","Defend_G","Defend_G","Strike_G","Strike_G","Strike_G"]},{"damage_healed":0,"gold_gain":0,"player_choice":"Obtained Relic","damage_taken":0,"relics_obtained":["Orichalcum"],"max_hp_gain":0,"max_hp_loss":0,"event_name":"Addict","floor":21,"gold_loss":85},{"damage_healed":0,"gold_gain":0,"player_choice":"Ignored","damage_taken":0,"max_hp_gain":0,"max_hp_loss":0,"event_name":"Vampires","floor":24,"gold_loss":0},{"damage_healed":0,"gold_gain":0,"player_choice":"Upgrade","damage_taken":0,"max_hp_gain":0,"max_hp_loss":0,"event_name":"Designer","floor":28,"gold_loss":40,"cards_upgraded":["Adrenaline"]}],"is_beta":true,"boss_relics":[{"not_picked":["Velvet Choker","Coffee Dripper"],"picked":"Eternal Feather"}],"items_purged_floors":[14],"is_endless":false,"potions_floor_spawned":[1,10,11,22,25,31],"killed_by":"Automaton","ascension_level":14}