{"path_per_floor":["M","$","M","?","M","R","M","R","T","$","M","E","R","M","R","B",null,"M","M"],"character_chosen":"IRONCLAD","items_purchased":[],"gold_per_floor":[118,43,53,53,66,66,82,82,106,6,24,83,83,102,102,199,199,209,219,219],"floor_reached":20,"campfire_rested":2,"playtime":888,"current_hp_per_floor":[80,80,79,61,64,64,52,52,52,52,48,28,52,55,79,52,80,45,47,0],"items_purged":["Doubt","Strike_R"],"gold":219,"score":202,"play_id":"3c9219ed-4ae3-4b75-8200-7d07799d10d3","local_time":"20180408195058","is_prod":false,"is_daily":false,"is_ascension_mode":true,"campfire_upgraded":2,"timestamp":1523231458,"path_taken":["M","$","M","?","?","R","?","R","T","$","M","E","R","M","R","BOSS","M","M","?"],"build_version":"2018-04-05","purchased_purges":2,"victory":false,"master_deck":["Strike_R","Strike_R","Strike_R","Strike_R","Defend_R","Defend_R","Defend_R","Defend_R","Bash","Anger","Shockwave+1","Dropkick+1","Cleave","Limit Break","Seeing Red","Dropkick","Flex","Brutality","Armaments"],"max_hp_per_floor":[80,80,80,80,80,80,80,80,80,80,80,80,80,80,80,80,80,80,80,80],"relics":["Burning Blood","Ginger","Dream Catcher","Bag of Preparation","Tiny Chest","Mark of Pain"],"card_choices":[{"not_picked":["Ghostly Armor","Seeing Red"],"picked":"Anger","floor":1},{"not_picked":["Clothesline","Flex"],"picked":"Shockwave","floor":3},{"not_picked":["Cleave","Twin Strike"],"picked":"Dropkick","floor":5},{"not_picked":["Berserk","Clothesline"],"picked":"Cleave","floor":7},{"not_picked":["Anger","Reckless Charge"],"picked":"Limit Break","floor":11},{"not_picked":["Havoc","Clothesline"],"picked":"Seeing Red","floor":12},{"not_picked":["Cleave","Havoc"],"picked":"Dropkick","floor":13},{"not_picked":["Sever Soul","Rupture"],"picked":"Flex","floor":14},{"not_picked":["Bludgeon","Fiend Fire"],"picked":"Brutality","floor":16},{"not_picked":["Ghostly Armor","Dual Wield"],"picked":"Armaments","floor":18}],"player_experience":145656,"potions_floor_usage":[11,16,20,20],"damage_taken":[{"damage":4,"enemies":"Jaw Worm","floor":1,"turns":5},{"damage":7,"enemies":"2 Louse","floor":3,"turns":3},{"damage":3,"enemies":"Cultist","floor":5,"turns":4},{"damage":18,"enemies":"Lots of Slimes","floor":7,"turns":3},{"damage":16,"enemies":"Gremlin Gang","floor":11,"turns":3},{"damage":26,"enemies":"Gremlin Nob","floor":12,"turns":5},{"damage":3,"enemies":"Looter","floor":14,"turns":2},{"damage":33,"enemies":"The Guardian","floor":16,"turns":7},{"damage":41,"enemies":"Shell Parasite","floor":18,"turns":6},{"damage":4,"enemies":"3 Byrds","floor":19,"turns":6},{"damage":51,"enemies":"Slaver and Parasite","floor":20,"turns":8}],"event_choices":[{"event_name":"Scrap Ooze","player_choice":"success","floor":4,"damage_taken":18}],"boss_relics":[{"not_picked":["Runic Pyramid","Runic Dome"],"picked":"Mark of Pain"}],"potions_floor_spawned":[1,3,7,11],"seed_played":"6103432610221814827","killed_by":"Slaver and Parasite","ascension_level":3,"is_trial":false}