{"path_per_floor":["M","?","?","M","T","E","R","E","T","E","?","M","$","M","R","B",null,"M","$","M","?","?","R","M","R","T","M","M","M","R","M","R"],"character_chosen":"THE_SILENT","items_purchased":["Happy Flower","Poisoned Stab"],"gold_per_floor":[114,114,114,138,138,171,171,214,214,254,254,272,50,74,74,198,198,123,1,21,21,21,21,46,46,46,66,82,100,100,123,123],"floor_reached":33,"campfire_rested":2,"playtime":2921,"current_hp_per_floor":[70,56,56,56,56,56,56,16,16,11,11,13,13,15,36,38,70,70,70,70,70,70,70,56,56,56,54,57,42,42,18,39],"items_purged":["Injury","Defend_G"],"gold":123,"score":340,"play_id":"2353a738-1c2b-4694-9ce4-5bd3500a0fd3","is_prod":false,"is_daily":false,"is_ascension_mode":false,"campfire_upgraded":1,"path_taken":["M","?","?","?","?","E","R","E","T","E","?","M","$","M","R","BOSS","M","?","M","?","?","R","M","R","T","M","?","M","R","?","R","BOSS"],"build_version":"2018-02-22-PROD2","purchased_purges":2,"victory":false,"master_deck":["Defend_G","Defend_G+1","Defend_G","Strike_G","Strike_G","Strike_G","Survivor","Neutralize+1","Acrobatics","Noxious Fumes+1","Quick Slash","Dash","Madness","Deflect","Blur","Dodge and Roll","Wraith Form","Cloak And Dagger","Poisoned Stab","Bane+1","Backflip","Poisoned Stab+1","Deadly Poison","Deadly Poison+1","Crippling Poison"],"max_hp_per_floor":[70,70,70,70,70,70,70,70,70,70,70,70,70,70,70,70,70,70,70,70,70,70,70,70,70,70,70,70,70,70,70,70],"relics":["Ring of the Snake","Golden Idol","Dead Branch","Peace Pipe","Art of War","Bird Faced Urn","Thread and Needle","Happy Flower","Velvet Choker","Nloth\u0027s Gift","Sundial"],"card_choices":[{"not_picked":["Dagger Spray","Quick Slash"],"picked":"Acrobatics"},{"not_picked":["Leg Sweep","Underhanded Strike"],"picked":"Noxious Fumes"},{"not_picked":["Flechettes","PiercingWail"],"picked":"Quick Slash"},{"not_picked":["Die Die Die","Riddle With Holes"],"picked":"Dash"},{"not_picked":["Cloak And Dagger","Finisher"],"picked":"Blur"},{"not_picked":["Slice","Predator"],"picked":"Dodge and Roll"},{"not_picked":["Corpse Explosion","Storm of Steel"],"picked":"Wraith Form"},{"not_picked":["Dodge and Roll","Outmaneuver"],"picked":"Cloak And Dagger"},{"not_picked":["Concentrate","PiercingWail"],"picked":"Bane"},{"not_picked":["Deflect","Poisoned Stab"],"picked":"Backflip"},{"not_picked":["Bane","Acrobatics"],"picked":"Poisoned Stab"},{"not_picked":["Tactician","Flying Knee"],"picked":"Deadly Poison"},{"not_picked":["Endless Agony","Dodge and Roll"],"picked":"Deadly Poison"},{"not_picked":["PiercingWail","Setup"],"picked":"Crippling Poison"}],"player_experience":187461,"potions_floor_usage":[8,16,16,24,27,28,33,33],"damage_taken":[{"damage":0,"enemies":"Small Slimes","floor":1,"turns":1},{"damage":0,"enemies":"2 Louse","floor":4,"turns":1},{"damage":0,"enemies":"Lagavulin","floor":6,"turns":1},{"damage":40,"enemies":"Gremlin Nob","floor":8,"turns":5},{"damage":9,"enemies":"3 Sentries","floor":10,"turns":7},{"damage":0,"enemies":"Jaw Worm","floor":12,"turns":4},{"damage":0,"enemies":"Lots of Slimes","floor":14,"turns":5},{"damage":0,"enemies":"The Guardian","floor":16,"turns":9},{"damage":0,"enemies":"2 Thieves","floor":18,"turns":5},{"damage":0,"enemies":"Spheric Guardian","floor":20,"turns":4},{"damage":18,"enemies":"Cultist and Chosen","floor":24,"turns":7},{"damage":4,"enemies":"3 Cultists","floor":27,"turns":6},{"damage":1,"enemies":"Snake Plant","floor":28,"turns":5},{"damage":19,"enemies":"Slaver and Parasite","floor":29,"turns":7},{"damage":32,"enemies":"Chosen and Byrds","floor":31,"turns":5},{"damage":58,"enemies":"Collector","floor":33,"turns":7}],"event_choices":[{"event_name":"Shining Light","player_choice":"Entered Light","floor":2,"damage_taken":0},{"event_name":"Golden Idol","player_choice":"Take Wound","floor":3,"damage_taken":0},{"event_name":"Match and Keep!","player_choice":"2 cards matched","floor":11,"damage_taken":0},{"event_name":"Addict","player_choice":"Ignored","floor":21,"damage_taken":0},{"event_name":"N\u0027loth","player_choice":"Traded a NeowsBlessing","floor":22,"damage_taken":0}],"boss_relics":[{"not_picked":["Philosopher\u0027s Stone","Runic Dome"],"picked":"Velvet Choker"}],"potions_floor_spawned":[6,12,14,16,24,27,29],"seed_played":"5891241213302020735","killed_by":"Collector","ascension_level":0,"is_trial":false}