{"path_per_floor":["M","M","?","M","?","R","E","R","T","R","M","E","M","?","R","B",null,"M","?","?","M","$","E","M"],"character_chosen":"IRONCLAD","items_purchased":["Kunai"],"gold_per_floor":[119,132,132,142,142,142,173,173,173,173,187,217,233,233,233,336,336,354,354,279,291,36,65,77],"floor_reached":25,"campfire_rested":1,"playtime":1247,"current_hp_per_floor":[77,77,77,75,80,80,48,48,48,48,48,43,40,23,48,20,85,81,59,59,55,55,42,22],"items_purged":[],"gold":77,"score":257,"play_id":"3cbdb62d-5a1f-457f-83b3-419dc57816b5","local_time":"20180310023135","is_prod":false,"is_daily":false,"is_ascension_mode":false,"campfire_upgraded":3,"timestamp":1520667095,"path_taken":["M","M","?","M","?","R","E","R","T","R","?","E","?","?","R","BOSS","M","?","?","M","$","E","M","M"],"build_version":"2018-03-09","purchased_purges":0,"victory":false,"master_deck":["Defend_R","Defend_R+1","Defend_R+1","Bash","Perfected Strike","Rampage+1","Ghostly Armor+1","Armaments+1","Flex","Perfected Strike","Offering","Intimidate+1","Bite","Bite","Bite","Bite","Bite","Cleave+1","Clash"],"max_hp_per_floor":[80,80,80,80,85,85,85,85,85,85,85,85,85,85,85,85,85,85,59,59,59,59,59,59],"relics":["Philosopher\u0027s Stone","Dodecahedron","Champion Belt","Orichalcum","Mark of Pain","Kunai","Art of War"],"card_choices":[{"not_picked":["Iron Wave","Hemokinesis"],"picked":"Perfected Strike"},{"not_picked":["Clothesline","Sever Soul"],"picked":"Rampage"},{"not_picked":["Fire Breathing","Havoc"],"picked":"Ghostly Armor"},{"not_picked":["Bloodletting","Juggernaut"],"picked":"Armaments"},{"not_picked":["Twin Strike","Perfected Strike"],"picked":"Flex"},{"not_picked":["Wild Strike","Searing Blow"],"picked":"Perfected Strike"},{"not_picked":["Juggernaut","Dark Embrace"],"picked":"Offering"},{"not_picked":["Warcry","Second Wind"],"picked":"Intimidate"},{"not_picked":["Body Slam","Anger"],"picked":"Cleave"},{"not_picked":["Sever Soul","Hemokinesis"],"picked":"Clash"}],"player_experience":492464,"potions_floor_usage":[7,11,12,16,16,16,23,23,25],"damage_taken":[{"damage":3,"enemies":"Cultist","floor":1,"turns":3},{"damage":0,"enemies":"Small Slimes","floor":2,"turns":3},{"damage":2,"enemies":"2 Louse","floor":4,"turns":2},{"damage":32,"enemies":"Lagavulin","floor":7,"turns":7},{"damage":0,"enemies":"Exordium Wildlife","floor":11,"turns":4},{"damage":5,"enemies":"3 Sentries","floor":12,"turns":4},{"damage":3,"enemies":"Large Slime","floor":13,"turns":4},{"damage":28,"enemies":"The Guardian","floor":16,"turns":10},{"damage":4,"enemies":"Spheric Guardian","floor":18,"turns":3},{"damage":10,"enemies":"2 Thieves","floor":21,"turns":4},{"damage":31,"enemies":"Book of Stabbing","floor":23,"turns":5},{"damage":28,"enemies":"Snecko","floor":24,"turns":6},{"damage":38,"enemies":"Chosen and Byrds","floor":25,"turns":6}],"event_choices":[{"event_name":"The Lab","player_choice":"Got Potions","floor":3,"damage_taken":0},{"event_name":"Big Fish","player_choice":"Donut","floor":5,"damage_taken":0},{"event_name":"Shining Light","player_choice":"Entered Light","floor":14,"damage_taken":0},{"event_name":"Vampires","player_choice":"Became a vampire","floor":19,"damage_taken":0},{"event_name":"Beggar","player_choice":"Gave Gold","floor":20,"damage_taken":0}],"boss_relics":[{"not_picked":["Sozu","Calling Bell"],"picked":"Mark of Pain"}],"potions_floor_spawned":[4,7,11,13,18,21,24],"seed_played":"-1518866841845864586","killed_by":"Chosen and Byrds","ascension_level":0,"is_trial":false}