{"path_per_floor":["M","M","?","M","?","E","R","E","T","R","M","M","M","?","R","B",null,"M","$","?","M","M","R","?","?","T","M","M","M","R","?","R"],"character_chosen":"IRONCLAD","items_purchased":["Flex","Peace Pipe"],"gold_per_floor":[110,125,125,137,137,165,165,190,190,190,205,224,244,244,244,349,349,364,35,35,55,66,66,66,66,66,85,103,121,121,121,121,121],"floor_reached":33,"campfire_rested":2,"playtime":1065,"current_hp_per_floor":[75,74,74,80,80,61,61,35,35,61,53,59,65,70,70,38,79,69,69,69,66,64,64,64,64,64,54,58,50,77,77,77,0],"items_purged":[],"gold":121,"score":363,"play_id":"68e9ec00-9014-474b-898f-2da1958e6e52","local_time":"20180419194715","is_prod":false,"is_daily":false,"chose_seed":false,"is_ascension_mode":true,"campfire_upgraded":3,"timestamp":1524181635,"path_taken":["M","M","?","M","?","E","R","E","T","R","?","M","M","?","R","BOSS","M","$","?","M","M","R","?","?","T","M","M","M","R","?","R","BOSS"],"build_version":"2018-04-19","seed_source_timestamp":644458260048735,"purchased_purges":0,"victory":false,"master_deck":["Bash","Inflame+1","Clash+1","Thunderclap+1","Disarm","Battle Trance","Shrug It Off","Flex","Double Tap+1","Second Wind","Twin Strike","Clothesline","Reckless Charge","Shrug It Off","Heavy Blade","Headbutt","True Grit","Flex","Shrug It Off","Pommel Strike","Writhe","Rage","Clothesline+1","Sword Boomerang+1"],"max_hp_per_floor":[88,88,88,88,88,88,88,88,88,88,88,88,88,93,93,93,93,93,93,93,93,93,93,93,93,93,93,93,93,93,93,93,93],"relics":["Burning Blood","Mummified Hand","Letter Opener","Mercury Hourglass","Pandora\u0027s Box","Peace Pipe","Centennial Puzzle","Gremlin Horn"],"card_choices":[{"not_picked":["Sword Boomerang","Havoc"],"picked":"Inflame","floor":1},{"not_picked":["Cleave","Iron Wave"],"picked":"Clash","floor":2},{"not_picked":["Carnage","Havoc"],"picked":"Thunderclap","floor":4},{"not_picked":["Pummel","Seeing Red"],"picked":"Disarm","floor":6},{"not_picked":["Entrench","Reckless Charge"],"picked":"Battle Trance","floor":8},{"not_picked":["Flex","Exhume"],"picked":"Shrug It Off","floor":11},{"not_picked":["Fire Breathing","Metallicize"],"picked":"Flex","floor":12},{"not_picked":["Sever Soul","Perfected Strike"],"picked":"Twin Strike","floor":13},{"not_picked":["Reaper","Brutality"],"picked":"Double Tap","floor":16},{"not_picked":["Rupture","Sword Boomerang"],"picked":"True Grit","floor":18},{"not_picked":["Blood for Blood","Headbutt"],"picked":"Shrug It Off","floor":21},{"not_picked":["True Grit","Sword Boomerang"],"picked":"Pommel Strike","floor":22},{"not_picked":["Warcry","Ghostly Armor"],"picked":"Rage","floor":27},{"not_picked":["Second Wind","Flex"],"picked":"Clothesline","floor":28},{"not_picked":["Clash","Entrench"],"picked":"Sword Boomerang","floor":29}],"player_experience":248453,"potions_floor_usage":[16,27,29,33,33,33],"damage_taken":[{"damage":11,"enemies":"Jaw Worm","floor":1,"turns":4},{"damage":7,"enemies":"2 Louse","floor":2,"turns":3},{"damage":0,"enemies":"Cultist","floor":4,"turns":2},{"damage":25,"enemies":"Lagavulin","floor":6,"turns":6},{"damage":32,"enemies":"Gremlin Nob","floor":8,"turns":4},{"damage":14,"enemies":"Red Slaver","floor":11,"turns":2},{"damage":0,"enemies":"Exordium Wildlife","floor":12,"turns":2},{"damage":0,"enemies":"2 Fungi Beasts","floor":13,"turns":2},{"damage":38,"enemies":"The Guardian","floor":16,"turns":9},{"damage":16,"enemies":"Shell Parasite","floor":18,"turns":3},{"damage":9,"enemies":"Chosen","floor":21,"turns":3},{"damage":8,"enemies":"3 Cultists","floor":22,"turns":4},{"damage":16,"enemies":"Snake Plant","floor":27,"turns":2},{"damage":2,"enemies":"Snecko","floor":28,"turns":4},{"damage":14,"enemies":"Chosen and Byrds","floor":29,"turns":6},{"damage":88,"enemies":"Champ","floor":33,"turns":11}],"event_choices":[{"event_name":"Living Wall","player_choice":"Forget","floor":3,"damage_taken":0},{"event_name":"Upgrade Shrine","player_choice":"Upgraded","floor":5,"damage_taken":0},{"event_name":"Big Fish","player_choice":"Donut","floor":14,"damage_taken":0},{"event_name":"Back to Basics","player_choice":"Elegance","floor":20,"damage_taken":0},{"event_name":"Ghosts","player_choice":"Ignored","floor":24,"damage_taken":0},{"event_name":"The Mausoleum","player_choice":"Yes","floor":25,"damage_taken":0},{"event_name":"Match and Keep!","player_choice":"0 cards matched","floor":31,"damage_taken":0}],"boss_relics":[{"not_picked":["Eternal Feather","White Beast Statue"],"picked":"Pandora\u0027s Box"}],"potions_floor_spawned":[2,11,12,13,22,27,29],"seed_played":"5382076383066691422","killed_by":"Champ","ascension_level":8,"is_trial":false}