{"path_per_floor":["M","T","?","?","$","M","E","R","T","E","R","M","E","M","R","B",null,"M","?","$","M","?","R","M"],"character_chosen":"THE_SILENT","items_purchased":["Shuriken","Ornamental Fan"],"gold_per_floor":[215,293,293,293,35,45,75,75,127,153,153,165,199,209,209,312,312,329,254,4,20,20,20,32],"floor_reached":25,"campfire_rested":2,"playtime":1259,"current_hp_per_floor":[68,68,68,68,68,68,53,53,53,38,59,58,35,27,48,36,70,70,70,70,70,57,57,40],"items_purged":[],"gold":32,"score":241,"play_id":"66a9f534-e1ed-49f0-8e41-8e27ccaaf798","local_time":"20180303232032","is_prod":false,"is_daily":false,"is_ascension_mode":true,"campfire_upgraded":2,"timestamp":1520137232,"path_taken":["M","?","?","?","$","M","E","R","T","E","R","M","E","M","R","BOSS","M","?","$","M","?","R","?","E"],"build_version":"2018-03-01-PROD1","purchased_purges":0,"victory":false,"master_deck":["Defend_G","Defend_G","Defend_G","Defend_G","Defend_G","Strike_G","Strike_G","Strike_G","Survivor","Neutralize+1","Cloak And Dagger+1","Infinite Blades+1","Dagger Spray+1","Blur","Endless Agony+1","Storm of Steel","Setup","Heel Hook+1"],"max_hp_per_floor":[70,70,70,70,70,70,70,70,70,70,70,70,70,70,70,70,70,70,70,70,70,75,75,75],"relics":["Ring of the Snake","Shuriken","Molten Egg 2","Ancient Tea Set","Omamori","Art of War","White Beast Statue","Ornamental Fan"],"card_choices":[{"not_picked":["Bane","Flying Knee"],"picked":"Cloak And Dagger"},{"not_picked":["Sucker Punch","Quick Slash"],"picked":"Infinite Blades"},{"not_picked":["Escape Plan","Sucker Punch"],"picked":"Dagger Spray"},{"not_picked":["Acrobatics","Dash"],"picked":"Blur"},{"not_picked":["Crippling Poison","Expertise"],"picked":"Endless Agony"},{"not_picked":["Die Die Die","Envenom"],"picked":"Storm of Steel"},{"not_picked":["Outmaneuver","Deflect"],"picked":"Setup"},{"not_picked":["Riddle With Holes","Bane"],"picked":"Heel Hook"}],"player_experience":378782,"potions_floor_usage":[10,13,16,18,24,24,25],"damage_taken":[{"damage":2,"enemies":"Cultist","floor":1,"turns":4},{"damage":0,"enemies":"2 Louse","floor":6,"turns":3},{"damage":15,"enemies":"Lagavulin","floor":7,"turns":6},{"damage":15,"enemies":"Gremlin Nob","floor":10,"turns":4},{"damage":1,"enemies":"Jaw Worm","floor":12,"turns":3},{"damage":23,"enemies":"Lagavulin","floor":13,"turns":4},{"damage":8,"enemies":"3 Louse","floor":14,"turns":2},{"damage":12,"enemies":"Slime Boss","floor":16,"turns":7},{"damage":0,"enemies":"Chosen","floor":18,"turns":5},{"damage":0,"enemies":"3 Byrds","floor":21,"turns":4},{"damage":17,"enemies":"Slaver and Parasite","floor":24,"turns":5},{"damage":63,"enemies":"Slavers","floor":25,"turns":4}],"event_choices":[{"event_name":"Upgrade Shrine","player_choice":"Upgraded","floor":3,"damage_taken":0},{"event_name":"Purifier","player_choice":"One Purge","floor":4,"damage_taken":0},{"event_name":"Beggar","player_choice":"Gave Gold","floor":19,"damage_taken":0},{"event_name":"Forgotten Altar","player_choice":"Shed Blood","floor":22,"damage_taken":0}],"boss_relics":[{"not_picked":["Eternal Feather","Sozu"],"picked":"White Beast Statue"}],"potions_floor_spawned":[6,7,10,12,18,21,24],"seed_played":"855692007670951685","killed_by":"Slavers","ascension_level":2,"is_trial":false}