{"path_per_floor":["M","?","M","M","?","R","M","R","T","M","M","M","M","M","R","B",null,"M","M","$","?","$","R","?","R","T","M","R","M","R","M","R"],"character_chosen":"IRONCLAD","items_purchased":["Power Through","Whetstone"],"gold_per_floor":[116,116,134,150,250,250,265,265,265,278,292,306,319,343,343,468,468,484,503,203,203,103,103,103,103,403,422,422,435,435,456,456],"floor_reached":33,"campfire_rested":2,"playtime":1534,"current_hp_per_floor":[68,68,66,62,62,62,45,66,66,66,52,61,51,50,50,27,72,72,69,69,69,69,69,69,69,69,57,57,58,58,34,55],"items_purged":["Strike_R","Strike_R"],"gold":456,"score":243,"play_id":"b1cd48db-a602-4d8a-854a-efcf8f09bcc2","local_time":"20180302133511","is_prod":false,"is_daily":false,"is_ascension_mode":false,"campfire_upgraded":6,"timestamp":1520015711,"path_taken":["M","?","?","M","?","R","M","R","T","M","M","M","M","?","R","BOSS","M","M","$","?","$","R","?","R","T","M","R","M","R","M","R","BOSS"],"build_version":"2018-03-01-PROD1","purchased_purges":2,"victory":false,"master_deck":["Strike_R","Strike_R+1","Strike_R","Defend_R","Defend_R","Defend_R","Defend_R","Bash","Demon Form+1","Thunderclap+1","Injury","Iron Wave+1","Fire Breathing","Heavy Blade","Havoc","Wild Strike+1","Battle Trance","Heavy Blade+1","Flex","Offering+1","Iron Wave+1","Power Through+1","Good Instincts","Wild Strike+1","Juggernaut","Shrug It Off"],"max_hp_per_floor":[72,72,72,72,72,72,72,72,72,72,72,72,72,72,72,72,72,72,72,72,72,72,72,72,72,72,72,72,72,72,72,72],"relics":["Burning Blood","Golden Idol","Magic Flower","Velvet Choker","Whetstone","Old Coin"],"card_choices":[{"not_picked":["Dark Embrace","Berserk"],"picked":"Demon Form"},{"not_picked":["Pommel Strike","Sword Boomerang"],"picked":"Thunderclap"},{"not_picked":["Disarm","Rage"],"picked":"Iron Wave"},{"not_picked":["Twin Strike","Intimidate"],"picked":"Fire Breathing"},{"not_picked":["Clothesline","Clash"],"picked":"Heavy Blade"},{"not_picked":["Shockwave","Cleave"],"picked":"Havoc"},{"not_picked":["Havoc","Thunderclap"],"picked":"Wild Strike"},{"not_picked":["Juggernaut","Clash"],"picked":"Battle Trance"},{"not_picked":["Body Slam","Clash"],"picked":"Heavy Blade"},{"not_picked":["Dual Wield","Rupture"],"picked":"Flex"},{"not_picked":["Double Tap","Dark Embrace"],"picked":"Offering"},{"not_picked":["Second Wind","Inflame"],"picked":"Iron Wave"},{"not_picked":["Sword Boomerang","Shrug It Off"],"picked":"Wild Strike"},{"not_picked":["Pommel Strike","Anger"],"picked":"Juggernaut"},{"not_picked":["Body Slam","Dual Wield"],"picked":"Shrug It Off"}],"player_experience":321083,"potions_floor_usage":[12,16,16,19,27,31,33],"damage_taken":[{"damage":10,"enemies":"2 Louse","floor":1,"turns":3},{"damage":8,"enemies":"Small Slimes","floor":3,"turns":3},{"damage":10,"enemies":"Cultist","floor":4,"turns":4},{"damage":23,"enemies":"Red Slaver","floor":7,"turns":6},{"damage":9,"enemies":"2 Fungi Beasts","floor":10,"turns":4},{"damage":23,"enemies":"Gremlin Gang","floor":11,"turns":6},{"damage":0,"enemies":"Blue Slaver","floor":12,"turns":3},{"damage":19,"enemies":"Lots of Slimes","floor":13,"turns":3},{"damage":10,"enemies":"Looter","floor":14,"turns":3},{"damage":32,"enemies":"The Guardian","floor":16,"turns":7},{"damage":7,"enemies":"Spheric Guardian","floor":18,"turns":3},{"damage":12,"enemies":"2 Thieves","floor":19,"turns":4},{"damage":21,"enemies":"Sentry and Sphere","floor":27,"turns":4},{"damage":8,"enemies":"Centurion and Healer","floor":29,"turns":5},{"damage":33,"enemies":"3 Cultists","floor":31,"turns":6},{"damage":62,"enemies":"Collector","floor":33,"turns":6}],"event_choices":[{"event_name":"Golden Idol","player_choice":"Take Wound","floor":2,"damage_taken":0},{"event_name":"Golden Shrine","player_choice":"Pray","floor":5,"damage_taken":0},{"event_name":"Match and Keep!","player_choice":"1 cards matched","floor":21,"damage_taken":0},{"event_name":"Vampires","player_choice":"Ignored","floor":24,"damage_taken":0}],"boss_relics":[{"not_picked":["Runic Dome","Snecko Eye"],"picked":"Velvet Choker"}],"potions_floor_spawned":[11,12,13,14,18,19,29],"seed_played":"-1840959944191088394","killed_by":"Collector","ascension_level":0,"is_trial":false}