{"path_per_floor":["M","M","?","M","M","R","M","R","T","R","?","M","R","M","R","B",null,"M","M","M","T","?"],"character_chosen":"THE_SILENT","items_purchased":[],"gold_per_floor":[211,225,225,244,263,263,233,233,233,233,233,253,253,273,273,403,403,427,415,431,431,431,431],"floor_reached":23,"campfire_rested":2,"playtime":1370,"current_hp_per_floor":[63,57,57,57,50,70,70,70,70,70,65,64,64,64,64,8,51,47,30,12,12,12,0],"items_purged":[],"gold":431,"score":256,"play_id":"cccb3ae2-107f-4d38-aee9-0fbae9fb1ab8","local_time":"20180415142108","is_prod":false,"is_daily":false,"chose_seed":false,"is_ascension_mode":true,"campfire_upgraded":3,"timestamp":1523816468,"path_taken":["M","M","?","M","M","R","?","R","T","R","?","M","R","M","R","BOSS","M","M","M","?","?","E"],"build_version":"2018-04-13","seed_source_timestamp":278932907673958,"purchased_purges":0,"victory":false,"master_deck":["Defend_G","Defend_G","Defend_G","Defend_G","Defend_G","Strike_G","Survivor","Neutralize+1","Noxious Fumes","Dagger Spray","Deadly Poison","Footwork+1","Flying Knee","Backflip","Tools of the Trade+1","Adrenaline","Blur+1","Calculated Gamble+1","Caltrops","Setup","Noxious Fumes","Unload"],"max_hp_per_floor":[70,70,70,70,70,70,70,70,70,70,65,65,65,65,65,65,65,65,65,65,65,65,65],"relics":["Ring of the Snake","Centennial Puzzle","Golden Idol","Astrolabe","Kunai"],"card_choices":[{"not_picked":["Quick Slash","Acrobatics"],"picked":"Noxious Fumes","floor":1},{"not_picked":["Prepared","Caltrops"],"picked":"Dagger Spray","floor":2},{"not_picked":["Acrobatics","Concentrate"],"picked":"Deadly Poison","floor":4},{"not_picked":["Deflect","Quick Slash"],"picked":"Footwork","floor":5},{"not_picked":["Underhanded Strike","Sucker Punch"],"picked":"Flying Knee","floor":7},{"not_picked":["Slice","Sucker Punch"],"picked":"Backflip","floor":12},{"not_picked":["Flying Knee","Underhanded Strike"],"picked":"Tools of the Trade","floor":14},{"not_picked":["Tools of the Trade","Tactician"],"picked":"Adrenaline","floor":16},{"not_picked":["Sucker Punch","Slice"],"picked":"Caltrops","floor":18},{"not_picked":["Deadly Poison","Prepared"],"picked":"Setup","floor":19},{"not_picked":["Bane","Poisoned Stab"],"picked":"Noxious Fumes","floor":20}],"player_experience":211120,"potions_floor_usage":[16,20],"damage_taken":[{"damage":0,"enemies":"Jaw Worm","floor":1,"turns":7},{"damage":6,"enemies":"Cultist","floor":2,"turns":6},{"damage":0,"enemies":"Small Slimes","floor":4,"turns":4},{"damage":7,"enemies":"Blue Slaver","floor":5,"turns":4},{"damage":0,"enemies":"Looter","floor":7,"turns":4},{"damage":1,"enemies":"Red Slaver","floor":12,"turns":5},{"damage":0,"enemies":"Large Slime","floor":14,"turns":6},{"damage":56,"enemies":"Slime Boss","floor":16,"turns":13},{"damage":4,"enemies":"3 Byrds","floor":18,"turns":5},{"damage":17,"enemies":"2 Thieves","floor":19,"turns":4},{"damage":18,"enemies":"Slaver and Parasite","floor":20,"turns":9},{"damage":14,"enemies":"Gremlin Leader","floor":23,"turns":2}],"event_choices":[{"event_name":"Bonfire Elementals","player_choice":"BASIC","floor":3,"damage_taken":0},{"event_name":"Golden Idol","player_choice":"Lose Max HP","floor":11,"damage_taken":0},{"event_name":"Transmorgrifier","player_choice":"Transform","floor":22,"damage_taken":0}],"boss_relics":[{"not_picked":["Runic Dome","Pandora\u0027s Box"],"picked":"Astrolabe"}],"potions_floor_spawned":[4,16],"seed_played":"4033542562023711011","killed_by":"Gremlin Leader","ascension_level":8,"is_trial":false}