{"path_per_floor":["M","?","$","M","M","M","?","M","T","?","E","M","R","M","R","B",null,"M","M","?","M","?","E","R","M","T","R","E","M","R","E","R","B",null,"M","M","M","$","?","R","?","R","T","?","E","R","?","E","R"],"character_chosen":"THE_SILENT","items_purchased":["Escape Plan","Bag of Marbles","Noxious Fumes","Thinking Ahead","Trip","Bouncing Flask","Deadly Poison"],"gold_per_floor":[119,294,29,45,64,78,78,91,114,114,149,159,159,171,171,267,267,279,299,299,309,309,338,338,356,402,402,429,442,442,468,468,573,573,587,607,624,66,119,119,0,0,0,0,27,27,27,55,55],"floor_reached":50,"campfire_rested":3,"playtime":2890,"current_hp_per_floor":[79,79,79,79,79,78,78,78,78,78,71,70,70,70,70,52,94,92,91,91,91,91,84,84,84,84,84,49,42,70,50,78,49,94,71,71,51,51,32,74,74,88,88,88,80,94,94,86,94],"items_purged":["Doubt","Choke"],"gold":55,"score":610,"play_id":"c0a2879a-4d37-47c2-9427-3bbda645ae16","local_time":"20180318225833","is_prod":false,"is_daily":false,"is_ascension_mode":false,"campfire_upgraded":7,"timestamp":1521428313,"path_taken":["M","?","$","M","M","M","?","?","T","?","E","?","R","M","R","BOSS","M","M","?","M","?","E","R","M","T","R","E","M","R","E","R","BOSS","M","M","?","?","?","R","?","R","T","?","E","R","?","E","R","BOSS"],"build_version":"2018-03-15v3","purchased_purges":2,"victory":false,"master_deck":["Survivor","Neutralize+1","Bouncing Flask","Escape Plan","Leg Sweep","Dagger Spray+1","Cloak And Dagger+1","Flying Knee+1","Cloak And Dagger+1","Accuracy","After Image+1","Backflip","Riddle With Holes","Accuracy","Outmaneuver","Poisoned Stab+1","Finisher","Endless Agony","Prepared","Choke","Outmaneuver+1","Footwork+1","Cloak And Dagger","Well Laid Plans","Footwork+1","Choke+1","Storm of Steel","Bullet Time","Acrobatics","Calculated Gamble+1","Deflect+1","Noxious Fumes+1","Thinking Ahead+1","Trip","Bouncing Flask","Deadly Poison","Flash of Steel","PiercingWail","Slice+1"],"max_hp_per_floor":[84,84,84,84,84,84,84,84,84,84,94,94,94,94,94,94,94,94,94,94,94,94,94,94,94,94,94,94,94,94,94,94,94,94,94,94,94,94,94,94,94,94,94,94,94,94,94,94,94],"relics":["Ring of the Snake","Bag of Marbles","Vajra","Pear","Pandora\u0027s Box","Pen Nib","Bronze Scales","Ancient Tea Set","Tough Bandages","Eternal Feather","Ginger","Red Mask","Whetstone","Bottled Lightning","Prayer Wheel"],"card_choices":[{"not_picked":["Dodge and Roll","Poisoned Stab"],"picked":"Bouncing Flask"},{"not_picked":["Slice","Acrobatics"],"picked":"Leg Sweep"},{"not_picked":["Sucker Punch","Terror"],"picked":"Dagger Spray"},{"not_picked":["Setup","Dash"],"picked":"Cloak And Dagger"},{"not_picked":["Backflip","Dagger Throw"],"picked":"Flying Knee"},{"not_picked":["Underhanded Strike","Finisher"],"picked":"Cloak And Dagger"},{"not_picked":["Escape Plan","Catalyst"],"picked":"Accuracy"},{"not_picked":["Corpse Explosion","Unload"],"picked":"After Image"},{"not_picked":["Dagger Spray","Underhanded Strike"],"picked":"Outmaneuver"},{"not_picked":["Bane","PiercingWail"],"picked":"Footwork"},{"not_picked":["After Image","Dagger Spray"],"picked":"Well Laid Plans"},{"not_picked":["Setup","All Out Attack"],"picked":"Infinite Blades"},{"not_picked":["Bane","Well Laid Plans"],"picked":"Choke"},{"not_picked":["Dash","Flying Knee"],"picked":"Storm of Steel"},{"not_picked":["After Image","Wraith Form"],"picked":"Bullet Time"},{"not_picked":["Poisoned Stab","Outmaneuver"],"picked":"Acrobatics"},{"not_picked":["Dash","Dodge and Roll"],"picked":"Calculated Gamble"},{"not_picked":["Outmaneuver","Dagger Spray"],"picked":"Deflect"},{"not_picked":["Corpse Explosion","Escape Plan"],"picked":"Slice"}],"player_experience":603102,"potions_floor_usage":[14,16,18,23,29,31,31,33,35,45,50],"damage_taken":[{"damage":5,"enemies":"Jaw Worm","floor":1,"turns":7},{"damage":0,"enemies":"Small Slimes","floor":4,"turns":4},{"damage":0,"enemies":"Cultist","floor":5,"turns":4},{"damage":1,"enemies":"3 Louse","floor":6,"turns":2},{"damage":0,"enemies":"Red Slaver","floor":8,"turns":3},{"damage":17,"enemies":"Lagavulin","floor":11,"turns":6},{"damage":1,"enemies":"2 Fungi Beasts","floor":12,"turns":2},{"damage":0,"enemies":"Gremlin Gang","floor":14,"turns":1},{"damage":18,"enemies":"Hexaghost","floor":16,"turns":10},{"damage":2,"enemies":"3 Byrds","floor":18,"turns":4},{"damage":1,"enemies":"Shell Parasite","floor":19,"turns":2},{"damage":0,"enemies":"Snake Plant","floor":21,"turns":7},{"damage":7,"enemies":"Book of Stabbing","floor":23,"turns":5},{"damage":0,"enemies":"Snecko","floor":25,"turns":5},{"damage":35,"enemies":"Slavers","floor":28,"turns":4},{"damage":7,"enemies":"Centurion and Healer","floor":29,"turns":4},{"damage":20,"enemies":"Gremlin Leader","floor":31,"turns":3},{"damage":29,"enemies":"Champ","floor":33,"turns":10},{"damage":23,"enemies":"3 Darklings","floor":35,"turns":4},{"damage":0,"enemies":"Orb Walker","floor":36,"turns":3},{"damage":20,"enemies":"Sphere and 2 Shapes","floor":37,"turns":10},{"damage":19,"enemies":"Mysterious Sphere","floor":39,"turns":9},{"damage":8,"enemies":"2 Orb Walkers","floor":45,"turns":3},{"damage":8,"enemies":"Nemesis","floor":48,"turns":7},{"damage":102,"enemies":"Awakened One","floor":50,"turns":6}],"event_choices":[{"event_name":"Liars Game","player_choice":"agreed","floor":2,"damage_taken":0},{"event_name":"Living Wall","player_choice":"Forget","floor":7,"damage_taken":0},{"event_name":"Accursed Blacksmith","player_choice":"Forge","floor":10,"damage_taken":0},{"event_name":"The Library","player_choice":"Read","floor":20,"damage_taken":0},{"event_name":"Duplicator","player_choice":"One dupe","floor":22,"damage_taken":0},{"event_name":"Mysterious Sphere","player_choice":"Fight","floor":39,"damage_taken":0},{"event_name":"Tomb of Lord Red Mask","player_choice":"Paid","floor":41,"damage_taken":0},{"event_name":"Match and Keep!","player_choice":"2 cards matched","floor":47,"damage_taken":0}],"boss_relics":[{"not_picked":["Philosopher\u0027s Stone","Snecko Eye"],"picked":"Pandora\u0027s Box"},{"not_picked":["Astrolabe","Runic Dome"],"picked":"Eternal Feather"}],"potions_floor_spawned":[4,5,11,14,19,28,29,31,33,37,48],"seed_played":"-1327121308300448258","killed_by":"Awakened One","ascension_level":0,"is_trial":false}