{"gold_per_floor":[112,124,138,70,84,114,133,133,212,212,242,253,279,295,295,366,366,377,36,136,153,167,198,198,218,218,218,244,244,180,195,195,195],"floor_reached":33,"playtime":1579,"items_purged":[],"score":634,"play_id":"ac8d4423-3b4a-4c8a-b050-f439ceda159c","local_time":"20181218222917","is_ascension_mode":true,"campfire_choices":[{"data":"Shockwave","floor":8,"key":"SMITH"},{"data":"Clothesline","floor":10,"key":"SMITH"},{"data":"Flex","floor":15,"key":"SMITH"},{"floor":24,"key":"RECALL"},{"data":"Offering","floor":27,"key":"SMITH"},{"data":"Demon Form","floor":29,"key":"SMITH"},{"data":"Whirlwind","floor":32,"key":"SMITH"}],"neow_cost":"TEN_PERCENT_HP_LOSS","seed_source_timestamp":296379874006834,"circlet_count":0,"master_deck":["AscendersBane","Strike_R","Strike_R","Strike_R","Strike_R","Strike_R","Defend_R","Defend_R","Defend_R","Defend_R","Bash","Shockwave+1","True Grit","Shrug It Off","Whirlwind+1","Clothesline+1","Anger","Pommel Strike","Twin Strike","Carnage","Flex+1","Metallicize","Demon Form+1","Feed","Shrug It Off","Armaments","Ghostly Armor","Offering+1","Shrug It Off+1","Feel No Pain","Battle Trance"],"relics":["Burning Blood","FossilizedHelix","Bronze Scales","Pear","Bird Faced Urn","Ancient Tea Set","Velvet Choker","Vajra","Juzu Bracelet","The Courier","Ice Cream"],"potions_floor_usage":[11,13,16,16,21,23,31,33],"damage_taken":[{"damage":0,"enemies":"Cultist","floor":1,"turns":3},{"damage":10,"enemies":"Small Slimes","floor":2,"turns":3},{"damage":2,"enemies":"Jaw Worm","floor":3,"turns":5},{"damage":1,"enemies":"Red Slaver","floor":5,"turns":5},{"damage":24,"enemies":"Lagavulin","floor":6,"turns":9},{"damage":6,"enemies":"2 Fungi Beasts","floor":7,"turns":3},{"damage":10,"enemies":"3 Sentries","floor":11,"turns":3},{"damage":9,"enemies":"3 Louse","floor":12,"turns":2},{"damage":0,"enemies":"Gremlin Nob","floor":13,"turns":3},{"damage":15,"enemies":"Gremlin Gang","floor":14,"turns":3},{"damage":0,"enemies":"Slime Boss","floor":16,"turns":7},{"damage":10,"enemies":"3 Byrds","floor":18,"turns":4},{"damage":6,"enemies":"Chosen","floor":21,"turns":4},{"damage":2,"enemies":"Snecko","floor":22,"turns":5},{"damage":14,"enemies":"Gremlin Leader","floor":23,"turns":6},{"damage":16,"enemies":"Cultist and Chosen","floor":25,"turns":7},{"damage":20,"enemies":"Book of Stabbing","floor":28,"turns":4},{"damage":8,"enemies":"Sentry and Sphere","floor":31,"turns":5},{"damage":109,"enemies":"Automaton","floor":33,"turns":12}],"seed_played":"2350903996369695431","potions_obtained":[{"floor":3,"key":"SteroidPotion"},{"floor":5,"key":"Fire Potion"},{"floor":12,"key":"PowerPotion"},{"floor":14,"key":"Energy Potion"},{"floor":16,"key":"Strength Potion"},{"floor":18,"key":"Energy Potion"},{"floor":28,"key":"BloodPotion"},{"floor":31,"key":"Regen Potion"}],"is_trial":false,"path_per_floor":["M","M","M","$","M","E","M","R","T","R","E","M","E","M","R","B",null,"M","$","?","M","M","E","R","M","T","R","E","R","?","M","R","B"],"character_chosen":"IRONCLAD","items_purchased":["Whirlwind","Feed","Vajra","Shrug It Off"],"campfire_rested":0,"item_purchase_floors":[4,19,19,19],"current_hp_per_floor":[72,68,72,72,72,54,54,54,64,64,60,57,63,54,54,64,78,74,74,74,76,82,77,77,74,74,74,64,64,64,79,79,0],"gold":195,"neow_bonus":"ONE_RARE_RELIC","is_prod":false,"is_daily":false,"chose_seed":false,"campfire_upgraded":6,"win_rate":0,"timestamp":1545190157,"path_taken":["M","M","?","$","M","E","M","R","T","R","E","?","E","M","R","BOSS","M","$","?","M","?","E","R","M","T","R","E","R","?","M","R","BOSS"],"build_version":"2018-12-17","purchased_purges":0,"victory":false,"max_hp_per_floor":[72,72,72,72,72,72,72,72,82,82,82,82,82,82,82,82,82,82,82,82,82,82,85,85,88,88,88,88,88,88,91,91,91],"card_choices":[{"not_picked":["Warcry","Shrug It Off"],"picked":"Shockwave","floor":1},{"not_picked":["Pommel Strike","Heavy Blade"],"picked":"True Grit","floor":2},{"not_picked":["Sever Soul","Wild Strike"],"picked":"Shrug It Off","floor":3},{"not_picked":["Body Slam","Flex"],"picked":"Clothesline","floor":5},{"not_picked":["Infernal Blade","Heavy Blade"],"picked":"Anger","floor":6},{"not_picked":["Impervious","Warcry"],"picked":"Pommel Strike","floor":7},{"not_picked":["Infernal Blade","Entrench"],"picked":"Twin Strike","floor":11},{"not_picked":["Thunderclap","Power Through"],"picked":"Carnage","floor":12},{"not_picked":["Body Slam","Iron Wave"],"picked":"Flex","floor":13},{"not_picked":["Clothesline","Rampage"],"picked":"Metallicize","floor":14},{"not_picked":["Bludgeon","Immolate"],"picked":"Demon Form","floor":16},{"not_picked":["Clash+1","Thunderclap","Burning Pact"],"picked":"SKIP","floor":18},{"not_picked":["Iron Wave","Thunderclap+1"],"picked":"Armaments","floor":21},{"not_picked":["Sever Soul","Flex+1"],"picked":"Ghostly Armor","floor":22},{"not_picked":["Pummel","Dropkick"],"picked":"Offering","floor":23},{"not_picked":["Evolve","Pommel Strike"],"picked":"Shrug It Off+1","floor":25},{"not_picked":["Sever Soul","Heavy Blade"],"picked":"Feel No Pain","floor":28},{"not_picked":["Armaments","Ghostly Armor+1"],"picked":"Battle Trance","floor":31}],"player_experience":1011563,"relics_obtained":[{"floor":6,"key":"Bronze Scales"},{"floor":9,"key":"Pear"},{"floor":11,"key":"Bird Faced Urn"},{"floor":13,"key":"Ancient Tea Set"},{"floor":23,"key":"Juzu Bracelet"},{"floor":28,"key":"The Courier"}],"event_choices":[{"damage_healed":0,"gold_gain":100,"player_choice":"Pray","damage_taken":0,"max_hp_gain":0,"max_hp_loss":0,"event_name":"Golden Shrine","floor":20,"gold_loss":0},{"damage_healed":0,"gold_gain":0,"player_choice":"Paid Gold","damage_taken":0,"relics_obtained":["Ice Cream"],"max_hp_gain":0,"max_hp_loss":0,"event_name":"WeMeetAgain","floor":30,"gold_loss":64}],"is_beta":true,"boss_relics":[{"not_picked":["Runic Cube","Tiny House"],"picked":"Velvet Choker"}],"items_purged_floors":[],"is_endless":false,"potions_floor_spawned":[3,5,7,12,14,16,18,28,31],"killed_by":"Automaton","ascension_level":13}