{"path_per_floor":["M","M","M","M","M","R","M","M","T","?","M","?","M","?","R","B",null,"M","M","$","M","?","R","?","E","T","M","M","R","M","?","R","B",null,"M","$","?","?","$","M"],"character_chosen":"IRONCLAD","items_purchased":["Thread and Needle","Armaments","Feel No Pain","Bronze Scales","Shrug It Off","Bandage Up"],"gold_per_floor":[115,130,145,161,178,178,188,205,230,180,195,219,239,311,311,416,416,434,444,121,139,139,139,139,171,195,208,228,228,238,238,238,340,340,359,9,9,9,9,27,27],"floor_reached":41,"campfire_rested":2,"playtime":2043,"current_hp_per_floor":[77,80,80,79,80,80,69,71,71,71,73,75,77,77,77,38,80,80,74,74,59,44,69,59,35,35,37,37,54,59,59,59,59,59,14,14,14,29,29,24,0],"items_purged":[],"gold":27,"score":435,"play_id":"f53d8688-056e-4c81-b482-28df4f54f8c7","local_time":"20180325191232","is_prod":false,"is_daily":false,"is_ascension_mode":false,"campfire_upgraded":3,"timestamp":1522019552,"path_taken":["M","M","M","M","M","R","M","M","T","?","M","?","M","?","R","BOSS","M","M","$","M","?","R","?","E","T","M","M","R","M","?","R","BOSS","M","$","?","?","$","M","E"],"build_version":"2018-03-25","purchased_purges":1,"victory":false,"master_deck":["Defend_R","Defend_R","Bash","Cleave","Flex","Power Through","Battle Trance+1","Clothesline","Offering+1","Thunderclap","Perfected Strike","Heavy Blade+1","Demon Form+1","Fiend Fire","Iron Wave","True Grit","Armaments","Intimidate+1","Bite","Bite+1","Bite","Bite","Bite","Shrug It Off","Warcry+1","Spot Weakness","Limit Break","Sword Boomerang","Feel No Pain","Shrug It Off","Bandage Up","Writhe","Sword Boomerang+1"],"max_hp_per_floor":[80,80,80,80,80,80,80,80,80,80,80,80,80,80,80,80,80,80,80,80,80,85,85,59,59,59,59,59,59,59,59,59,59,59,59,59,59,59,59,59,59],"relics":["Burning Blood","Anchor","Juzu Bracelet","Odd Mushroom","Snecko Eye","Thread and Needle","Whetstone","Bag of Preparation","Mark of Pain","Bronze Scales"],"card_choices":[{"not_picked":["Burning Pact","Second Wind"],"picked":"Cleave","floor":1},{"not_picked":["Twin Strike","Carnage"],"picked":"Flex","floor":2},{"not_picked":["Thunderclap","Pommel Strike"],"picked":"Power Through","floor":3},{"not_picked":["Iron Wave","Anger"],"picked":"Battle Trance","floor":4},{"not_picked":["Twin Strike","Armaments"],"picked":"Clothesline","floor":5},{"not_picked":["Perfected Strike","Clash"],"picked":"Offering","floor":7},{"not_picked":["Sword Boomerang","Anger"],"picked":"Thunderclap","floor":8},{"not_picked":["Thunderclap","Searing Blow"],"picked":"Perfected Strike","floor":11},{"not_picked":["Iron Wave","Clothesline"],"picked":"Heavy Blade","floor":12},{"not_picked":["Flex","Rage"],"picked":"Demon Form","floor":13},{"not_picked":["Impervious","Juggernaut"],"picked":"Fiend Fire","floor":16},{"not_picked":["Ghostly Armor","Clothesline"],"picked":"Iron Wave","floor":18},{"not_picked":["Thunderclap","Twin Strike"],"picked":"True Grit","floor":19},{"not_picked":["Infernal Blade","Thunderclap"],"picked":"Intimidate","floor":21},{"not_picked":["Anger","Pummel"],"picked":"Shrug It Off","floor":25},{"not_picked":["Dual Wield","Anger"],"picked":"Warcry","floor":27},{"not_picked":["Reckless Charge","Sever Soul"],"picked":"Spot Weakness","floor":30},{"not_picked":["Demon Form","Impervious"],"picked":"Limit Break","floor":33},{"not_picked":["Body Slam","Heavy Blade"],"picked":"Sword Boomerang","floor":35},{"not_picked":["Clash","Thunderclap"],"picked":"Sword Boomerang","floor":40}],"player_experience":2507,"potions_floor_usage":[7,12,16,25,33,33,40],"damage_taken":[{"damage":9,"enemies":"Jaw Worm","floor":1,"turns":6},{"damage":0,"enemies":"2 Louse","floor":2,"turns":2},{"damage":1,"enemies":"Cultist","floor":3,"turns":3},{"damage":7,"enemies":"Blue Slaver","floor":4,"turns":4},{"damage":3,"enemies":"Red Slaver","floor":5,"turns":5},{"damage":17,"enemies":"Exordium Thugs","floor":7,"turns":6},{"damage":4,"enemies":"Large Slime","floor":8,"turns":4},{"damage":4,"enemies":"Blue Slaver","floor":11,"turns":3},{"damage":4,"enemies":"The Mushroom Lair","floor":12,"turns":3},{"damage":4,"enemies":"3 Louse","floor":13,"turns":2},{"damage":45,"enemies":"Slime Boss","floor":16,"turns":12},{"damage":4,"enemies":"Spheric Guardian","floor":18,"turns":1},{"damage":12,"enemies":"3 Byrds","floor":19,"turns":4},{"damage":21,"enemies":"Centurion and Healer","floor":21,"turns":5},{"damage":34,"enemies":"Slavers","floor":25,"turns":4},{"damage":16,"enemies":"Sentry and Sphere","floor":27,"turns":5},{"damage":16,"enemies":"Snake Plant","floor":28,"turns":4},{"damage":7,"enemies":"Snecko","floor":30,"turns":3},{"damage":12,"enemies":"Automaton","floor":33,"turns":6},{"damage":51,"enemies":"Flame Bruiser 1 Orb","floor":35,"turns":3},{"damage":25,"enemies":"3 Darklings","floor":40,"turns":8},{"damage":47,"enemies":"Nemesis","floor":41,"turns":5}],"event_choices":[{"event_name":"The Cleric","player_choice":"Card Removal","floor":10,"damage_taken":0},{"event_name":"Mushrooms","player_choice":"Fought Mushrooms","floor":12,"damage_taken":0},{"event_name":"Golden Wing","player_choice":"Gained Gold","floor":14,"damage_taken":0},{"event_name":"Forgotten Altar","player_choice":"Shed Blood","floor":22,"damage_taken":0},{"event_name":"Vampires","player_choice":"Became a vampire","floor":24,"damage_taken":0},{"event_name":"Back to Basics","player_choice":"Elegance","floor":31,"damage_taken":0},{"event_name":"Mysterious Sphere","player_choice":"Ignore","floor":37,"damage_taken":0},{"event_name":"Winding Halls","player_choice":"Writhe","floor":38,"damage_taken":0}],"boss_relics":[{"not_picked":["Sozu","Question Card"],"picked":"Snecko Eye"},{"not_picked":["Philosopher\u0027s Stone","Orrery"],"picked":"Mark of Pain"}],"potions_floor_spawned":[1,2,4,13,21,25,30],"seed_played":"6119530008468255955","killed_by":"Nemesis","ascension_level":0,"is_trial":false}