{"path_per_floor":["M","M","M","M","M","M","R","?","T","M","M","$","M","M","R","B",null,"M","M","?"],"character_chosen":"IRONCLAD","items_purchased":["Flex","Heavy Blade"],"gold_per_floor":[109,122,139,153,164,119,119,119,119,132,147,73,84,101,101,196,196,207,222,122],"floor_reached":21,"campfire_rested":0,"playtime":2308,"current_hp_per_floor":[79,80,80,80,77,80,80,80,80,66,61,61,66,56,56,26,80,67,59,59],"items_purged":[],"gold":122,"score":177,"play_id":"7280fd9a-f529-4eaf-a014-0cdfb3837526","is_prod":false,"is_daily":false,"is_ascension_mode":false,"campfire_upgraded":2,"path_taken":["M","M","M","M","M","M","R","?","T","M","M","$","M","M","R","BOSS","M","?","?","M"],"build_version":"2018-02-15-PROD1","purchased_purges":0,"victory":false,"master_deck":["Strike_R","Strike_R","Strike_R","Strike_R","Defend_R+1","Defend_R+1","Defend_R","Defend_R","Bash","Warcry","Armaments","Rage","Thunderclap","Armaments+1","Pommel Strike","Spot Weakness","Limit Break+1","Clothesline","Flex","Heavy Blade","Heavy Blade","Twin Strike","Clothesline","J.A.X."],"max_hp_per_floor":[80,80,80,80,80,80,80,80,80,80,80,80,80,80,80,80,80,80,80,80],"relics":["Burning Blood","War Paint","Dream Catcher","Cursed Key"],"card_choices":[{"not_picked":["Power Through","Wild Strike"],"picked":"Warcry"},{"not_picked":["Clothesline","Blood for Blood"],"picked":"Armaments"},{"not_picked":["Body Slam","True Grit"],"picked":"Rage"},{"not_picked":["Berserk","Body Slam"],"picked":"Thunderclap"},{"not_picked":["Clash","Sword Boomerang"],"picked":"Armaments"},{"not_picked":["Twin Strike","Feel No Pain"],"picked":"Pommel Strike"},{"not_picked":["Bloodletting","Sword Boomerang"],"picked":"Limit Break"},{"not_picked":["Sword Boomerang","Evolve"],"picked":"Clothesline"},{"not_picked":["Searing Blow","Rampage"],"picked":"Heavy Blade"},{"not_picked":["Warcry","Heavy Blade"],"picked":"Twin Strike"},{"not_picked":["True Grit","Body Slam"],"picked":"Clothesline"}],"player_experience":64944,"potions_floor_usage":[10,16,21,21],"damage_taken":[{"damage":7,"enemies":"Small Slimes","floor":1,"turns":4},{"damage":0,"enemies":"Cultist","floor":2,"turns":4},{"damage":2,"enemies":"2 Louse","floor":3,"turns":4},{"damage":4,"enemies":"Blue Slaver","floor":4,"turns":6},{"damage":9,"enemies":"2 Fungi Beasts","floor":5,"turns":5},{"damage":2,"enemies":"Looter","floor":6,"turns":5},{"damage":20,"enemies":"Exordium Wildlife","floor":10,"turns":6},{"damage":11,"enemies":"Blue Slaver","floor":11,"turns":4},{"damage":1,"enemies":"2 Fungi Beasts","floor":13,"turns":4},{"damage":16,"enemies":"Large Slime","floor":14,"turns":5},{"damage":36,"enemies":"Slime Boss","floor":16,"turns":8},{"damage":19,"enemies":"Spheric Guardian","floor":18,"turns":4},{"damage":14,"enemies":"Shell Parasite","floor":19,"turns":4},{"damage":75,"enemies":"Cultist and Chosen","floor":21,"turns":8}],"event_choices":[{"event_name":"Transmorgrifier","player_choice":"Transform","floor":8,"damage_taken":0},{"event_name":"Drug Dealer","player_choice":"Got JAXXED","floor":20,"damage_taken":0}],"boss_relics":[{"not_picked":["Runic Pyramid","Black Star"],"picked":"Cursed Key"}],"potions_floor_spawned":[1,3,11,14,16,19],"seed_played":"3963409182019760389","killed_by":"Cultist and Chosen","ascension_level":0,"is_trial":false}