{"gold_per_floor":[115,126,139,156,173,173,199,199,199,214,214,225,225,237,237,336,336,319,319,319,338,348,348,382,396,450,450,450,463,463,14,14,114,114,130,130,150,150,160,160,190,190,213,233,233,251,0,0,0,0],"floor_reached":50,"playtime":1878,"items_purged":["Strike_R"],"score":571,"play_id":"4cc55988-7aed-493f-beff-9085f1efa0e2","local_time":"20181230134105","is_ascension_mode":false,"campfire_choices":[{"data":"Uppercut","floor":6,"key":"SMITH"},{"floor":8,"key":"REST"},{"data":"Inflame","floor":11,"key":"SMITH"},{"data":"True Grit","floor":13,"key":"SMITH"},{"data":"Shrug It Off","floor":15,"key":"SMITH"},{"data":"Offering","floor":23,"key":"SMITH"},{"floor":30,"key":"REST"},{"data":"Demon Form","floor":32,"key":"SMITH"},{"floor":40,"key":"RECALL"},{"floor":42,"key":"REST"},{"floor":45,"key":"REST"},{"floor":49,"key":"REST"}],"neow_cost":"TEN_PERCENT_HP_LOSS","seed_source_timestamp":143723856560383,"circlet_count":0,"master_deck":["Strike_R","Strike_R","Strike_R","Defend_R","Defend_R","Defend_R+1","Defend_R","Bash","Inflame+1","True Grit+1","Corruption","Clothesline","Uppercut+1","Impervious+1","Anger","Shrug It Off+1","Cleave","Offering+1","Sword Boomerang","Pommel Strike+1","Sever Soul+1","Demon Form+1","Battle Trance","Ghostly","Ghostly","Ghostly","Ghostly","Ghostly","Armaments","Shrug It Off","Heavy Blade","Twin Strike","Exhume","Shrug It Off+1","Ghostly Armor+1","Flame Barrier+1","Pummel+1","Disarm+1","Disarm","Headbutt"],"relics":["Burning Blood","WingedGreaves","War Paint","Paper Frog","Runic Dome","Dodecahedron","Gremlin Horn","Sundial","Bottled Tornado","Fusion Hammer","Blue Candle","Dream Catcher","Red Mask"],"potions_floor_usage":[7,14,21,29,41,41,50],"damage_taken":[{"damage":5,"enemies":"2 Louse","floor":1,"turns":2},{"damage":5,"enemies":"Small Slimes","floor":2,"turns":4},{"damage":0,"enemies":"Cultist","floor":3,"turns":3},{"damage":24,"enemies":"Large Slime","floor":4,"turns":9},{"damage":5,"enemies":"2 Fungi Beasts","floor":5,"turns":3},{"damage":21,"enemies":"Lagavulin","floor":7,"turns":7},{"damage":6,"enemies":"Blue Slaver","floor":10,"turns":4},{"damage":5,"enemies":"Looter","floor":12,"turns":3},{"damage":0,"enemies":"Lots of Slimes","floor":14,"turns":1},{"damage":26,"enemies":"Hexaghost","floor":16,"turns":10},{"damage":6,"enemies":"2 Thieves","floor":18,"turns":4},{"damage":0,"enemies":"Spheric Guardian","floor":21,"turns":3},{"damage":18,"enemies":"Centurion and Healer","floor":22,"turns":4},{"damage":42,"enemies":"Slavers","floor":24,"turns":5},{"damage":13,"enemies":"Snecko","floor":25,"turns":4},{"damage":0,"enemies":"3 Cultists","floor":29,"turns":5},{"damage":3,"enemies":"Champ","floor":33,"turns":7},{"damage":1,"enemies":"3 Darklings","floor":35,"turns":5},{"damage":4,"enemies":"3 Shapes","floor":37,"turns":4},{"damage":2,"enemies":"Transient","floor":39,"turns":5},{"damage":3,"enemies":"Nemesis","floor":41,"turns":9},{"damage":6,"enemies":"Jaw Worm Horde","floor":44,"turns":5},{"damage":7,"enemies":"4 Shapes","floor":46,"turns":5},{"damage":38,"enemies":"Awakened One","floor":50,"turns":9}],"seed_played":"8198013074147439722","potions_obtained":[{"floor":1,"key":"SteroidPotion"},{"floor":10,"key":"Ancient Potion"},{"floor":12,"key":"Explosive Potion"},{"floor":14,"key":"Swift Potion"},{"floor":18,"key":"AttackPotion"},{"floor":25,"key":"PowerPotion"},{"floor":39,"key":"Block Potion"}],"is_trial":false,"path_per_floor":["M","M","M","M","M","R","E","R","T","M","R","M","R","M","R","B",null,"M","?","?","M","M","R","E","M","T","?","?","M","R","$","R","B",null,"M","?","M","?","M","R","E","R","T","M","R","M","?","$","R","B"],"character_chosen":"IRONCLAD","items_purchased":["Bottled Tornado","Shrug It Off","Heavy Blade","Twin Strike"],"campfire_rested":5,"item_purchase_floors":[31,31,31,31],"current_hp_per_floor":[72,72,72,54,55,55,40,61,61,61,61,62,62,68,68,48,72,72,72,72,72,60,60,24,17,17,17,17,23,33,33,33,36,36,36,36,36,36,36,36,36,36,36,36,36,35,35,35,36,0],"gold":0,"neow_bonus":"ONE_RARE_RELIC","is_prod":false,"is_daily":false,"chose_seed":false,"campfire_upgraded":6,"win_rate":0,"timestamp":1546195265,"path_taken":["M","M","M","M","M","R","E","R","T","M","R","M","R","M","R","BOSS","M","?","?","?","M","R","E","M","T","?","?","M","R","?","R","BOSS","M","?","?","?","M","R","E","R","T","M","R","M","?","?","R","BOSS"],"build_version":"2018-12-25","purchased_purges":1,"victory":false,"max_hp_per_floor":[72,72,72,72,72,72,72,72,72,72,72,72,72,72,72,72,72,72,72,72,72,72,72,72,72,72,36,36,36,36,36,36,36,36,36,36,36,36,36,36,36,36,36,36,36,36,36,36,36,36],"card_choices":[{"not_picked":["Searing Blow","Dropkick"],"picked":"Inflame","floor":1},{"not_picked":["Flex","Clash"],"picked":"True Grit","floor":2},{"not_picked":["Searing Blow","Sever Soul"],"picked":"Corruption","floor":3},{"not_picked":["Sever Soul","Warcry"],"picked":"Clothesline","floor":4},{"not_picked":["Anger","Havoc"],"picked":"Uppercut","floor":5},{"not_picked":["Infernal Blade","Burning Pact"],"picked":"Impervious","floor":7},{"not_picked":["Havoc","Power Through"],"picked":"Anger","floor":10},{"not_picked":["Sever Soul","Wild Strike"],"picked":"Shrug It Off","floor":12},{"not_picked":["Flex","Burning Pact"],"picked":"Cleave","floor":14},{"not_picked":["Juggernaut","Dark Embrace"],"picked":"Offering","floor":16},{"not_picked":["Havoc","Anger"],"picked":"Sword Boomerang","floor":18},{"not_picked":["Iron Wave","Entrench"],"picked":"Pommel Strike+1","floor":21},{"not_picked":["Infernal Blade","Seeing Red"],"picked":"Sever Soul+1","floor":22},{"not_picked":["Inflame","Perfected Strike"],"picked":"Demon Form","floor":24},{"not_picked":["Body Slam+1","Evolve"],"picked":"Battle Trance","floor":25},{"not_picked":["Clash+1","Twin Strike"],"picked":"Armaments","floor":29},{"not_picked":["Double Tap","Bludgeon"],"picked":"Exhume","floor":33},{"not_picked":["Iron Wave+1","Headbutt"],"picked":"Shrug It Off+1","floor":35},{"not_picked":["Rupture","Thunderclap"],"picked":"Ghostly Armor+1","floor":37},{"not_picked":["Sever Soul+1","Havoc"],"picked":"Flame Barrier+1","floor":39},{"not_picked":["Anger+1","Armaments","Sword Boomerang"],"picked":"SKIP","floor":41},{"not_picked":["Rage","Blood for Blood"],"picked":"Pummel+1","floor":44},{"not_picked":["Clothesline","Infernal Blade+1"],"picked":"Disarm+1","floor":45},{"not_picked":["Infernal Blade+1","Carnage"],"picked":"Disarm","floor":46},{"not_picked":["True Grit+1","Flex+1"],"picked":"Headbutt","floor":49}],"player_experience":1075688,"relics_obtained":[{"floor":7,"key":"War Paint"},{"floor":9,"key":"Paper Frog"},{"floor":20,"key":"Gremlin Horn"},{"floor":24,"key":"Sundial"},{"floor":41,"key":"Blue Candle"},{"floor":43,"key":"Dream Catcher"}],"event_choices":[{"damage_healed":0,"gold_gain":0,"player_choice":"Opened","damage_taken":0,"relics_obtained":["Dodecahedron"],"max_hp_gain":0,"max_hp_loss":0,"event_name":"The Mausoleum","floor":19,"gold_loss":0},{"damage_healed":0,"gold_gain":0,"player_choice":"Relic","damage_taken":0,"max_hp_gain":0,"max_hp_loss":0,"event_name":"Wheel of Change","floor":20,"gold_loss":0},{"damage_healed":0,"gold_gain":0,"player_choice":"Became a Ghost","damage_taken":0,"max_hp_gain":0,"max_hp_loss":36,"event_name":"Ghosts","floor":27,"gold_loss":0,"cards_obtained":["Ghostly","Ghostly","Ghostly","Ghostly","Ghostly"]},{"damage_healed":0,"gold_gain":0,"player_choice":"Ignored","damage_taken":0,"max_hp_gain":0,"max_hp_loss":0,"event_name":"Vampires","floor":28,"gold_loss":0},{"cards_removed":["Strike_R"],"damage_healed":0,"gold_gain":0,"player_choice":"Purged","damage_taken":0,"max_hp_gain":0,"max_hp_loss":0,"event_name":"Purifier","floor":36,"gold_loss":0},{"damage_healed":0,"gold_gain":0,"player_choice":"Ignored","damage_taken":0,"max_hp_gain":0,"max_hp_loss":0,"event_name":"Mysterious Sphere","floor":38,"gold_loss":0},{"damage_healed":0,"gold_gain":0,"player_choice":"Paid","damage_taken":0,"relics_obtained":["Red Mask"],"max_hp_gain":0,"max_hp_loss":0,"event_name":"Tomb of Lord Red Mask","floor":47,"gold_loss":251}],"is_beta":true,"boss_relics":[{"not_picked":["Runic Pyramid","Philosopher\u0027s Stone"],"picked":"Runic Dome"},{"not_picked":["Pandora\u0027s Box","Snecko Eye"],"picked":"Fusion Hammer"}],"items_purged_floors":[31],"is_endless":false,"potions_floor_spawned":[1,10,12,14,18,25,39],"killed_by":"Awakened One","ascension_level":0}