{"path_per_floor":["M","M","?","M","?","R","M","M","T","R","?","E","M","M","R","B",null,"M","M","M","$","M","R","?","?","T","M","M","$","M","M","R","B",null,"M","M","$","M","$","R"],"character_chosen":"THE_SILENT","items_purchased":["Ice Cream","Blur","Flying Knee","Bouncing Flask","Backflip","Malaise"],"gold_per_floor":[112,126,126,144,144,144,161,181,206,206,270,305,315,330,330,429,429,440,454,466,45,65,65,65,65,65,77,87,9,21,41,41,138,138,149,168,120,134,62,62,62],"floor_reached":41,"campfire_rested":5,"playtime":2514,"current_hp_per_floor":[63,59,59,54,47,68,68,59,59,59,55,50,44,44,65,47,70,67,58,52,52,49,70,70,70,70,50,36,36,21,21,42,10,70,60,36,36,25,25,46,0],"items_purged":[],"gold":62,"score":426,"play_id":"f3387ebd-df02-4992-8b69-18a603b407fd","local_time":"20180326222612","is_prod":false,"is_daily":false,"is_ascension_mode":false,"campfire_upgraded":1,"timestamp":1522117572,"path_taken":["M","M","?","?","?","R","M","M","T","R","?","E","M","?","R","BOSS","M","M","M","$","M","R","?","?","T","M","?","$","M","M","R","BOSS","M","M","$","M","$","R","M"],"build_version":"2018-03-25","purchased_purges":0,"victory":false,"master_deck":["Defend_G","Defend_G+1","Defend_G","Defend_G","Strike_G","Strike_G","Survivor+1","Neutralize+1","Dagger Spray","Noxious Fumes","Noxious Fumes","Escape Plan","Dagger Throw","Deflect","Deflect","Prepared","Tools of the Trade","Tactician","Dagger Throw+1","All Out Attack+1","Acrobatics+1","Dash","Acrobatics+1","Blur","Flying Knee","Dodge and Roll","Bouncing Flask+1","PiercingWail","Bouncing Flask","Dodge and Roll+1","Prepared","Bullet Time","Terror","Flying Knee+1","Backflip","Caltrops","Malaise"],"max_hp_per_floor":[70,70,70,70,70,70,70,70,70,70,70,70,70,70,70,70,70,70,70,70,70,70,70,70,70,70,70,70,70,70,70,70,70,70,70,70,70,70,70,70,70],"relics":["Black Star","War Paint","Orichalcum","Snake Skull","Pen Nib","Astrolabe","Ice Cream","Thread and Needle","The Specimen"],"card_choices":[{"not_picked":["Backflip","Dodge and Roll"],"picked":"Dagger Spray","floor":1},{"not_picked":["Deflect","Prepared"],"picked":"Noxious Fumes","floor":2},{"not_picked":["Deadly Poison","Deflect"],"picked":"Noxious Fumes","floor":4},{"not_picked":["PiercingWail","Dagger Throw"],"picked":"Escape Plan","floor":7},{"not_picked":["Poisoned Stab","Noxious Fumes"],"picked":"Dagger Throw","floor":8},{"not_picked":["Quick Slash","Heel Hook"],"picked":"Deflect","floor":11},{"not_picked":["Blade Dance","Underhanded Strike"],"picked":"Deflect","floor":12},{"not_picked":["Quick Slash","Slice"],"picked":"Prepared","floor":13},{"not_picked":["Reflex","Eviscerate"],"picked":"Tools of the Trade","floor":14},{"not_picked":["Wraith Form","Doppelganger"],"picked":"Tactician","floor":16},{"not_picked":["Outmaneuver","Deflect"],"picked":"Acrobatics","floor":18},{"not_picked":["Masterful Stab","Deflect"],"picked":"Dash","floor":19},{"not_picked":["Wraith Form","Flechettes"],"picked":"Acrobatics","floor":20},{"not_picked":["Calculated Gamble","Dagger Throw"],"picked":"Dodge and Roll","floor":22},{"not_picked":["Acrobatics","Eviscerate"],"picked":"Bouncing Flask","floor":27},{"not_picked":["Dagger Throw","Flechettes"],"picked":"PiercingWail","floor":28},{"not_picked":["Infinite Blades","Poisoned Stab"],"picked":"Dodge and Roll","floor":30},{"not_picked":["All Out Attack","Choke"],"picked":"Prepared","floor":31},{"not_picked":["Unload","Adrenaline"],"picked":"Bullet Time","floor":33},{"not_picked":["Flying Knee","Crippling Poison"],"picked":"Terror","floor":35},{"not_picked":["Acrobatics","Masterful Stab"],"picked":"Flying Knee","floor":36},{"not_picked":["Well Laid Plans","Eviscerate"],"picked":"Caltrops","floor":38}],"player_experience":13221,"potions_floor_usage":[12,16,16,16,20,28,33,41],"damage_taken":[{"damage":7,"enemies":"2 Louse","floor":1,"turns":3},{"damage":4,"enemies":"Cultist","floor":2,"turns":5},{"damage":5,"enemies":"Jaw Worm","floor":4,"turns":6},{"damage":0,"enemies":"Lots of Slimes","floor":7,"turns":3},{"damage":9,"enemies":"Blue Slaver","floor":8,"turns":6},{"damage":4,"enemies":"3 Sentries","floor":11,"turns":6},{"damage":5,"enemies":"Gremlin Nob","floor":12,"turns":4},{"damage":6,"enemies":"3 Louse","floor":13,"turns":3},{"damage":0,"enemies":"Looter","floor":14,"turns":4},{"damage":32,"enemies":"Hexaghost","floor":16,"turns":10},{"damage":3,"enemies":"Chosen","floor":18,"turns":6},{"damage":9,"enemies":"3 Byrds","floor":19,"turns":3},{"damage":6,"enemies":"3 Cultists","floor":20,"turns":4},{"damage":3,"enemies":"Centurion and Healer","floor":22,"turns":5},{"damage":20,"enemies":"Snake Plant","floor":27,"turns":6},{"damage":14,"enemies":"Cultist and Chosen","floor":28,"turns":7},{"damage":15,"enemies":"3 Cultists","floor":30,"turns":5},{"damage":0,"enemies":"Centurion and Healer","floor":31,"turns":7},{"damage":32,"enemies":"Automaton","floor":33,"turns":10},{"damage":10,"enemies":"Flame Bruiser 1 Orb","floor":35,"turns":5},{"damage":24,"enemies":"3 Shapes","floor":36,"turns":4},{"damage":11,"enemies":"Maw","floor":38,"turns":8},{"damage":50,"enemies":"Spire Growth","floor":41,"turns":7}],"event_choices":[{"event_name":"The Woman in Blue","player_choice":"Bought 0 Potions","floor":3,"damage_taken":0},{"event_name":"Golden Wing","player_choice":"Card Removal","floor":5,"damage_taken":0},{"event_name":"Dead Adventurer","player_choice":"Searched \u00272\u0027 times","floor":11,"damage_taken":0},{"event_name":"Drug Dealer","player_choice":"Ignored","floor":24,"damage_taken":0},{"event_name":"Bonfire Elementals","player_choice":"UNCOMMON","floor":25,"damage_taken":0}],"boss_relics":[{"not_picked":["Velvet Choker","Orrery"],"picked":"Astrolabe"},{"not_picked":["Eternal Feather","Cursed Key"],"picked":"The Specimen"}],"potions_floor_spawned":[2,8,11,14,18,19,27,28,33,38],"seed_played":"-6145366022128763153","killed_by":"Spire Growth","ascension_level":0,"is_trial":false}