{"path_per_floor":["M","M","M","M","?","R","M","M","T","R","?","M","M","M","R","B",null,"M","$","M","M","M","R","M","M","T","E","?","R","M","M","R","B",null,"M","M","M","?","$","R","E","R","T","?","B"],"character_chosen":"IRONCLAD","items_purchased":["Apotheosis","Shuriken","Energy Potion"],"gold_per_floor":[116,131,141,157,157,157,169,183,183,183,183,198,210,220,220,324,324,344,91,110,120,138,138,155,167,167,193,193,193,210,228,228,330,330,348,359,374,374,70,70,95,95,122,122,122],"floor_reached":46,"campfire_rested":2,"playtime":1389,"current_hp_per_floor":[80,80,80,67,67,67,65,66,66,66,66,69,57,56,77,77,77,73,73,68,73,77,77,66,67,67,54,54,77,77,77,77,65,77,62,67,77,77,77,77,76,76,76,76,17],"items_purged":["Defend_R"],"gold":122,"score":695,"play_id":"d721bb2c-4abe-4de5-b745-030c9ffd87ea","local_time":"20180325194721","is_prod":false,"is_daily":false,"is_ascension_mode":false,"campfire_upgraded":3,"timestamp":1522021641,"path_taken":["M","M","M","M","?","R","M","M","T","R","?","M","M","M","R","BOSS","M","$","M","?","M","R","?","M","T","E","?","R","M","M","R","BOSS","M","M","M","?","$","R","E","R","T","?","BOSS"],"build_version":"2018-03-25","purchased_purges":1,"victory":true,"master_deck":["Strike_R","Strike_R","Strike_R","Strike_R","Strike_R","Defend_R","Defend_R","Bash","Heavy Blade","Headbutt","Cleave","Headbutt","Limit Break+1","Shrug It Off","Heavy Blade","Anger","Thunderclap","Offering","Armaments+1","Apotheosis+1","Sword Boomerang+1","Shrug It Off","Shockwave","Flex","Warcry+1","Pummel","Flex","Offering+1","Sword Boomerang+1","Clash+1","Seeing Red+1","Shrug It Off"],"max_hp_per_floor":[80,80,80,80,80,80,80,80,80,80,77,77,77,77,77,77,77,77,77,77,77,77,77,77,77,77,77,77,77,77,77,77,77,77,77,77,77,77,77,77,77,77,77,77,77],"relics":["Black Blood","Girya","Magic Flower","Runic Dome","Letter Opener","Happy Flower","Shuriken","Dream Catcher","Ancient Tea Set"],"card_choices":[{"not_picked":["Shrug It Off","Bludgeon"],"picked":"Heavy Blade","floor":1},{"not_picked":["Battle Trance","Armaments"],"picked":"Headbutt","floor":2},{"not_picked":["Warcry","Blood for Blood"],"picked":"Cleave","floor":3},{"not_picked":["Perfected Strike","Iron Wave"],"picked":"Headbutt","floor":4},{"not_picked":["Headbutt","Thunderclap"],"picked":"Limit Break","floor":7},{"not_picked":["Pommel Strike","Sword Boomerang"],"picked":"Shrug It Off","floor":8},{"not_picked":["Armaments","Warcry"],"picked":"Heavy Blade","floor":12},{"not_picked":["Heavy Blade","Clothesline"],"picked":"Anger","floor":13},{"not_picked":["Pommel Strike","Twin Strike"],"picked":"Thunderclap","floor":14},{"not_picked":["Demon Form","Impervious"],"picked":"Offering","floor":16},{"not_picked":["Warcry","Infernal Blade"],"picked":"Armaments","floor":18},{"not_picked":["Carnage","Warcry"],"picked":"Sword Boomerang","floor":20},{"not_picked":["Clothesline","Burning Pact"],"picked":"Shrug It Off","floor":21},{"not_picked":["Brutality","Twin Strike"],"picked":"Shockwave","floor":22},{"not_picked":["Twin Strike","Cleave"],"picked":"Flex","floor":24},{"not_picked":["Sword Boomerang","Thunderclap"],"picked":"Warcry","floor":25},{"not_picked":["Perfected Strike","Dual Wield"],"picked":"Pummel","floor":30},{"not_picked":["Dropkick","Pommel Strike"],"picked":"Flex","floor":31},{"not_picked":["Reaper","Impervious"],"picked":"Offering","floor":33},{"not_picked":["Flame Barrier","Flex"],"picked":"Sword Boomerang","floor":35},{"not_picked":["Hemokinesis","Metallicize"],"picked":"Clash","floor":36},{"not_picked":["Shockwave","Heavy Blade"],"picked":"Seeing Red","floor":37},{"not_picked":["Pommel Strike","Thunderclap"],"picked":"Shrug It Off","floor":41}],"player_experience":5204,"potions_floor_usage":[8,16,21,27,33,33,33,37,45,45],"damage_taken":[{"damage":0,"enemies":"2 Louse","floor":1,"turns":4},{"damage":5,"enemies":"Small Slimes","floor":2,"turns":4},{"damage":1,"enemies":"Cultist","floor":3,"turns":3},{"damage":19,"enemies":"Exordium Wildlife","floor":4,"turns":5},{"damage":8,"enemies":"Lots of Slimes","floor":7,"turns":2},{"damage":5,"enemies":"3 Louse","floor":8,"turns":2},{"damage":6,"enemies":"Blue Slaver","floor":12,"turns":3},{"damage":21,"enemies":"Gremlin Gang","floor":13,"turns":4},{"damage":10,"enemies":"Looter","floor":14,"turns":3},{"damage":4,"enemies":"Slime Boss","floor":16,"turns":5},{"damage":13,"enemies":"Shell Parasite","floor":18,"turns":3},{"damage":14,"enemies":"2 Thieves","floor":20,"turns":3},{"damage":4,"enemies":"Centurion and Healer","floor":21,"turns":3},{"damage":4,"enemies":"3 Cultists","floor":22,"turns":3},{"damage":20,"enemies":"Sentry and Sphere","floor":24,"turns":4},{"damage":8,"enemies":"Snecko","floor":25,"turns":3},{"damage":22,"enemies":"Gremlin Leader","floor":27,"turns":3},{"damage":4,"enemies":"3 Cultists","floor":30,"turns":3},{"damage":0,"enemies":"Chosen and Byrds","floor":31,"turns":2},{"damage":21,"enemies":"Collector","floor":33,"turns":4},{"damage":30,"enemies":"Flame Bruiser 1 Orb","floor":35,"turns":3},{"damage":10,"enemies":"Orb Walker","floor":36,"turns":2},{"damage":3,"enemies":"Sphere and 2 Shapes","floor":37,"turns":3},{"damage":16,"enemies":"Nemesis","floor":41,"turns":3},{"damage":74,"enemies":"Awakened One","floor":45,"turns":5}],"event_choices":[{"event_name":"Liars Game","player_choice":"disagreed","floor":5,"damage_taken":0},{"event_name":"Purifier","player_choice":"One Purge","floor":11,"damage_taken":0},{"event_name":"Vampires","player_choice":"Ignored","floor":28,"damage_taken":0},{"event_name":"SecretPortal","player_choice":"Took Portal.","floor":44,"damage_taken":0}],"boss_relics":[{"not_picked":["Question Card","Velvet Choker"],"picked":"Runic Dome"},{"not_picked":["White Beast Statue","Cursed Key"],"picked":"Black Blood"}],"potions_floor_spawned":[3,4,7,8,16,18,21,25,30,31,35,41],"seed_played":"5292238414694052543","ascension_level":0,"is_trial":false}