{"path_per_floor":["M","$","?","M","M","E","R","E","T","R","?","M","R","E","R","B",null,"M","M","?","M","$","E","R","E","T","R","?","M","M","E","R","B",null,"M","M","M","$","?","R","E","M","T","E","M","$","E","T","R"],"character_chosen":"THE_SILENT","items_purchased":["Cloak And Dagger","Lantern","Bottled Lightning","Ice Cream","Bane","After Image","Bullet Time","Deadly Poison","Whetstone"],"gold_per_floor":[118,72,72,95,110,154,154,185,185,185,285,308,308,352,352,473,473,487,412,412,426,28,72,72,110,159,159,159,184,197,241,241,371,371,391,405,429,85,418,418,445,460,460,487,499,27,54,77,77,77],"floor_reached":50,"campfire_rested":5,"playtime":2825,"current_hp_per_floor":[67,67,65,61,61,33,52,33,33,52,52,48,65,43,62,32,65,59,48,48,48,48,21,50,50,57,67,36,36,36,36,36,17,36,36,36,33,33,33,36,36,36,46,45,45,45,24,24,40,0],"items_purged":[],"gold":77,"score":815,"play_id":"fb38f988-9132-447e-94da-319799a5456f","local_time":"20180421025754","is_prod":false,"is_daily":false,"chose_seed":false,"is_ascension_mode":true,"campfire_upgraded":4,"timestamp":1524293874,"path_taken":["M","$","?","?","M","E","R","E","T","R","?","?","R","E","R","BOSS","M","M","?","M","$","E","R","E","T","R","?","M","M","E","R","BOSS","M","M","?","$","?","R","E","M","T","E","M","$","E","?","R","BOSS"],"build_version":"2018-04-19","seed_source_timestamp":754939586210853,"purchased_purges":0,"victory":false,"master_deck":["Defend_G+1","Defend_G+1","Defend_G+1","Defend_G+1","Strike_G+1","Strike_G+1","Strike_G+1","Survivor","Neutralize+1","Flying Knee","Cloak And Dagger","Cloak And Dagger","Backflip","Leg Sweep","Masterful Stab+1","Deadly Poison","Backflip","Wraith Form v2+1","Caltrops","Dagger Spray","Poisoned Stab+1","Catalyst","Bouncing Flask","Ghostly+1","Ghostly+1","Ghostly+1","Ghostly","Ghostly","Deadly Poison","Poisoned Stab","Venomology","Blade Dance+1","Grand Finale+1","Concentrate+1","Acrobatics","Backflip","Deadly Poison","Bane","Backstab+1","PiercingWail+1","After Image","Bullet Time","Deadly Poison","Backstab+1"],"max_hp_per_floor":[70,70,65,65,65,65,65,65,65,65,65,65,65,65,65,65,65,65,65,65,65,65,65,65,65,72,72,36,36,36,36,36,36,36,36,36,36,36,36,36,36,36,46,46,46,46,46,46,46,46],"relics":["Ring of the Snake","Snake Skull","Paper Crane","Anchor","Bronze Scales","Eternal Feather","Lantern","Bottled Lightning","Orichalcum","Ancient Tea Set","Strawberry","Sundial","Astrolabe","Ice Cream","Shuriken","Pear","Tingsha","Whetstone","Bottled Tornado","Prayer Wheel"],"card_choices":[{"not_picked":["Bane","Backflip"],"picked":"Flying Knee","floor":1},{"not_picked":["Prepared","Dodge and Roll"],"picked":"Cloak And Dagger","floor":4},{"not_picked":["Noxious Fumes","Bane"],"picked":"Backflip","floor":5},{"not_picked":["Finisher","Slice"],"picked":"Leg Sweep","floor":6},{"not_picked":["Quick Slash","Escape Plan"],"picked":"Masterful Stab","floor":8},{"not_picked":["Reflex","Riddle With Holes"],"picked":"Deadly Poison","floor":12},{"not_picked":["Dodge and Roll","Skewer"],"picked":"Backflip","floor":14},{"not_picked":["Venomology","Corpse Explosion"],"picked":"Wraith Form v2","floor":16},{"not_picked":["Acrobatics","Dagger Throw"],"picked":"Caltrops","floor":18},{"not_picked":["Slice","Noxious Fumes"],"picked":"Dagger Spray","floor":19},{"not_picked":["Backstab","Tactician"],"picked":"Poisoned Stab","floor":21},{"not_picked":["Setup","Distraction"],"picked":"Catalyst","floor":23},{"not_picked":["Catalyst","Slice"],"picked":"Bouncing Flask","floor":25},{"not_picked":["Dagger Spray","Prepared"],"picked":"Deadly Poison","floor":29},{"not_picked":["Footwork","Acrobatics"],"picked":"Poisoned Stab","floor":30},{"not_picked":["Tools of the Trade","A Thousand Cuts"],"picked":"Venomology","floor":33},{"not_picked":["Prepared","Outmaneuver"],"picked":"Acrobatics","floor":35},{"not_picked":["Flying Knee","Quick Slash"],"picked":"Backflip","floor":36},{"not_picked":["A Thousand Cuts","Flying Knee"],"picked":"Deadly Poison","floor":37},{"not_picked":["Underhanded Strike","Slice"],"picked":"Backstab","floor":41},{"not_picked":["Accuracy","Dodge and Roll"],"picked":"PiercingWail","floor":44},{"not_picked":["Cloak And Dagger","Heel Hook"],"picked":"Backstab","floor":47}],"player_experience":265440,"potions_floor_usage":[6,16,31,31,35,35,41,44,50,50,50,50],"damage_taken":[{"damage":3,"enemies":"2 Louse","floor":1,"turns":4},{"damage":4,"enemies":"Small Slimes","floor":4,"turns":4},{"damage":0,"enemies":"Jaw Worm","floor":5,"turns":3},{"damage":28,"enemies":"Gremlin Nob","floor":6,"turns":5},{"damage":19,"enemies":"3 Sentries","floor":8,"turns":12},{"damage":4,"enemies":"Red Slaver","floor":12,"turns":4},{"damage":22,"enemies":"Lagavulin","floor":14,"turns":7},{"damage":30,"enemies":"Hexaghost","floor":16,"turns":13},{"damage":6,"enemies":"3 Byrds","floor":18,"turns":3},{"damage":11,"enemies":"2 Thieves","floor":19,"turns":5},{"damage":0,"enemies":"Centurion and Healer","floor":21,"turns":13},{"damage":27,"enemies":"Slavers","floor":23,"turns":7},{"damage":0,"enemies":"Book of Stabbing","floor":25,"turns":6},{"damage":0,"enemies":"Slaver and Parasite","floor":29,"turns":6},{"damage":0,"enemies":"Chosen and Byrds","floor":30,"turns":8},{"damage":0,"enemies":"Gremlin Leader","floor":31,"turns":6},{"damage":19,"enemies":"Champ","floor":33,"turns":11},{"damage":0,"enemies":"3 Darklings","floor":35,"turns":6},{"damage":0,"enemies":"3 Shapes","floor":36,"turns":5},{"damage":3,"enemies":"Maw","floor":37,"turns":9},{"damage":0,"enemies":"Giant Head","floor":41,"turns":8},{"damage":0,"enemies":"4 Shapes","floor":42,"turns":9},{"damage":1,"enemies":"2 Orb Walkers","floor":44,"turns":6},{"damage":0,"enemies":"3 Darklings","floor":45,"turns":7},{"damage":21,"enemies":"Giant Head","floor":47,"turns":11},{"damage":44,"enemies":"Awakened One","floor":50,"turns":13}],"event_choices":[{"event_name":"Golden Idol","player_choice":"Lose Max HP","floor":3,"damage_taken":0},{"event_name":"Golden Shrine","player_choice":"Pray","floor":11,"damage_taken":0},{"event_name":"Back to Basics","player_choice":"Simplicity","floor":20,"damage_taken":0},{"event_name":"Ghosts","player_choice":"Became a Ghost","floor":28,"damage_taken":0},{"event_name":"The Moai Head","player_choice":"Gave Idol","floor":39,"damage_taken":0}],"boss_relics":[{"not_picked":["Lizard Tail","Runic Dome"],"picked":"Eternal Feather"},{"not_picked":["Runic Pyramid","Black Star"],"picked":"Astrolabe"}],"potions_floor_spawned":[5,6,23,25,30,33,35,42,44,47],"seed_played":"9066110060979284552","killed_by":"Awakened One","ascension_level":1,"is_trial":false}