{"gold_per_floor":[115,115,115,115,14,14,54,54,54,88,112,128,172,172,172,296,296,311,311,311,330,350,350,350,350],"floor_reached":25,"playtime":1142,"items_purged":[],"score":336,"play_id":"5fde0977-61f1-4ea6-a5d5-37c94b6b8106","local_time":"20180714140925","is_ascension_mode":true,"campfire_choices":[{"data":"Neutralize","floor":6,"key":"SMITH"},{"floor":8,"key":"REST"},{"floor":15,"key":"REST"},{"floor":24,"key":"REST"}],"neow_cost":"NONE","seed_source_timestamp":0,"circlet_count":0,"master_deck":["Defend_G","Defend_G","Defend_G","Defend_G","Defend_G","Strike_G","Strike_G","Strike_G","Strike_G","Survivor","Neutralize+1","AscendersBane","Footwork","Noxious Fumes","Poisoned Stab","Cloak And Dagger","Skewer","Dodge and Roll","Deadly Poison","Backflip","Burst","Deflect","Dash","RitualDagger"],"special_seed":17726,"relics":["Ring of the Snake","Peace Pipe","Golden Idol","Dodecahedron","Pear","Pen Nib","Matryoshka","Cursed Key"],"potions_floor_usage":[7,13,21,22,25],"damage_taken":[{"damage":0,"enemies":"2 Louse","floor":1,"turns":4},{"damage":11,"enemies":"Lagavulin","floor":7,"turns":7},{"damage":28,"enemies":"Gremlin Nob","floor":10,"turns":5},{"damage":5,"enemies":"Small Slimes","floor":11,"turns":4},{"damage":0,"enemies":"Cultist","floor":12,"turns":2},{"damage":13,"enemies":"3 Sentries","floor":13,"turns":8},{"damage":16,"enemies":"The Guardian","floor":16,"turns":12},{"damage":9,"enemies":"Spheric Guardian","floor":18,"turns":6},{"damage":5,"enemies":"Shell Parasite","floor":21,"turns":7},{"damage":17,"enemies":"Cultist and Chosen","floor":22,"turns":8},{"damage":64,"enemies":"Gremlin Leader","floor":25,"turns":5}],"seed_played":"-1557900698408723444","potions_obtained":[{"floor":12,"key":"Poison Potion"},{"floor":21,"key":"Fruit Juice"}],"is_trial":false,"path_per_floor":["M","?","?","?","$","R","E","R","T","E","M","M","E","?","R","B",null,"M","?","?","M","M","?","R"],"character_chosen":"THE_SILENT","items_purchased":["Noxious Fumes","Poisoned Stab"],"campfire_rested":3,"item_purchase_floors":[5,5],"current_hp_per_floor":[63,51,51,44,44,44,33,52,62,34,29,29,16,41,63,47,68,59,45,45,55,43,37,61,0],"gold":350,"neow_bonus":"THREE_SMALL_POTIONS","is_prod":false,"is_daily":false,"chose_seed":false,"campfire_upgraded":1,"win_rate":0,"timestamp":1531591765,"path_taken":["M","?","?","?","$","R","E","R","T","E","M","M","E","?","R","BOSS","M","?","?","M","M","?","R","E"],"build_version":"2018-07-13","purchased_purges":0,"victory":false,"max_hp_per_floor":[70,70,65,65,65,65,65,65,75,75,75,75,75,75,75,75,75,75,75,75,75,80,80,80,80],"card_choices":[{"not_picked":["Eviscerate","All Out Attack"],"picked":"Footwork","floor":1},{"not_picked":["Prepared","Riddle With Holes"],"picked":"Cloak And Dagger","floor":7},{"not_picked":["Setup","Slice"],"picked":"Skewer","floor":10},{"not_picked":["Poisoned Stab","Eviscerate"],"picked":"Dodge and Roll","floor":11},{"not_picked":["Dagger Spray","Outmaneuver"],"picked":"Deadly Poison","floor":12},{"not_picked":["Sucker Punch","Poisoned Stab"],"picked":"Backflip","floor":13},{"not_picked":["Die Die Die","Envenom"],"picked":"Burst","floor":16},{"not_picked":["Dagger Spray","Dagger Throw+1","Quick Slash+1"],"picked":"SKIP","floor":18},{"not_picked":["Accuracy","Sucker Punch"],"picked":"Deflect","floor":21},{"not_picked":["Flechettes+1","Accuracy"],"picked":"Dash","floor":22}],"player_experience":557979,"relics_obtained":[{"floor":7,"key":"Dodecahedron"},{"floor":9,"key":"Pear"},{"floor":10,"key":"Pen Nib"},{"floor":13,"key":"Matryoshka"}],"event_choices":[{"event_name":"Scrap Ooze","player_choice":"success","floor":2,"damage_taken":12},{"event_name":"Golden Idol","player_choice":"Lose Max HP","floor":3,"damage_taken":0},{"event_name":"Golden Wing","player_choice":"Card Removal","floor":4,"damage_taken":0},{"event_name":"Big Fish","player_choice":"Banana","floor":14,"damage_taken":0},{"event_name":"Knowing Skull","player_choice":"POTION ","floor":19,"damage_taken":0},{"event_name":"Drug Dealer","player_choice":"Ignored","floor":20,"damage_taken":0},{"event_name":"Nest","player_choice":"Joined the Cult","floor":23,"damage_taken":0}],"boss_relics":[{"not_picked":["Tiny House","Black Star"],"picked":"Cursed Key"}],"items_purged_floors":[],"is_endless":false,"potions_floor_spawned":[1,12,21],"killed_by":"Gremlin Leader","ascension_level":11}