{"gold_per_floor":[110,65,65,76,50,50,80,96,96,96,112,112,126,145,145,240,240,252,252,212,222,234,234,234,254,254,269,269],"floor_reached":28,"playtime":1220,"items_purged":[],"score":408,"play_id":"60528cca-b732-4196-8c05-1f9d233bb688","local_time":"20180630135311","is_ascension_mode":true,"campfire_choices":[{"floor":6,"key":"REST"},{"data":"Cloak And Dagger","floor":10,"key":"SMITH"},{"data":"Backflip","floor":12,"key":"SMITH"},{"data":"Cloak And Dagger","floor":15,"key":"SMITH"},{"data":"Glass Knife","floor":23,"key":"SMITH"}],"neow_cost":"TEN_PERCENT_HP_LOSS","seed_source_timestamp":1356419492454961,"circlet_count":0,"master_deck":["Defend_G","Defend_G","Defend_G","Defend_G","Defend_G","Strike_G","Strike_G+1","Strike_G","Survivor","Neutralize+1","AscendersBane","Cloak And Dagger+1","Flying Knee","All Out Attack","Cloak And Dagger+1","Bouncing Flask","Sucker Punch","Backflip+1","Quick Slash","PiercingWail","Terror","Cloak And Dagger","Glass Knife+1","Backstab","Glass Knife","Skewer","Noxious Fumes","Backflip","Noxious Fumes","Dagger Throw"],"relics":["Ring of the Snake","Ice Cream","Calipers","Sozu","Question Card"],"potions_floor_usage":[7,16,16,22],"damage_taken":[{"damage":2,"enemies":"Jaw Worm","floor":1,"turns":5},{"damage":0,"enemies":"Cultist","floor":4,"turns":4},{"damage":6,"enemies":"Lagavulin","floor":7,"turns":6},{"damage":0,"enemies":"Small Slimes","floor":8,"turns":3},{"damage":9,"enemies":"Exordium Thugs","floor":11,"turns":5},{"damage":0,"enemies":"3 Louse","floor":13,"turns":4},{"damage":0,"enemies":"Red Slaver","floor":14,"turns":4},{"damage":0,"enemies":"Slime Boss","floor":16,"turns":6},{"damage":15,"enemies":"Spheric Guardian","floor":18,"turns":5},{"damage":1,"enemies":"3 Byrds","floor":21,"turns":3},{"damage":6,"enemies":"Centurion and Healer","floor":22,"turns":5},{"damage":8,"enemies":"Snake Plant","floor":25,"turns":4},{"damage":5,"enemies":"Snecko","floor":27,"turns":5},{"damage":43,"enemies":"Book of Stabbing","floor":28,"turns":5}],"seed_played":"-334876856047925465","potions_obtained":[{"floor":1,"key":"Poison Potion"},{"floor":4,"key":"AttackPotion"},{"floor":13,"key":"Regen Potion"},{"floor":14,"key":"Strength Potion"}],"is_trial":false,"path_per_floor":["M","$","?","M","$","R","E","M","T","R","M","R","M","M","R","B",null,"M","?","$","M","M","R","?","M","T","M"],"character_chosen":"THE_SILENT","items_purchased":["Cloak And Dagger","Sucker Punch","Skewer"],"campfire_rested":1,"item_purchase_floors":[2,5,20],"current_hp_per_floor":[61,61,48,48,48,63,57,57,57,57,48,48,48,48,48,48,59,44,44,44,43,51,51,51,43,43,38,0],"gold":269,"neow_bonus":"TRANSFORM_TWO_CARDS","is_prod":false,"is_daily":false,"chose_seed":false,"campfire_upgraded":4,"win_rate":0,"timestamp":1530381191,"path_taken":["M","$","?","M","?","R","E","M","T","R","M","R","M","M","R","BOSS","M","?","$","?","M","R","?","M","T","M","E"],"build_version":"2018-06-29","purchased_purges":0,"victory":false,"max_hp_per_floor":[63,63,63,63,63,63,63,63,63,63,63,63,63,63,63,63,63,63,63,63,63,63,63,63,63,63,63,63],"card_choices":[{"not_picked":["Bane","Sucker Punch"],"picked":"All Out Attack","floor":1},{"not_picked":["Catalyst","Cloak And Dagger"],"picked":"Bouncing Flask","floor":4},{"not_picked":["Flying Knee","Predator"],"picked":"Backflip","floor":7},{"not_picked":["Slice","Grand Finale"],"picked":"Quick Slash","floor":8},{"not_picked":["Dagger Throw","Cloak And Dagger"],"picked":"PiercingWail","floor":11},{"not_picked":["Choke","Sucker Punch"],"picked":"Terror","floor":13},{"not_picked":["PiercingWail","Underhanded Strike"],"picked":"Cloak And Dagger","floor":14},{"not_picked":["Bullet Time","Doppelganger"],"picked":"Glass Knife","floor":16},{"not_picked":["Crippling Poison","Bane"],"picked":"Backstab","floor":18},{"not_picked":["Acrobatics","Dagger Spray"],"picked":"Noxious Fumes","floor":21},{"not_picked":["Sucker Punch","Endless Agony"],"picked":"Backflip","floor":22},{"not_picked":["Reflex","Masterful Stab+1","Underhanded Strike"],"picked":"SKIP","floor":25},{"not_picked":["Caltrops","Bane","Tactician"],"picked":"Dagger Throw","floor":27}],"player_experience":478805,"relics_obtained":[{"floor":7,"key":"Ice Cream"},{"floor":9,"key":"Calipers"},{"floor":26,"key":"Question Card"}],"event_choices":[{"event_name":"Shining Light","player_choice":"Entered Light","floor":3,"damage_taken":0},{"event_name":"Duplicator","player_choice":"One dupe","floor":19,"damage_taken":0},{"event_name":"The Library","player_choice":"Read","floor":24,"damage_taken":0}],"boss_relics":[{"not_picked":["Fusion Hammer","White Beast Statue"],"picked":"Sozu"}],"items_purged_floors":[],"is_endless":false,"potions_floor_spawned":[1,4,13,14,27],"killed_by":"Book of Stabbing","ascension_level":10}