{"gold_per_floor":[117,117,137,157,157,185,185,199,273,66,85,113,113,147,147,246,246,256,256,39,39,59,89,89,89,89,89,118,118,136,146,146,249,249,267,267,367,386,386,386,154,181,249,249,284,2,2,34,34,34,34,34,34,65,65],"floor_reached":56,"playtime":2950,"items_purged":["Strike_G+1"],"score":1634,"play_id":"5d14da75-611c-47ae-91a3-76cf6b097976","local_time":"20190106205523","is_ascension_mode":true,"campfire_choices":[{"data":"Bullet Time","floor":7,"key":"SMITH"},{"floor":13,"key":"REST"},{"data":"Terror","floor":15,"key":"SMITH"},{"data":"After Image","floor":24,"key":"SMITH"},{"data":"Calculated Gamble","floor":27,"key":"SMITH"},{"data":"Backflip","floor":32,"key":"SMITH"},{"data":"1","floor":40,"key":"LIFT"},{"data":"2","floor":44,"key":"LIFT"},{"data":"3","floor":47,"key":"LIFT"},{"floor":49,"key":"RECALL"},{"floor":52,"key":"REST"}],"neow_cost":"NONE","seed_source_timestamp":519138964869143,"circlet_count":0,"master_deck":["Defend_G+1","Defend_G+1","Defend_G+1","Defend_G+1","Defend_G+1","Strike_G+1","Strike_G+1","Strike_G+1","Strike_G+1","Survivor+1","Neutralize","Cloak And Dagger","Escape Plan","Predator+1","Bullet Time+1","Terror+1","Backflip+1","Dash+1","Sucker Punch+1","Doppelganger","After Image+1","Setup","RitualDagger+1","Backstab+1","Calculated Gamble+1","Well Laid Plans","Cloak And Dagger","Dodge and Roll+1","Backstab+1","Die Die Die+1","Cloak And Dagger","Backflip","Caltrops","Terror","Wraith Form v2","PiercingWail+1","Backflip","Calculated Gamble+1","Blur"],"relics":["Ring of the Snake","Molten Egg 2","Bottled Lightning","Paper Crane","Potion Belt","Pocketwatch","Calipers","Sozu","Pen Nib","Bronze Scales","MutagenicStrength","Ninja Scroll","Ornamental Fan","Fusion Hammer","Girya","Juzu Bracelet","Ancient Tea Set","Orichalcum","Oddly Smooth Stone","Smiling Mask","Shuriken"],"potions_floor_usage":[6,28,50,55,55],"damage_taken":[{"damage":0,"enemies":"Cultist","floor":1,"turns":4},{"damage":0,"enemies":"2 Louse","floor":3,"turns":4},{"damage":2,"enemies":"Small Slimes","floor":4,"turns":4},{"damage":16,"enemies":"Gremlin Nob","floor":6,"turns":4},{"damage":0,"enemies":"Looter","floor":8,"turns":3},{"damage":0,"enemies":"3 Louse","floor":11,"turns":3},{"damage":8,"enemies":"Lagavulin","floor":12,"turns":4},{"damage":0,"enemies":"3 Sentries","floor":14,"turns":7},{"damage":8,"enemies":"Hexaghost","floor":16,"turns":8},{"damage":2,"enemies":"2 Thieves","floor":18,"turns":4},{"damage":0,"enemies":"Spheric Guardian","floor":22,"turns":3},{"damage":1,"enemies":"Slavers","floor":23,"turns":7},{"damage":0,"enemies":"Book of Stabbing","floor":28,"turns":3},{"damage":0,"enemies":"Shelled Parasite and Fungi","floor":30,"turns":3},{"damage":0,"enemies":"Snake Plant","floor":31,"turns":2},{"damage":9,"enemies":"Champ","floor":33,"turns":11},{"damage":0,"enemies":"3 Shapes","floor":35,"turns":2},{"damage":0,"enemies":"Mind Bloom Boss Battle","floor":37,"turns":5},{"damage":0,"enemies":"Orb Walker","floor":38,"turns":2},{"damage":0,"enemies":"Giant Head","floor":42,"turns":6},{"damage":9,"enemies":"Nemesis","floor":45,"turns":5},{"damage":0,"enemies":"Reptomancer","floor":48,"turns":5},{"damage":7,"enemies":"Donu and Deca","floor":50,"turns":12},{"damage":0,"enemies":"Shield and Spear","floor":54,"turns":5},{"damage":61,"enemies":"The Heart","floor":55,"turns":8}],"seed_played":"-8001345299855960145","potions_obtained":[{"floor":0,"key":"EssenceOfSteel"},{"floor":0,"key":"Dexterity Potion"},{"floor":0,"key":"PowerPotion"},{"floor":4,"key":"FairyPotion"},{"floor":6,"key":"Fire Potion"},{"floor":12,"key":"SkillPotion"},{"floor":16,"key":"Weak Potion"}],"is_trial":false,"path_per_floor":["M","T","M","M","?","E","R","M","T","$","M","E","R","E","R","B",null,"M","?","$","?","M","E","R","?","T","R","E","?","M","M","R","B",null,"M","?","?","M","?","R","$","E","T","R","E","$","R","E","R","B",null,"R","$","E","B",null],"character_chosen":"THE_SILENT","items_purchased":["Potion Belt","Backflip","Pen Nib","Backstab+1","Terror","Juzu Bracelet","Backflip","Oddly Smooth Stone"],"campfire_rested":2,"item_purchase_floors":[10,10,20,20,41,41,46,46],"current_hp_per_floor":[70,70,70,68,54,38,38,38,38,38,38,30,51,51,51,43,70,68,62,62,62,62,61,61,61,61,61,61,61,61,61,61,52,70,70,66,66,66,66,66,66,66,66,66,57,57,57,57,57,50,66,66,66,66,5],"gold":65,"neow_bonus":"THREE_SMALL_POTIONS","is_prod":false,"is_daily":false,"chose_seed":false,"campfire_upgraded":5,"win_rate":0,"timestamp":1546826123,"path_taken":["M","?","M","M","?","E","R","M","T","$","M","E","R","E","R","BOSS","M","?","$","?","M","E","R","?","T","R","E","?","M","M","R","BOSS","M","?","?","M","?","R","?","E","T","R","E","$","R","E","R","BOSS","R","$","E","BOSS"],"build_version":"2019-01-03v4","purchased_purges":1,"victory":true,"max_hp_per_floor":[70,70,70,70,70,70,70,70,70,70,70,70,70,70,70,70,70,70,70,70,70,70,70,70,70,70,70,70,70,70,70,70,70,70,70,66,66,66,66,66,66,66,66,66,66,66,66,66,66,66,66,66,66,66,66],"card_choices":[{"not_picked":["Dodge and Roll","All Out Attack"],"picked":"Cloak And Dagger","floor":1},{"not_picked":["Outmaneuver","Setup"],"picked":"Escape Plan","floor":3},{"not_picked":["Noxious Fumes","Sucker Punch+1"],"picked":"Predator+1","floor":4},{"not_picked":["Catalyst","Sucker Punch+1"],"picked":"Bullet Time","floor":6},{"not_picked":["PiercingWail","Heel Hook+1"],"picked":"Terror","floor":8},{"not_picked":["Quick Slash+1","Reflex"],"picked":"Dash+1","floor":11},{"not_picked":["Dodge and Roll","Endless Agony+1"],"picked":"Sucker Punch+1","floor":12},{"not_picked":["Blade Dance","Outmaneuver"],"picked":"Doppelganger","floor":14},{"not_picked":["Phantasmal Killer","Bullet Time"],"picked":"After Image","floor":16},{"not_picked":["Bane+1","Blade Dance"],"picked":"Setup","floor":18},{"not_picked":["Underhanded Strike+1","Deadly Poison"],"picked":"Calculated Gamble","floor":22},{"not_picked":["Grand Finale+1","Flechettes+1"],"picked":"Well Laid Plans","floor":23},{"not_picked":["Poisoned Stab+1","Flying Knee+1"],"picked":"Cloak And Dagger","floor":28},{"not_picked":["PiercingWail","Quick Slash+1"],"picked":"Dodge and Roll+1","floor":30},{"not_picked":["Deflect","Concentrate+1"],"picked":"Backstab+1","floor":31},{"not_picked":["Bullet Time","Glass Knife+1"],"picked":"Die Die Die+1","floor":33},{"not_picked":["Sucker Punch+1","Setup"],"picked":"Cloak And Dagger","floor":35},{"not_picked":["Backstab+1","Prepared"],"picked":"Backflip","floor":37},{"not_picked":["Bane+1","Quick Slash+1"],"picked":"Caltrops","floor":38},{"not_picked":["All Out Attack+1","Caltrops"],"picked":"Wraith Form v2","floor":42},{"not_picked":["Venomology","Infinite Blades"],"picked":"PiercingWail+1","floor":45},{"not_picked":["Tools of the Trade","Prepared+1"],"picked":"Calculated Gamble+1","floor":48},{"not_picked":["Masterful Stab+1","Dagger Spray+1"],"picked":"Blur","floor":54}],"player_experience":1203345,"relics_obtained":[{"floor":2,"key":"Molten Egg 2"},{"floor":6,"key":"Bottled Lightning"},{"floor":9,"key":"Paper Crane"},{"floor":12,"key":"Pocketwatch"},{"floor":14,"key":"Calipers"},{"floor":23,"key":"Bronze Scales"},{"floor":26,"key":"Ninja Scroll"},{"floor":28,"key":"Ornamental Fan"},{"floor":37,"key":"Girya"},{"floor":42,"key":"Ancient Tea Set"},{"floor":45,"key":"Orichalcum"},{"floor":48,"key":"Smiling Mask"},{"floor":54,"key":"Shuriken"}],"event_choices":[{"damage_healed":0,"gold_gain":0,"player_choice":"Entered Light","damage_taken":14,"max_hp_gain":0,"max_hp_loss":0,"event_name":"Shining Light","floor":5,"gold_loss":0,"cards_upgraded":["Strike_G","Survivor"]},{"damage_healed":0,"gold_gain":0,"player_choice":"Joined the Cult","damage_taken":6,"max_hp_gain":0,"max_hp_loss":0,"event_name":"Nest","floor":19,"gold_loss":0,"cards_obtained":["RitualDagger"]},{"damage_healed":0,"gold_gain":0,"player_choice":"Ignored","damage_taken":0,"max_hp_gain":0,"max_hp_loss":0,"event_name":"Beggar","floor":21,"gold_loss":0},{"damage_healed":0,"gold_gain":0,"player_choice":"Inject Mutagens","damage_taken":0,"relics_obtained":["MutagenicStrength"],"max_hp_gain":0,"max_hp_loss":0,"event_name":"Drug Dealer","floor":25,"gold_loss":0},{"damage_healed":0,"gold_gain":0,"player_choice":"Simplicity","damage_taken":0,"max_hp_gain":0,"max_hp_loss":0,"event_name":"Back to Basics","floor":29,"gold_loss":0,"cards_upgraded":["Defend_G","Defend_G","Defend_G","Defend_G","Defend_G","Strike_G","Strike_G","Strike_G","Strike_G"]},{"damage_healed":0,"gold_gain":0,"player_choice":"Max HP","damage_taken":0,"max_hp_gain":0,"max_hp_loss":4,"event_name":"Winding Halls","floor":36,"gold_loss":0},{"damage_healed":0,"gold_gain":0,"player_choice":"Fight","damage_taken":0,"max_hp_gain":0,"max_hp_loss":0,"event_name":"MindBloom","floor":37,"gold_loss":0},{"damage_healed":0,"gold_gain":0,"player_choice":"Ignored","damage_taken":0,"max_hp_gain":0,"max_hp_loss":0,"event_name":"Tomb of Lord Red Mask","floor":39,"gold_loss":0}],"is_beta":true,"boss_relics":[{"not_picked":["Velvet Choker","White Beast Statue"],"picked":"Sozu"},{"not_picked":["Ring of the Serpent","Eternal Feather"],"picked":"Fusion Hammer"}],"items_purged_floors":[46],"is_endless":false,"potions_floor_spawned":[4,6,8,12,16,22,28,37,38,48,54],"ascension_level":4}