{"gold_per_floor":[113,123,123,0,14,14,33,33,57,57,76,76,76,92,92,166,166,180,140,154,42,62,62,72,72,95,95,110,110,127,137,137,137],"floor_reached":33,"playtime":1374,"items_purged":["Strike_G"],"score":398,"play_id":"9b50edf8-ff6a-4597-a609-b7e41650ad2e","local_time":"20180831222756","is_ascension_mode":true,"campfire_choices":[{"data":"Neutralize","floor":6.0,"key":"SMITH"},{"data":"Skewer","floor":8.0,"key":"SMITH"},{"data":"Glass Knife","floor":10.0,"key":"SMITH"},{"data":"Footwork","floor":15.0,"key":"SMITH"},{"floor":23,"key":"REST"},{"floor":25,"key":"REST"},{"floor":27,"key":"REST"},{"floor":32,"key":"REST"}],"neow_cost":"TEN_PERCENT_HP_LOSS","seed_source_timestamp":0,"circlet_count":0,"master_deck":["Defend_G","Defend_G","Defend_G","Defend_G","Defend_G","Strike_G","Strike_G+1","Strike_G","Strike_G+1","Survivor","Neutralize+1","AscendersBane","Glass Knife+1","Skewer+1","Deflect+1","Footwork+1","Backflip","Dagger Throw","All Out Attack","Heel Hook","Backflip+1","Wraith Form v2","Acrobatics","Backflip","Footwork","Endless Agony","Dodge and Roll","Blade Dance+1","Cloak And Dagger"],"special_seed":0,"relics":["Ring of the Snake","Omamori","Fusion Hammer","Boot"],"potions_floor_usage":[22,31,33],"damage_taken":[{"damage":0.0,"enemies":"2 Louse","floor":1.0,"turns":2.0},{"damage":2.0,"enemies":"Jaw Worm","floor":2.0,"turns":3.0},{"damage":0.0,"enemies":"Cultist","floor":5.0,"turns":4.0},{"damage":0.0,"enemies":"Blue Slaver","floor":7.0,"turns":3.0},{"damage":3.0,"enemies":"Exordium Wildlife","floor":11.0,"turns":3.0},{"damage":3.0,"enemies":"Exordium Thugs","floor":14.0,"turns":3.0},{"damage":8.0,"enemies":"Hexaghost","floor":16.0,"turns":12.0},{"damage":4.0,"enemies":"Spheric Guardian","floor":18.0,"turns":4.0},{"damage":2.0,"enemies":"Chosen","floor":20.0,"turns":5.0},{"damage":6,"enemies":"Snake Plant","floor":22,"turns":5},{"damage":2,"enemies":"3 Cultists","floor":24,"turns":6},{"damage":24,"enemies":"Chosen and Byrds","floor":28,"turns":6},{"damage":20,"enemies":"Snake Plant","floor":30,"turns":5},{"damage":9,"enemies":"Centurion and Healer","floor":31,"turns":5},{"damage":50,"enemies":"Collector","floor":33,"turns":6}],"seed_played":"6874625711244064941","potions_obtained":[{"floor":5.0,"key":"Ancient Potion"},{"floor":11.0,"key":"Fire Potion"},{"floor":14.0,"key":"LiquidBronze"},{"floor":18.0,"key":"PowerPotion"},{"floor":22,"key":"GamblersBrew"}],"is_trial":false,"path_per_floor":["M","M","?","$","M","R","M","R","T","R","M","?","?","M","R","B",null,"M","?","M","$","M","R","M","R","T","R","M","$","M","M","R"],"character_chosen":"THE_SILENT","items_purchased":["Footwork","Backflip","Footwork"],"campfire_rested":4,"item_purchase_floors":[4,4,21],"current_hp_per_floor":[63,61,48,48,48,48,48,48,48,48,45,50,50,47,47,39,61,57,57,55,55,49,68,66,68,68,68,44,44,24,15,35,0],"gold":137,"neow_bonus":"THREE_RARE_CARDS","is_prod":false,"is_daily":false,"chose_seed":false,"campfire_upgraded":4,"win_rate":0,"timestamp":1535768876,"path_taken":["M","M","?","$","?","R","M","R","T","R","M","?","?","?","R","BOSS","M","?","M","$","?","R","M","R","T","R","M","?","M","M","R","BOSS"],"build_version":"2018-08-30","purchased_purges":1,"victory":false,"max_hp_per_floor":[63,63,63,63,63,63,63,63,63,63,63,68,68,68,68,68,68,68,68,68,68,68,68,68,68,68,68,68,68,68,68,68,68],"card_choices":[{"not_picked":["Unload","Phantasmal Killer"],"picked":"Glass Knife","floor":0.0},{"not_picked":["Acrobatics","Bane"],"picked":"Skewer","floor":1.0},{"not_picked":["Flechettes","Underhanded Strike"],"picked":"Deflect","floor":2.0},{"not_picked":["Blade Dance","All Out Attack"],"picked":"Dagger Throw","floor":5.0},{"not_picked":["Doppelganger","Catalyst"],"picked":"All Out Attack","floor":7.0},{"not_picked":["Bouncing Flask","Endless Agony"],"picked":"Heel Hook","floor":11.0},{"not_picked":["Endless Agony","Dagger Throw"],"picked":"Backflip","floor":14.0},{"not_picked":["Tools of the Trade","Die Die Die"],"picked":"Wraith Form v2","floor":16.0},{"not_picked":["Skewer","Prepared"],"picked":"Acrobatics","floor":18.0},{"not_picked":["Eviscerate","Prepared"],"picked":"Backflip","floor":20.0},{"not_picked":["Riddle With Holes","Slice"],"picked":"Endless Agony","floor":22},{"not_picked":["Flechettes","Reflex+1"],"picked":"Dodge and Roll","floor":24},{"not_picked":["Skewer","Deflect"],"picked":"Blade Dance+1","floor":28},{"not_picked":["Poisoned Stab","Prepared+1","Heel Hook+1"],"picked":"SKIP","floor":30},{"not_picked":["Dodge and Roll","Poisoned Stab"],"picked":"Cloak And Dagger","floor":31}],"player_experience":830975,"relics_obtained":[{"floor":9.0,"key":"Omamori"},{"floor":26,"key":"Boot"}],"event_choices":[{"event_name":"Shining Light","player_choice":"Entered Light","floor":3.0,"damage_taken":0.0},{"event_name":"Big Fish","player_choice":"Donut","floor":12.0,"damage_taken":0.0},{"event_name":"Liars Game","player_choice":"disagreed","floor":13.0,"damage_taken":0.0},{"event_name":"Designer","player_choice":"Upgrade 2 Random Cards","floor":19.0,"damage_taken":0.0}],"is_beta":true,"boss_relics":[{"not_picked":["Pandora\u0027s Box","Calling Bell"],"picked":"Fusion Hammer"}],"items_purged_floors":[21],"is_endless":false,"potions_floor_spawned":[5,11,14,18,22,24,30],"killed_by":"Collector","ascension_level":13}