{"gold_per_floor":[115,43,54,69,69,69,96,96,96,110,110],"floor_reached":11,"playtime":279,"items_purged":[],"score":113,"play_id":"f167fd1b-7f03-469c-9f7a-a4ca5c1c49e7","local_time":"20190202230053","is_ascension_mode":true,"campfire_choices":[{"floor":6,"key":"REST"},{"floor":8,"key":"REST"}],"neow_cost":"PERCENT_DAMAGE","seed_source_timestamp":35039020746240,"circlet_count":0,"master_deck":["AscendersBane","Strike_B","Strike_B","Strike_B","Strike_B","Defend_B","Defend_B","Defend_B","Defend_B","Zap","Dualcast","BootSequence","Conserve Battery","Go for the Eyes","Tempest","FTL"],"relics":["Cracked Core","Shovel","Bottled Lightning","Bottled Flame"],"potions_floor_usage":[7,7],"damage_taken":[{"damage":12,"enemies":"Small Slimes","floor":1,"turns":4},{"damage":6,"enemies":"Jaw Worm","floor":3,"turns":5},{"damage":0,"enemies":"2 Louse","floor":4,"turns":3},{"damage":52,"enemies":"Gremlin Nob","floor":7,"turns":6},{"damage":17,"enemies":"Gremlin Gang","floor":10,"turns":5},{"damage":10,"enemies":"3 Louse","floor":11,"turns":2}],"seed_played":"-7360612637488385772","potions_obtained":[{"floor":1,"key":"SkillPotion"},{"floor":3,"key":"FearPotion"},{"floor":4,"key":"EssenceOfSteel"}],"is_trial":false,"path_per_floor":["M","$","M","M","?","R","E","R","T","M","M"],"character_chosen":"DEFECT","items_purchased":["Conserve Battery","Go for the Eyes"],"campfire_rested":2,"item_purchase_floors":[2,2],"current_hp_per_floor":[38,38,32,32,32,54,2,24,24,7,0],"gold":110,"neow_bonus":"ONE_RARE_RELIC","is_prod":false,"is_daily":false,"chose_seed":false,"campfire_upgraded":0,"win_rate":0,"timestamp":1549166453,"path_taken":["M","$","M","M","?","R","E","R","T","M","M"],"build_version":"2019-01-23","purchased_purges":0,"victory":false,"max_hp_per_floor":[75,75,75,75,75,75,75,75,75,75,75],"card_choices":[{"not_picked":["Ball Lightning","Static Discharge"],"picked":"BootSequence","floor":1},{"not_picked":["Rebound","Aggregate","Redo"],"picked":"SKIP","floor":3},{"not_picked":["Go for the Eyes","Blizzard","Barrage"],"picked":"SKIP","floor":4},{"not_picked":["Reboot","Beam Cell"],"picked":"Tempest","floor":7},{"not_picked":["Leap","Heatsinks"],"picked":"FTL","floor":10}],"player_experience":215681,"relics_obtained":[{"floor":7,"key":"Bottled Lightning"},{"floor":9,"key":"Bottled Flame"}],"event_choices":[{"damage_healed":0,"gold_gain":0,"player_choice":"Ignored","damage_taken":0,"max_hp_gain":0,"max_hp_loss":0,"event_name":"Shining Light","floor":5,"gold_loss":0}],"is_beta":false,"boss_relics":[],"items_purged_floors":[],"is_endless":false,"potions_floor_spawned":[1,3,4],"killed_by":"3 Louse","ascension_level":11}