{"path_per_floor":["M","?","M","?","M","R","?","R","T","R","M","M","$","M","R","B",null,"M","M","$","M","M","R","?","R","T","E","M","R","?","M","R"],"character_chosen":"IRONCLAD","items_purchased":["Evolve","Warcry"],"gold_per_floor":[12,12,25,25,43,43,43,43,43,43,61,74,33,53,53,150,150,169,179,79,93,103,103,28,28,28,56,75,75,75,87,87],"floor_reached":33,"campfire_rested":4,"playtime":1727,"current_hp_per_floor":[96,96,95,95,96,96,96,96,96,96,92,96,96,95,95,32,96,75,77,77,60,34,62,62,90,90,68,59,87,87,72,98],"items_purged":["Strike_R"],"gold":87,"score":310,"play_id":"eb515de9-76b8-42e2-8896-2bf05af5768b","local_time":"20180303025253","is_prod":false,"is_daily":false,"is_ascension_mode":true,"campfire_upgraded":4,"timestamp":1520063573,"path_taken":["M","?","M","?","M","R","?","R","T","R","M","M","$","M","R","BOSS","M","M","$","M","M","R","?","R","T","E","M","R","?","M","R","BOSS"],"build_version":"2018-03-01-PROD1","purchased_purges":1,"victory":false,"master_deck":["Strike_R","Strike_R","Strike_R","Defend_R","Defend_R","Defend_R","Bash","Wild Strike+1","True Grit+1","Twin Strike+1","Exhume","Feel No Pain","Shrug It Off","Evolve+1","Wild Strike","Offering","Headbutt","Havoc","Warcry","Cleave+1","Flame Barrier"],"max_hp_per_floor":[96,96,96,96,96,96,96,96,96,96,96,96,96,96,96,96,96,96,96,96,96,96,96,96,96,96,96,96,96,96,98,98],"relics":["Burning Blood","Gambling Chip","Sozu","Ancient Tea Set","Singing Bowl"],"card_choices":[{"not_picked":["Intimidate","Burning Pact"],"picked":"Wild Strike"},{"not_picked":["Dual Wield","Headbutt"],"picked":"True Grit"},{"not_picked":["Corruption","Second Wind"],"picked":"Twin Strike"},{"not_picked":["Clash","Heavy Blade"],"picked":"Feel No Pain"},{"not_picked":["Entrench","Dual Wield"],"picked":"Shrug It Off"},{"not_picked":["Shrug It Off","Shockwave"],"picked":"Wild Strike"},{"not_picked":["Reaper","Double Tap"],"picked":"Offering"},{"not_picked":["Thunderclap","Pommel Strike"],"picked":"Headbutt"},{"not_picked":["Evolve","Uppercut"],"picked":"Havoc"},{"not_picked":["Uppercut","Fire Breathing"],"picked":"Cleave"},{"not_picked":["Burning Pact","Corruption"],"picked":"Flame Barrier"}],"player_experience":348018,"potions_floor_usage":[16,21],"damage_taken":[{"damage":3,"enemies":"Small Slimes","floor":1,"turns":4},{"damage":7,"enemies":"2 Louse","floor":3,"turns":4},{"damage":4,"enemies":"Jaw Worm","floor":5,"turns":4},{"damage":10,"enemies":"2 Fungi Beasts","floor":11,"turns":3},{"damage":0,"enemies":"Large Slime","floor":12,"turns":4},{"damage":7,"enemies":"3 Louse","floor":14,"turns":4},{"damage":69,"enemies":"Slime Boss","floor":16,"turns":13},{"damage":27,"enemies":"2 Thieves","floor":18,"turns":4},{"damage":4,"enemies":"Spheric Guardian","floor":19,"turns":3},{"damage":23,"enemies":"Snake Plant","floor":21,"turns":4},{"damage":32,"enemies":"Snecko","floor":22,"turns":5},{"damage":28,"enemies":"Book of Stabbing","floor":27,"turns":6},{"damage":15,"enemies":"Chosen and Byrds","floor":28,"turns":4},{"damage":23,"enemies":"Snake Plant","floor":31,"turns":2},{"damage":102,"enemies":"Champ","floor":33,"turns":15}],"event_choices":[{"event_name":"The Cleric","player_choice":"Leave","floor":2,"damage_taken":0},{"event_name":"Liars Game","player_choice":"disagreed","floor":4,"damage_taken":0},{"event_name":"Transmorgrifier","player_choice":"Transform","floor":7,"damage_taken":0},{"event_name":"Beggar","player_choice":"Gave Gold","floor":24,"damage_taken":0},{"event_name":"Drug Dealer","player_choice":"Ignored","floor":30,"damage_taken":0}],"boss_relics":[{"not_picked":["Cursed Key","Runic Pyramid"],"picked":"Sozu"}],"potions_floor_spawned":[5,11,21,22,31],"seed_played":"4962710457412917337","killed_by":"Champ","ascension_level":2,"is_trial":false}