{"gold_per_floor":[410,420,39,39,54,89,89,103,127,145,145,46,71,71,71,199,199,224,243,168,183,183],"floor_reached":22,"playtime":847,"items_purged":["Doubt"],"score":282,"play_id":"2ab24274-4e12-4ddc-8e52-5d25055f75b0","local_time":"20180630173150","is_ascension_mode":true,"campfire_choices":[{"floor":7,"key":"REST"},{"floor":11,"key":"REST"},{"floor":15,"key":"REST"}],"neow_cost":"CURSE","seed_source_timestamp":1369882452352428,"circlet_count":0,"master_deck":["Defend_G","Defend_G","Defend_G","Defend_G","Defend_G","Strike_G","Strike_G","Strike_G","Strike_G","Survivor","Neutralize","AscendersBane","Crippling Poison","Escape Plan","Quick Slash+1","Infinite Blades","Quick Slash+1","Backflip","Dagger Throw+1","Mind Blast+1","Riddle With Holes+1","Bullet Time","Poisoned Stab+1","Dagger Spray+1","Well Laid Plans+1"],"relics":["Ring of the Snake","Old Coin","Molten Egg 2","Golden Idol","Omamori","Pen Nib","Ancient Tea Set","Velvet Choker"],"potions_floor_usage":[10,16,16,18,22],"damage_taken":[{"damage":7,"enemies":"Small Slimes","floor":1,"turns":6},{"damage":6,"enemies":"2 Louse","floor":2,"turns":3},{"damage":2,"enemies":"Jaw Worm","floor":5,"turns":5},{"damage":26,"enemies":"Gremlin Nob","floor":6,"turns":5},{"damage":0,"enemies":"2 Fungi Beasts","floor":8,"turns":4},{"damage":8,"enemies":"Blue Slaver","floor":10,"turns":3},{"damage":0,"enemies":"Looter","floor":13,"turns":3},{"damage":44,"enemies":"Hexaghost","floor":16,"turns":11},{"damage":16,"enemies":"2 Thieves","floor":18,"turns":4},{"damage":7,"enemies":"Chosen","floor":19,"turns":3},{"damage":16,"enemies":"Snake Plant","floor":21,"turns":4},{"damage":41,"enemies":"Cultist and Chosen","floor":22,"turns":5}],"seed_played":"6841386175617320269","potions_obtained":[{"floor":1,"key":"SteroidPotion"},{"floor":2,"key":"Explosive Potion"},{"floor":8,"key":"GhostInAJar"},{"floor":10,"key":"AttackPotion"},{"floor":18,"key":"GhostInAJar"},{"floor":19,"key":"Energy Potion"}],"is_trial":false,"path_per_floor":["M","M","$","?","M","E","R","M","T","M","R","$","M","?","R","B",null,"M","M","?","M"],"character_chosen":"THE_SILENT","items_purchased":["Molten Egg 2","Quick Slash","Mind Blast+1"],"campfire_rested":3,"item_purchase_floors":[3,3,12],"current_hp_per_floor":[56,50,50,50,48,22,41,41,41,33,52,52,52,34,53,9,51,35,28,28,12,0],"gold":183,"neow_bonus":"ONE_RARE_RELIC","is_prod":false,"is_daily":false,"chose_seed":false,"campfire_upgraded":0,"win_rate":0,"timestamp":1530394310,"path_taken":["M","M","$","?","M","E","R","M","T","M","R","$","M","?","R","BOSS","M","M","?","?","M"],"build_version":"2018-06-29","purchased_purges":1,"victory":false,"max_hp_per_floor":[70,70,70,65,65,65,65,65,65,65,65,65,65,65,65,65,65,65,65,65,65,65],"card_choices":[{"not_picked":["Catalyst","All Out Attack"],"picked":"Crippling Poison","floor":1},{"not_picked":["Dodge and Roll","Eviscerate"],"picked":"Escape Plan","floor":2},{"not_picked":["PiercingWail","Deflect"],"picked":"Infinite Blades","floor":5},{"not_picked":["Outmaneuver","Concentrate"],"picked":"Quick Slash+1","floor":6},{"not_picked":["Underhanded Strike+1","Venomology"],"picked":"Backflip","floor":8},{"not_picked":["Quick Slash+1","Infinite Blades"],"picked":"Dagger Throw+1","floor":10},{"not_picked":["Flying Knee+1","Blur"],"picked":"Riddle With Holes+1","floor":13},{"not_picked":["Tools of the Trade","Die Die Die+1"],"picked":"Bullet Time","floor":16},{"not_picked":["Dodge and Roll","Prepared+1"],"picked":"Poisoned Stab+1","floor":18},{"not_picked":["Dagger Throw+1","Heel Hook+1"],"picked":"Dagger Spray+1","floor":19},{"not_picked":["Acrobatics","Sucker Punch+1"],"picked":"Well Laid Plans+1","floor":21}],"player_experience":487838,"relics_obtained":[{"floor":6,"key":"Omamori"},{"floor":9,"key":"Pen Nib"}],"event_choices":[{"event_name":"Golden Idol","player_choice":"Lose Max HP","floor":4,"damage_taken":0},{"event_name":"Scrap Ooze","player_choice":"success","floor":14,"damage_taken":18},{"event_name":"Beggar","player_choice":"Gave Gold","floor":20,"damage_taken":0}],"boss_relics":[{"not_picked":["Coffee Dripper","Black Star"],"picked":"Velvet Choker"}],"items_purged_floors":[3],"is_endless":false,"potions_floor_spawned":[1,2,8,10,18,19],"killed_by":"Cultist and Chosen","ascension_level":10}