{"path_per_floor":["M","M","$","?","M","M","R","E","T","R","M","E","?","M","R"],"character_chosen":"THE_SILENT","items_purchased":["Noxious Fumes"],"gold_per_floor":[109,124,50,50,68,84,84,112,112,112,129,162,162,181,181,181],"floor_reached":16,"campfire_rested":1,"playtime":393,"current_hp_per_floor":[62,58,58,63,63,59,59,53,53,53,32,2,2,1,23,0],"items_purged":[],"gold":181,"score":157,"play_id":"f1594b77-2d05-47d8-9607-6ef1721f4e4b","local_time":"20180415115316","is_prod":false,"is_daily":false,"chose_seed":false,"is_ascension_mode":true,"campfire_upgraded":2,"timestamp":1523807596,"path_taken":["M","M","$","?","M","M","R","E","T","R","M","E","?","M","R","BOSS"],"build_version":"2018-04-13","seed_source_timestamp":271042804216641,"purchased_purges":0,"victory":false,"master_deck":["Defend_G","Defend_G","Defend_G","Defend_G","Defend_G","Strike_G","Strike_G","Strike_G","Strike_G","Strike_G","Survivor","Neutralize","Predator","Backstab+1","Noxious Fumes","Quick Slash","Catalyst","Footwork+1","Cloak And Dagger","Deadly Poison","PiercingWail"],"max_hp_per_floor":[70,70,70,75,75,75,75,75,75,75,75,75,75,75,75,75],"relics":["Ring of the Snake","Ginger","Torii","Mummified Hand"],"card_choices":[{"not_picked":["Slice","Bane"],"picked":"Predator","floor":1},{"not_picked":["Footwork","Quick Slash"],"picked":"Backstab","floor":2},{"not_picked":["Eviscerate","Outmaneuver"],"picked":"Quick Slash","floor":5},{"not_picked":["Underhanded Strike","Infinite Blades"],"picked":"Catalyst","floor":6},{"not_picked":["Poisoned Stab","Calculated Gamble"],"picked":"Footwork","floor":8},{"not_picked":["Slice","Acrobatics"],"picked":"Cloak And Dagger","floor":11},{"not_picked":["Prepared","Outmaneuver"],"picked":"Deadly Poison","floor":12},{"not_picked":["Flechettes","Choke"],"picked":"PiercingWail","floor":14}],"player_experience":206418,"potions_floor_usage":[8,12,14,16],"damage_taken":[{"damage":1,"enemies":"2 Louse","floor":1,"turns":3},{"damage":4,"enemies":"Jaw Worm","floor":2,"turns":3},{"damage":0,"enemies":"Small Slimes","floor":5,"turns":2},{"damage":4,"enemies":"Exordium Wildlife","floor":6,"turns":5},{"damage":6,"enemies":"Gremlin Nob","floor":8,"turns":4},{"damage":21,"enemies":"Blue Slaver","floor":11,"turns":3},{"damage":30,"enemies":"Lagavulin","floor":12,"turns":6},{"damage":1,"enemies":"Looter","floor":14,"turns":2},{"damage":38,"enemies":"Slime Boss","floor":16,"turns":3}],"event_choices":[{"event_name":"Big Fish","player_choice":"Donut","floor":4,"damage_taken":0},{"event_name":"Liars Game","player_choice":"disagreed","floor":13,"damage_taken":0}],"boss_relics":[],"potions_floor_spawned":[6,11,12,14],"seed_played":"-26491492991801830","killed_by":"Slime Boss","ascension_level":8,"is_trial":false}