{"gold_per_floor":[113,125,125,200,220,253,253,266,292,308,21,46,7,35,35,133,133,145,145,135,135,148,148,180,180],"floor_reached":25,"playtime":1327,"items_purged":[],"score":265,"play_id":"32b89e85-0cb2-4396-97ad-cef06303285b","local_time":"20190112202329","is_ascension_mode":true,"campfire_choices":[{"floor":7,"key":"REST"},{"floor":15,"key":"REST"},{"floor":23,"key":"REST"}],"neow_cost":"NONE","seed_source_timestamp":264348715059901,"circlet_count":0,"master_deck":["Strike_R","Strike_R+1","Strike_R","Strike_R","Defend_R","Defend_R","Defend_R","Defend_R+1","Bash","Madness","Pommel Strike","Sword Boomerang","Carnage","Juggernaut","Pommel Strike","Feel No Pain","Iron Wave","Evolve","Clothesline","Barricade","Wild Strike+1","Infernal Blade+1","RitualDagger","Twin Strike+1","Body Slam"],"relics":["Burning Blood","Art of War","Happy Flower","Medical Kit","Anchor","Du-Vu Doll","Eternal Feather","Question Card"],"potions_floor_usage":[10,24],"damage_taken":[{"damage":7,"enemies":"2 Louse","floor":1,"turns":3},{"damage":3,"enemies":"Jaw Worm","floor":2,"turns":4},{"damage":0,"enemies":"Cultist","floor":5,"turns":3},{"damage":35,"enemies":"3 Sentries","floor":6,"turns":8},{"damage":16,"enemies":"3 Louse","floor":8,"turns":4},{"damage":0,"enemies":"Gremlin Gang","floor":10,"turns":2},{"damage":13,"enemies":"Lagavulin","floor":12,"turns":5},{"damage":1,"enemies":"3 Sentries","floor":14,"turns":7},{"damage":56,"enemies":"Hexaghost","floor":16,"turns":11},{"damage":4,"enemies":"Chosen","floor":18,"turns":5},{"damage":21,"enemies":"2 Thieves","floor":20,"turns":4},{"damage":18,"enemies":"Centurion and Healer","floor":22,"turns":7},{"damage":74,"enemies":"Book of Stabbing","floor":24,"turns":6},{"damage":12,"enemies":"Masked Bandits","floor":25,"turns":2}],"seed_played":"-3193820700106097364","potions_obtained":[{"floor":2,"key":"SteroidPotion"},{"floor":5,"key":"Explosive Potion"},{"floor":10,"key":"Block Potion"},{"floor":16,"key":"Dexterity Potion"},{"floor":24,"key":"FearPotion"}],"is_trial":false,"path_per_floor":["M","M","?","?","M","E","R","M","T","M","$","E","$","E","R","B",null,"M","?","M","?","M","R","E","?"],"character_chosen":"IRONCLAD","items_purchased":["Feel No Pain","Medical Kit","Evolve"],"campfire_rested":3,"item_purchase_floors":[11,11,13],"current_hp_per_floor":[79,80,64,53,59,30,54,44,44,50,50,43,43,48,72,22,80,80,80,65,59,47,80,12,0],"gold":180,"neow_bonus":"RANDOM_COLORLESS","is_prod":false,"is_daily":false,"chose_seed":false,"campfire_upgraded":0,"win_rate":0,"timestamp":1547342609,"path_taken":["M","M","?","?","?","E","R","M","T","M","?","E","$","E","R","BOSS","M","?","?","?","M","R","E","?"],"build_version":"2019-01-10","purchased_purges":0,"victory":false,"max_hp_per_floor":[80,80,80,80,80,80,80,80,80,80,80,80,80,80,80,80,80,80,80,80,80,80,80,80,80],"card_choices":[{"not_picked":["Searing Blow","Clash"],"picked":"Pommel Strike","floor":1},{"not_picked":["Flex","Clash"],"picked":"Sword Boomerang","floor":2},{"not_picked":["Body Slam","Thunderclap"],"picked":"Carnage","floor":5},{"not_picked":["Body Slam","Headbutt"],"picked":"Juggernaut","floor":6},{"not_picked":["Armaments","Clash"],"picked":"Pommel Strike","floor":8},{"not_picked":["Thunderclap","Reckless Charge","Pommel Strike"],"picked":"SKIP","floor":10},{"not_picked":["Havoc","Second Wind"],"picked":"Iron Wave","floor":12},{"not_picked":["Exhume","Anger"],"picked":"Clothesline","floor":14},{"not_picked":["Limit Break","Exhume"],"picked":"Barricade","floor":16},{"not_picked":["Sword Boomerang","Inflame"],"picked":"Wild Strike+1","floor":18},{"not_picked":["Cleave","Evolve"],"picked":"Infernal Blade+1","floor":20},{"not_picked":["Havoc","Headbutt"],"picked":"Twin Strike+1","floor":22},{"not_picked":["Infernal Blade+1","Flex+1"],"picked":"Body Slam","floor":24}],"player_experience":1251385,"relics_obtained":[{"floor":6,"key":"Art of War"},{"floor":9,"key":"Happy Flower"},{"floor":12,"key":"Anchor"},{"floor":14,"key":"Du-Vu Doll"},{"floor":24,"key":"Question Card"}],"event_choices":[{"damage_healed":0,"gold_gain":0,"player_choice":"Entered Light","damage_taken":16,"max_hp_gain":0,"max_hp_loss":0,"event_name":"Shining Light","floor":3,"gold_loss":0,"cards_upgraded":["Strike_R","Defend_R"]},{"damage_healed":0,"gold_gain":75,"player_choice":"Gather Gold","damage_taken":11,"max_hp_gain":0,"max_hp_loss":0,"event_name":"World of Goop","floor":4,"gold_loss":0},{"cards_removed":["Strike_R"],"damage_healed":0,"gold_gain":0,"player_choice":"Purged","damage_taken":0,"max_hp_gain":0,"max_hp_loss":0,"event_name":"Purifier","floor":19,"gold_loss":0},{"damage_healed":0,"gold_gain":0,"player_choice":"Joined the Cult","damage_taken":6,"max_hp_gain":0,"max_hp_loss":0,"event_name":"Nest","floor":21,"gold_loss":0,"cards_obtained":["RitualDagger"]},{"damage_healed":0,"gold_gain":0,"player_choice":"Fought Bandits","damage_taken":0,"max_hp_gain":0,"max_hp_loss":0,"event_name":"Masked Bandits","floor":25,"gold_loss":0}],"is_beta":true,"boss_relics":[{"not_picked":["Coffee Dripper","Astrolabe"],"picked":"Eternal Feather"}],"items_purged_floors":[],"is_endless":false,"potions_floor_spawned":[2,5,10,16,24],"killed_by":"Masked Bandits","ascension_level":2}