{"path_per_floor":["M","$","M","M","M","R","E","R","T","?","M","M","$","E","R","B",null,"M","?","M","$","M","R","M","?","T","?","M","R","M","?","R"],"character_chosen":"IRONCLAD","items_purchased":["Offering","Apotheosis"],"gold_per_floor":[18,18,33,51,70,70,105,105,105,180,193,213,73,101,101,204,204,223,223,238,29,39,39,53,53,53,53,73,73,89,89,89],"floor_reached":33,"campfire_rested":4,"playtime":1641,"current_hp_per_floor":[80,80,79,79,77,77,71,71,71,60,61,67,67,53,81,28,94,86,86,75,75,21,49,16,16,16,16,53,81,48,48,76],"items_purged":[],"gold":89,"score":259,"play_id":"58139f20-4c6e-4b85-a19a-60fda7443cd7","local_time":"20180311141632","is_prod":false,"is_daily":false,"is_ascension_mode":false,"campfire_upgraded":2,"timestamp":1520792192,"path_taken":["M","?","M","M","M","R","E","R","T","?","?","M","$","E","R","BOSS","M","?","?","$","M","R","M","?","T","?","?","R","M","?","R","BOSS"],"build_version":"2018-03-09","purchased_purges":0,"victory":false,"master_deck":["Strike_R","Strike_R","Strike_R","Strike_R","Strike_R","Defend_R","Defend_R","Defend_R","Defend_R","Bash","Demon Form+1","Sword Boomerang","Twin Strike","Cleave","Flex+1","Disarm","Flex","Cleave","Offering","Reaper","Sever Soul+1","Thunderclap","Thunderclap+1","Apotheosis","Cleave+1","Clash+1","Flex+1","Decay","Sword Boomerang","Thunderclap+1","Writhe"],"max_hp_per_floor":[80,80,80,80,80,80,94,94,94,94,94,94,94,94,94,94,94,94,94,94,94,94,94,94,94,94,94,94,94,94,94,94],"relics":["Burning Blood","Mango","Vajra","Paper Frog","Lizard Tail","The Courier","Ancient Tea Set"],"card_choices":[{"not_picked":["Dark Embrace","Limit Break"],"picked":"Demon Form"},{"not_picked":["Rupture","Clash"],"picked":"Sword Boomerang"},{"not_picked":["Disarm","Reckless Charge"],"picked":"Twin Strike"},{"not_picked":["Combust","Shockwave"],"picked":"Cleave"},{"not_picked":["True Grit","Combust"],"picked":"Flex"},{"not_picked":["Immolate","Havoc"],"picked":"Disarm"},{"not_picked":["Warcry","Clash"],"picked":"Flex"},{"not_picked":["Wild Strike","Entrench"],"picked":"Cleave"},{"not_picked":["Cleave","Havoc"],"picked":"Reaper"},{"not_picked":["Body Slam","Havoc"],"picked":"Sever Soul"},{"not_picked":["Flex","Inflame"],"picked":"Thunderclap"},{"not_picked":["Hemokinesis","Perfected Strike"],"picked":"Cleave"},{"not_picked":["Body Slam","Anger"],"picked":"Clash"},{"not_picked":["Headbutt","Clash"],"picked":"Sword Boomerang"},{"not_picked":["Uppercut","Clash"],"picked":"Thunderclap"}],"player_experience":531387,"potions_floor_usage":[16,16,20,24,33],"damage_taken":[{"damage":1,"enemies":"Cultist","floor":1,"turns":3},{"damage":7,"enemies":"2 Louse","floor":3,"turns":3},{"damage":6,"enemies":"Jaw Worm","floor":4,"turns":3},{"damage":8,"enemies":"2 Fungi Beasts","floor":5,"turns":3},{"damage":26,"enemies":"Lagavulin","floor":7,"turns":7},{"damage":5,"enemies":"Gremlin Gang","floor":11,"turns":3},{"damage":0,"enemies":"3 Louse","floor":12,"turns":2},{"damage":20,"enemies":"3 Sentries","floor":14,"turns":4},{"damage":68,"enemies":"Hexaghost","floor":16,"turns":8},{"damage":23,"enemies":"3 Byrds","floor":18,"turns":6},{"damage":17,"enemies":"Shell Parasite","floor":20,"turns":3},{"damage":83,"enemies":"Cultist and Chosen","floor":22,"turns":5},{"damage":39,"enemies":"Centurion and Healer","floor":24,"turns":5},{"damage":20,"enemies":"Snake Plant","floor":28,"turns":5},{"damage":39,"enemies":"Sentry and Sphere","floor":30,"turns":5},{"damage":101,"enemies":"Champ","floor":33,"turns":8}],"event_choices":[{"event_name":"World of Goop","player_choice":"Gather Gold","floor":10,"damage_taken":0},{"event_name":"The Library","player_choice":"Read","floor":19,"damage_taken":0},{"event_name":"Duplicator","player_choice":"One dupe","floor":25,"damage_taken":0},{"event_name":"Forgotten Altar","player_choice":"Smashed Altar","floor":27,"damage_taken":0},{"event_name":"The Mausoleum","player_choice":"Yes","floor":31,"damage_taken":0}],"boss_relics":[{"not_picked":["White Beast Statue","Tiny House"],"picked":"Lizard Tail"}],"potions_floor_spawned":[1,5,7,12,20,22],"seed_played":"-1451308407324304724","killed_by":"Champ","ascension_level":0,"is_trial":false}