{"gold_per_floor":[118,68,86,86,86,86,115,126,173,187,187,221,2,12,12,117,117,135,148,163,163,36,36,50,50,76,93,106,106,106,139,139,139],"floor_reached":33,"playtime":1235,"items_purged":["Strike_B"],"score":392,"play_id":"568d0e4c-cd1a-4dfd-b4b0-f01df96e63a3","local_time":"20180729195237","is_ascension_mode":true,"campfire_choices":[{"data":"Zap","floor":6,"key":"SMITH"},{"data":"Creative AI","floor":11,"key":"SMITH"},{"data":"Defragment","floor":15,"key":"SMITH"},{"floor":23,"key":"REST"},{"data":"Dualcast","floor":25,"key":"SMITH"},{"floor":29,"key":"REST"},{"floor":32,"key":"REST"}],"neow_cost":"NONE","seed_source_timestamp":720554671109001,"circlet_count":0,"master_deck":["Strike_B","Strike_B","Strike_B","Defend_B","Defend_B","Defend_B","Defend_B","Zap+1","Dualcast+1","Barrage","Cold Snap+1","Ball Lightning","Go for the Eyes+1","Cold Snap","Creative AI+1","Conserve Battery","Defragment+1","Ball Lightning+1","Thunder Strike+1","Consume","Hyperbeam+1","Double Energy","Hologram","FTL+1","Leap","Sunder+1","Compile Driver+1"],"relics":["Cracked Core","Oddly Smooth Stone","Vajra","Ancient Tea Set","Molten Egg 2","Bag of Preparation","Inserter","Happy Flower","Whetstone"],"potions_floor_usage":[7,12,20,24,31,33],"damage_taken":[{"damage":0,"enemies":"2 Louse","floor":1,"turns":3},{"damage":0,"enemies":"Cultist","floor":3,"turns":3},{"damage":6,"enemies":"3 Sentries","floor":7,"turns":4},{"damage":2,"enemies":"Small Slimes","floor":8,"turns":2},{"damage":0,"enemies":"Blue Slaver","floor":10,"turns":3},{"damage":14,"enemies":"Gremlin Nob","floor":12,"turns":3},{"damage":0,"enemies":"2 Fungi Beasts","floor":14,"turns":2},{"damage":0,"enemies":"Slime Boss","floor":16,"turns":7},{"damage":42,"enemies":"2 Thieves","floor":18,"turns":5},{"damage":0,"enemies":"Chosen","floor":19,"turns":4},{"damage":26,"enemies":"Snake Plant","floor":20,"turns":4},{"damage":14,"enemies":"Snecko","floor":24,"turns":4},{"damage":6,"enemies":"Centurion and Healer","floor":27,"turns":5},{"damage":7,"enemies":"Snake Plant","floor":28,"turns":4},{"damage":15,"enemies":"Book of Stabbing","floor":31,"turns":4},{"damage":98,"enemies":"Collector","floor":33,"turns":6}],"seed_played":"4375775700105489201","potions_obtained":[{"floor":4,"key":"Swift Potion"},{"floor":4,"key":"Fruit Juice"},{"floor":4,"key":"LiquidBronze"},{"floor":7,"key":"SteroidPotion"},{"floor":10,"key":"AttackPotion"},{"floor":16,"key":"Ancient Potion"},{"floor":19,"key":"Swift Potion"},{"floor":20,"key":"Weak Potion"},{"floor":28,"key":"AttackPotion"}],"is_trial":false,"path_per_floor":["M","$","M","?","?","R","E","M","T","M","R","E","$","M","R","B",null,"M","M","M","?","$","R","M","R","T","M","M","R","?","E","R"],"character_chosen":"DEFECT","items_purchased":["Cold Snap","Defragment","Bag of Preparation","Hologram"],"campfire_rested":3,"item_purchase_floors":[2,13,13,22],"current_hp_per_floor":[75,75,75,75,75,75,74,72,72,72,72,58,58,58,58,58,80,38,38,12,38,38,62,48,48,48,42,35,59,59,44,68,0],"gold":139,"neow_bonus":"RANDOM_COMMON_RELIC","is_prod":false,"is_daily":false,"chose_seed":false,"campfire_upgraded":4,"win_rate":0,"timestamp":1532908357,"path_taken":["M","$","M","?","?","R","E","?","T","M","R","E","$","M","R","BOSS","M","M","M","?","$","R","?","R","T","M","M","R","?","E","R","BOSS"],"build_version":"2018-07-26","purchased_purges":1,"victory":false,"max_hp_per_floor":[75,75,75,75,75,75,80,80,80,80,80,80,80,80,80,80,80,80,80,80,80,80,80,80,80,80,80,80,80,80,80,80,80],"card_choices":[{"not_picked":["Redo","Scrape"],"picked":"Barrage","floor":1},{"not_picked":["Hologram","Rebound"],"picked":"Ball Lightning","floor":3},{"not_picked":["Coolheaded","Redo"],"picked":"Go for the Eyes","floor":7},{"not_picked":["Go for the Eyes","Hologram"],"picked":"Cold Snap","floor":8},{"not_picked":["Barrage","Conserve Battery"],"picked":"Creative AI","floor":10},{"not_picked":["Core Surge","Reinforced Body"],"picked":"Conserve Battery","floor":12},{"not_picked":["Streamline+1","Undo"],"picked":"Ball Lightning+1","floor":14},{"not_picked":["Seek","Amplify"],"picked":"Thunder Strike+1","floor":16},{"not_picked":["Turbo","Go for the Eyes+1"],"picked":"Consume","floor":18},{"not_picked":["Stack","Gash+1"],"picked":"Hyperbeam+1","floor":19},{"not_picked":["Redo","Cold Snap+1"],"picked":"Double Energy","floor":20},{"not_picked":["Skim+1","Storm"],"picked":"FTL+1","floor":24},{"not_picked":["Redo","Chaos"],"picked":"Leap","floor":27},{"not_picked":["Steam","Go for the Eyes+1"],"picked":"Sunder+1","floor":28},{"not_picked":["Go for the Eyes+1","Melter+1"],"picked":"Compile Driver+1","floor":31}],"player_experience":681827,"relics_obtained":[{"floor":7,"key":"Vajra"},{"floor":9,"key":"Ancient Tea Set"},{"floor":12,"key":"Molten Egg 2"},{"floor":26,"key":"Happy Flower"},{"floor":31,"key":"Whetstone"}],"event_choices":[{"event_name":"The Lab","player_choice":"Got Potions","floor":4,"damage_taken":0},{"event_name":"Liars Game","player_choice":"disagreed","floor":5,"damage_taken":0},{"event_name":"The Library","player_choice":"Heal","floor":21,"damage_taken":0},{"event_name":"Drug Dealer","player_choice":"Ignored","floor":30,"damage_taken":0}],"is_beta":true,"boss_relics":[{"not_picked":["Eternal Feather","Philosopher\u0027s Stone"],"picked":"Inserter"}],"items_purged_floors":[22],"is_endless":false,"potions_floor_spawned":[7,10,16,19,20,28],"killed_by":"Collector","ascension_level":4}