{"gold_per_floor":[118,118,134,22,22,22,55,55,109,109,139,31,63,77,77,77],"floor_reached":16,"playtime":654,"items_purged":["Strike_G"],"score":212,"play_id":"8b8e86b2-52a9-4e7b-abe0-a95c1b49ca98","local_time":"20190201135218","is_ascension_mode":true,"campfire_choices":[{"floor":6,"key":"REST"},{"data":"Footwork","floor":8,"key":"SMITH"},{"data":"Crippling Poison","floor":10,"key":"SMITH"},{"floor":15,"key":"REST"}],"neow_cost":"NONE","seed_source_timestamp":4245365021347,"circlet_count":0,"master_deck":["AscendersBane","Defend_G","Defend_G","Defend_G","Defend_G","Defend_G","Strike_G","Strike_G","Strike_G","Strike_G","Survivor","Neutralize","Leg Sweep","Footwork+1","Well Laid Plans","Backstab","Crippling Poison+1","PiercingWail","Dash"],"relics":["Ring of the Snake","NeowsBlessing","Ornamental Fan","Mummified Hand","Blood Vial","MawBank","Sundial"],"potions_floor_usage":[13,16],"damage_taken":[{"damage":0,"enemies":"Small Slimes","floor":1,"turns":1},{"damage":0,"enemies":"2 Louse","floor":3,"turns":1},{"damage":0,"enemies":"Gremlin Nob","floor":7,"turns":1},{"damage":7,"enemies":"Lagavulin","floor":11,"turns":10},{"damage":36,"enemies":"Gremlin Nob","floor":13,"turns":6},{"damage":0,"enemies":"Cultist","floor":14,"turns":4},{"damage":64,"enemies":"Slime Boss","floor":16,"turns":19}],"seed_played":"8903113336854041496","potions_obtained":[{"floor":1,"key":"Dexterity Potion"},{"floor":11,"key":"Fruit Juice"}],"is_trial":false,"path_per_floor":["M","?","M","$","?","R","E","R","T","R","E","$","E","M","R","B"],"character_chosen":"THE_SILENT","items_purchased":["Well Laid Plans","Backstab","PiercingWail"],"campfire_rested":2,"item_purchase_floors":[4,4,12],"current_hp_per_floor":[63,45,45,45,45,66,66,66,66,66,61,61,32,34,56,0],"gold":77,"neow_bonus":"THREE_ENEMY_KILL","is_prod":false,"is_daily":false,"chose_seed":false,"campfire_upgraded":2,"win_rate":0,"timestamp":1549047138,"path_taken":["M","?","M","$","?","R","E","R","T","R","E","$","E","M","R","BOSS"],"build_version":"2019-01-23","purchased_purges":1,"victory":false,"max_hp_per_floor":[70,70,70,70,70,70,70,70,70,70,70,70,75,75,75,75],"card_choices":[{"not_picked":["Accuracy","Poisoned Stab"],"picked":"Leg Sweep","floor":1},{"not_picked":["Escape Plan","Cloak And Dagger"],"picked":"Footwork","floor":3},{"not_picked":["Quick Slash","Concentrate"],"picked":"Crippling Poison","floor":7},{"not_picked":["Flying Knee","Outmaneuver","Deadly Poison"],"picked":"SKIP","floor":11},{"not_picked":["PiercingWail","Grand Finale"],"picked":"Dash","floor":13},{"not_picked":["Poisoned Stab","Bane","Acrobatics"],"picked":"SKIP","floor":14}],"player_experience":200110,"relics_obtained":[{"floor":7,"key":"Mummified Hand"},{"floor":9,"key":"Blood Vial"},{"floor":11,"key":"MawBank"},{"floor":13,"key":"Sundial"}],"event_choices":[{"damage_healed":0,"gold_gain":0,"player_choice":"Success","damage_taken":18,"relics_obtained":["Ornamental Fan"],"max_hp_gain":0,"max_hp_loss":0,"event_name":"Scrap Ooze","floor":2,"gold_loss":0},{"damage_healed":0,"gold_gain":0,"player_choice":"Ignored","damage_taken":0,"max_hp_gain":0,"max_hp_loss":0,"event_name":"Shining Light","floor":5,"gold_loss":0}],"is_beta":false,"boss_relics":[],"items_purged_floors":[12],"is_endless":false,"potions_floor_spawned":[1,11],"killed_by":"Slime Boss","ascension_level":10}