{"gold_per_floor":[116,116,134,153,169,169,182,182,182,182,192,220,233,308,308,411,411,426,12,32,32,32,64,64,64],"floor_reached":25,"playtime":1598,"items_purged":[],"score":346,"play_id":"c619358f-2895-40d1-adbd-fb6f7012b0f6","local_time":"20180806185322","is_ascension_mode":true,"campfire_choices":[{"data":"Neutralize","floor":6,"key":"SMITH"},{"floor":8,"key":"REST"},{"floor":15,"key":"REST"},{"data":"After Image","floor":24,"key":"SMITH"}],"neow_cost":"NONE","seed_source_timestamp":0,"circlet_count":0,"master_deck":["Defend_G","Defend_G","Defend_G","Defend_G+1","Defend_G","Strike_G","Strike_G+1","Strike_G","Strike_G","Strike_G","Survivor","Neutralize+1","AscendersBane","Poisoned Stab","Dodge and Roll","Flying Knee","Flechettes","Blade Dance+1","After Image+1","Cloak And Dagger","Footwork","Malaise","Backflip","Cloak And Dagger","Infinite Blades","PiercingWail","Slice","Backstab+1"],"relics":["Ring of the Snake","Meat on the Bone","Bird Faced Urn","Cursed Key","Kunai","SsserpentHead","The Courier"],"potions_floor_usage":[11,23],"damage_taken":[{"damage":7,"enemies":"Jaw Worm","floor":1,"turns":5},{"damage":0,"enemies":"Small Slimes","floor":3,"turns":4},{"damage":0,"enemies":"Cultist","floor":4,"turns":3},{"damage":10,"enemies":"Blue Slaver","floor":5,"turns":4},{"damage":14,"enemies":"2 Fungi Beasts","floor":7,"turns":4},{"damage":20,"enemies":"Gremlin Gang","floor":11,"turns":5},{"damage":11,"enemies":"3 Sentries","floor":12,"turns":9},{"damage":3,"enemies":"Blue Slaver","floor":13,"turns":4},{"damage":47,"enemies":"The Guardian","floor":16,"turns":19},{"damage":0,"enemies":"3 Byrds","floor":18,"turns":8},{"damage":0,"enemies":"2 Thieves","floor":20,"turns":4},{"damage":13,"enemies":"Book of Stabbing","floor":23,"turns":8},{"damage":80,"enemies":"Gremlin Leader","floor":25,"turns":18}],"seed_played":"-6887432318696554911","potions_obtained":[{"floor":3,"key":"Poison Potion"},{"floor":7,"key":"Ancient Potion"},{"floor":13,"key":"SteroidPotion"},{"floor":18,"key":"Explosive Potion"}],"is_trial":false,"path_per_floor":["M","?","M","M","M","R","M","R","T","?","M","E","M","?","R","B",null,"M","$","M","?","$","E","R"],"character_chosen":"THE_SILENT","items_purchased":["Kunai","Cloak And Dagger","Infinite Blades","PiercingWail"],"campfire_rested":2,"item_purchase_floors":[19,19,19,19],"current_hp_per_floor":[56,42,42,42,32,32,18,39,39,39,31,32,43,32,53,22,58,62,62,66,66,66,59,59,0],"gold":64,"neow_bonus":"THREE_CARDS","is_prod":false,"is_daily":false,"chose_seed":true,"campfire_upgraded":2,"win_rate":0,"timestamp":1533596002,"path_taken":["M","?","M","?","M","R","M","R","T","?","M","E","?","?","R","BOSS","M","?","M","?","$","E","R","E"],"build_version":"2018-08-01","purchased_purges":0,"victory":false,"max_hp_per_floor":[70,70,70,70,70,70,70,70,70,70,70,70,70,70,70,70,70,70,70,70,70,70,70,70,70],"card_choices":[{"not_picked":["PiercingWail","Concentrate"],"picked":"Poisoned Stab","floor":0},{"not_picked":["Dagger Throw","Poisoned Stab"],"picked":"Dodge and Roll","floor":1},{"not_picked":["Choke","Outmaneuver","Bane"],"picked":"SKIP","floor":3},{"not_picked":["Bouncing Flask","Acrobatics"],"picked":"Flying Knee","floor":4},{"not_picked":["Outmaneuver","Sucker Punch"],"picked":"Flechettes","floor":5},{"not_picked":["Slice","Flechettes"],"picked":"Blade Dance","floor":7},{"not_picked":["Setup","Choke"],"picked":"After Image","floor":11},{"not_picked":["Bane","Acrobatics"],"picked":"Cloak And Dagger","floor":12},{"not_picked":["Sucker Punch","All Out Attack"],"picked":"Footwork","floor":13},{"not_picked":["Bullet Time","Doppelganger"],"picked":"Malaise","floor":16},{"not_picked":["Poisoned Stab","Deflect+1"],"picked":"Backflip","floor":18},{"not_picked":["Prepared+1","Concentrate"],"picked":"Slice","floor":20},{"not_picked":["Heel Hook+1","Well Laid Plans"],"picked":"Backstab+1","floor":23}],"player_experience":738475,"relics_obtained":[{"floor":9,"key":"Meat on the Bone"},{"floor":12,"key":"Bird Faced Urn"},{"floor":23,"key":"The Courier"}],"event_choices":[{"event_name":"Shining Light","player_choice":"Entered Light","floor":2,"damage_taken":0},{"event_name":"Living Wall","player_choice":"Grow","floor":10,"damage_taken":0},{"event_name":"World of Goop","player_choice":"Gather Gold","floor":14,"damage_taken":0},{"event_name":"FaceTrader","player_choice":"Trade","floor":21,"damage_taken":0}],"is_beta":true,"boss_relics":[{"not_picked":["Tiny House","Eternal Feather"],"picked":"Cursed Key"}],"items_purged_floors":[],"is_endless":false,"potions_floor_spawned":[3,7,13,18],"killed_by":"Gremlin Leader","ascension_level":11}