{"path_per_floor":["M","M","M","?","M","R","E","R","T","R","M","R","M","?","R","B",null,"M","$","?","?","M","R","M","?","T","M","R","$","R","M","R"],"character_chosen":"THE_SILENT","items_purchased":["Flying Knee","Thread and Needle","Art of War"],"gold_per_floor":[112,131,145,145,158,158,189,189,189,189,214,214,230,405,405,526,526,546,6,6,6,22,22,47,47,119,143,143,63,63,88,88],"floor_reached":33,"campfire_rested":3,"playtime":1456,"current_hp_per_floor":[68,68,64,64,64,64,50,50,50,50,46,46,43,43,64,54,70,65,65,65,65,65,65,49,49,49,33,54,54,54,42,63],"items_purged":["Strike_G","Doubt"],"gold":88,"score":272,"play_id":"317f47a7-0a6f-426c-be8c-3f2db6db0f9c","local_time":"20180302155053","is_prod":false,"is_daily":false,"is_ascension_mode":true,"campfire_upgraded":6,"timestamp":1520023853,"path_taken":["M","M","?","?","M","R","E","R","T","R","M","R","M","?","R","BOSS","M","$","?","?","M","R","M","?","T","M","R","$","R","M","R","BOSS"],"build_version":"2018-03-01-PROD1","purchased_purges":2,"victory":false,"master_deck":["Defend_G","Defend_G","Defend_G","Defend_G","Defend_G","Strike_G","Strike_G","Strike_G","Strike_G","Survivor","Neutralize+1","Bouncing Flask+1","Flying Knee+1","Dodge and Roll+1","Injury","Noxious Fumes+1","Backstab","Bane+1","Noxious Fumes+1","Flying Knee","Neutralize+1","Bane+1","Dodge and Roll","Prepared","Catalyst"],"max_hp_per_floor":[70,70,70,70,70,70,70,70,70,70,70,70,70,70,70,70,70,70,70,70,70,70,70,70,70,70,70,70,70,70,70,70],"relics":["Ring of the Snake","Golden Idol","The Courier","Lantern","The Specimen","Thread and Needle","Art of War","Meat on the Bone"],"card_choices":[{"not_picked":["Caltrops","Prepared"],"picked":"Bouncing Flask"},{"not_picked":["All Out Attack","Crippling Poison"],"picked":"Flying Knee"},{"not_picked":["Deflect","Accuracy"],"picked":"Dodge and Roll"},{"not_picked":["Deadly Poison","Riddle With Holes"],"picked":"Noxious Fumes"},{"not_picked":["Bullet Time","Tactician"],"picked":"Backstab"},{"not_picked":["Finisher","Prepared"],"picked":"Bane"},{"not_picked":["Dagger Spray","Reflex"],"picked":"Noxious Fumes"},{"not_picked":["Poisoned Stab","Deflect"],"picked":"Bane"},{"not_picked":["Calculated Gamble","Deflect"],"picked":"Dodge and Roll"},{"not_picked":["Poisoned Stab","Riddle With Holes"],"picked":"Prepared"},{"not_picked":["Bane","Noxious Fumes"],"picked":"Catalyst"}],"player_experience":328930,"potions_floor_usage":[7,16,18,22,27,31],"damage_taken":[{"damage":2,"enemies":"Cultist","floor":1,"turns":5},{"damage":0,"enemies":"Small Slimes","floor":2,"turns":3},{"damage":4,"enemies":"2 Louse","floor":3,"turns":3},{"damage":0,"enemies":"Blue Slaver","floor":5,"turns":4},{"damage":14,"enemies":"Lagavulin","floor":7,"turns":7},{"damage":4,"enemies":"2 Fungi Beasts","floor":11,"turns":4},{"damage":3,"enemies":"Looter","floor":13,"turns":2},{"damage":10,"enemies":"The Guardian","floor":16,"turns":8},{"damage":5,"enemies":"3 Byrds","floor":18,"turns":4},{"damage":0,"enemies":"Chosen","floor":22,"turns":4},{"damage":16,"enemies":"3 Cultists","floor":24,"turns":5},{"damage":28,"enemies":"Centurion and Healer","floor":27,"turns":8},{"damage":12,"enemies":"Slaver and Parasite","floor":31,"turns":7},{"damage":64,"enemies":"Automaton","floor":33,"turns":8}],"event_choices":[{"event_name":"Golden Idol","player_choice":"Take Wound","floor":4,"damage_taken":0},{"event_name":"Liars Game","player_choice":"agreed","floor":14,"damage_taken":0},{"event_name":"Beggar","player_choice":"Ignored","floor":20,"damage_taken":0},{"event_name":"Match and Keep!","player_choice":"1 cards matched","floor":21,"damage_taken":0},{"event_name":"Upgrade Shrine","player_choice":"Upgraded","floor":25,"damage_taken":0}],"boss_relics":[{"not_picked":["Snecko Eye","Orrery"],"picked":"The Specimen"}],"potions_floor_spawned":[1,3,11,13,16,27],"seed_played":"-2831750996778275179","killed_by":"Automaton","ascension_level":2,"is_trial":false}