{"gold_per_floor":[110,110,122,122,139,139,155,155,205,217,217,187,187,204,204,299,299,312,312,312,328,340,340,404,404,429,440,458,484,500,516,516,516],"floor_reached":33,"playtime":1200,"items_purged":[],"score":338,"play_id":"49a7ee6d-1973-4497-85ca-a0ed0f48e1f3","local_time":"20190105204757","is_ascension_mode":true,"campfire_choices":[{"data":"Noxious Fumes","floor":6,"key":"SMITH"},{"floor":8,"key":"REST"},{"data":"Leg Sweep","floor":11,"key":"SMITH"},{"data":"Riddle With Holes","floor":13,"key":"SMITH"},{"data":"Riddle With Holes","floor":15,"key":"SMITH"},{"floor":23,"key":"REST"},{"floor":25,"key":"REST"},{"floor":32,"key":"REST"}],"neow_cost":"CURSE","seed_source_timestamp":434048811528760,"circlet_count":0,"master_deck":["Defend_G","Defend_G","Defend_G","Defend_G","Defend_G","Strike_G","Strike_G","Strike_G","Strike_G","Survivor","Neutralize","Parasite","Noxious Fumes+1","Slice","Caltrops","Leg Sweep+1","Riddle With Holes+1","Poisoned Stab","Riddle With Holes+1","Corpse Explosion","Leg Sweep+1","Dagger Spray","Acrobatics","Heel Hook","Dodge and Roll","Backflip","Poisoned Stab+1","Bouncing Flask","Backflip","Leg Sweep"],"relics":["Ring of the Snake","Snake Skull","Vajra","Philosopher\u0027s Stone","Tiny Chest","Centennial Puzzle","Red Mask"],"potions_floor_usage":[14,18,22,33,33],"damage_taken":[{"damage":0,"enemies":"Cultist","floor":1,"turns":3},{"damage":12,"enemies":"Jaw Worm","floor":3,"turns":6},{"damage":4,"enemies":"Small Slimes","floor":5,"turns":5},{"damage":33,"enemies":"Exordium Thugs","floor":7,"turns":5},{"damage":1,"enemies":"Blue Slaver","floor":10,"turns":4},{"damage":7,"enemies":"Looter","floor":12,"turns":4},{"damage":0,"enemies":"Gremlin Gang","floor":14,"turns":1},{"damage":14,"enemies":"Slime Boss","floor":16,"turns":7},{"damage":2,"enemies":"2 Thieves","floor":18,"turns":4},{"damage":12,"enemies":"Spheric Guardian","floor":21,"turns":3},{"damage":13,"enemies":"Snake Plant","floor":22,"turns":4},{"damage":24,"enemies":"Book of Stabbing","floor":24,"turns":5},{"damage":7,"enemies":"Shelled Parasite and Fungi","floor":27,"turns":6},{"damage":19,"enemies":"3 Cultists","floor":28,"turns":3},{"damage":13,"enemies":"Masked Bandits","floor":29,"turns":4},{"damage":6,"enemies":"Snake Plant","floor":30,"turns":4},{"damage":2,"enemies":"Centurion and Healer","floor":31,"turns":3},{"damage":52,"enemies":"Collector","floor":33,"turns":6}],"seed_played":"-3022790856283802356","potions_obtained":[{"floor":10,"key":"AttackPotion"},{"floor":14,"key":"PowerPotion"},{"floor":21,"key":"PowerPotion"},{"floor":27,"key":"Block Potion"},{"floor":29,"key":"SteroidPotion"}],"is_trial":false,"path_per_floor":["M","?","M","?","M","R","M","R","T","M","R","M","R","M","R","B",null,"M","?","?","M","M","R","E","R","T","M","M","?","M","M","R","B"],"character_chosen":"THE_SILENT","items_purchased":[],"campfire_rested":4,"item_purchase_floors":[],"current_hp_per_floor":[84,72,60,60,56,56,23,48,48,47,47,40,40,40,40,26,84,82,82,66,54,41,67,43,69,69,62,43,30,24,22,48,0],"gold":516,"neow_bonus":"TWENTY_PERCENT_HP_BONUS","is_prod":false,"is_daily":false,"chose_seed":false,"campfire_upgraded":4,"win_rate":0,"timestamp":1546739277,"path_taken":["M","?","M","?","M","R","M","R","T","M","R","M","R","?","R","BOSS","M","?","?","M","M","R","E","R","T","?","M","?","M","M","R","BOSS"],"build_version":"2019-01-03v4","purchased_purges":0,"victory":false,"max_hp_per_floor":[84,84,84,84,84,84,84,84,84,84,84,84,84,84,84,84,84,84,84,89,89,89,89,89,89,89,89,89,89,89,89,89,89],"card_choices":[{"not_picked":["PiercingWail","Blade Dance"],"picked":"Noxious Fumes","floor":1},{"not_picked":["Deflect","Tactician"],"picked":"Slice","floor":3},{"not_picked":["Underhanded Strike","Flechettes"],"picked":"Caltrops","floor":5},{"not_picked":["Predator","Dodge and Roll"],"picked":"Leg Sweep","floor":7},{"not_picked":["Deflect","Flechettes"],"picked":"Riddle With Holes","floor":10},{"not_picked":["Prepared","Flying Knee"],"picked":"Poisoned Stab","floor":12},{"not_picked":["Outmaneuver","Flying Knee"],"picked":"Riddle With Holes","floor":14},{"not_picked":["Tools of the Trade","Doppelganger"],"picked":"Corpse Explosion","floor":16},{"not_picked":["Blade Dance","Cloak And Dagger"],"picked":"Leg Sweep+1","floor":18},{"not_picked":["Deadly Poison","Poisoned Stab"],"picked":"Acrobatics","floor":21},{"not_picked":["Setup","Slice"],"picked":"Heel Hook","floor":22},{"not_picked":["Choke","Leg Sweep"],"picked":"Dodge and Roll","floor":24},{"not_picked":["Expertise","Flechettes+1"],"picked":"Backflip","floor":27},{"not_picked":["Slice","Concentrate"],"picked":"Poisoned Stab+1","floor":28},{"not_picked":["Quick Slash","Leg Sweep"],"picked":"Bouncing Flask","floor":29},{"not_picked":["Flying Knee","Slice"],"picked":"Backflip","floor":30},{"not_picked":["Poisoned Stab","Outmaneuver"],"picked":"Leg Sweep","floor":31}],"player_experience":1186468,"relics_obtained":[{"floor":9,"key":"Vajra"},{"floor":24,"key":"Tiny Chest"},{"floor":26,"key":"Centennial Puzzle"},{"floor":29,"key":"Red Mask"}],"event_choices":[{"damage_healed":0,"gold_gain":0,"player_choice":"Success","damage_taken":12,"relics_obtained":["Snake Skull"],"max_hp_gain":0,"max_hp_loss":0,"event_name":"Scrap Ooze","floor":2,"gold_loss":0},{"cards_removed":["Strike_G"],"damage_healed":0,"gold_gain":0,"player_choice":"Purged","damage_taken":0,"max_hp_gain":0,"max_hp_loss":0,"event_name":"Purifier","floor":4,"gold_loss":0},{"damage_healed":0,"gold_gain":0,"player_choice":"Read","damage_taken":0,"max_hp_gain":0,"max_hp_loss":0,"event_name":"The Library","floor":19,"gold_loss":0,"cards_obtained":["Dagger Spray"]},{"damage_healed":0,"gold_gain":0,"player_choice":"Shed Blood","damage_taken":21,"max_hp_gain":5,"max_hp_loss":0,"event_name":"Forgotten Altar","floor":20,"gold_loss":0},{"damage_healed":0,"gold_gain":0,"player_choice":"Fought Bandits","damage_taken":0,"max_hp_gain":0,"max_hp_loss":0,"event_name":"Masked Bandits","floor":29,"gold_loss":0}],"is_beta":true,"boss_relics":[{"not_picked":["White Beast Statue","Coffee Dripper"],"picked":"Philosopher\u0027s Stone"}],"items_purged_floors":[],"is_endless":false,"potions_floor_spawned":[10,14,21,27,29],"killed_by":"Collector","ascension_level":4}