{"gold_per_floor":[114,131,131,147,22,50,67,67,67,242,264,264,152,169,169,270,270,282,282,26,41,55,84,84,95,120,120,120,120,137,169,169,268,268,283,383,383,396,33,33],"floor_reached":40,"playtime":3501,"items_purged":["Doubt","Strike_R","Strike_R"],"score":494,"play_id":"c8326911-30a7-424d-9398-e8622a97dcc4","local_time":"20190117174738","is_ascension_mode":true,"campfire_choices":[{"data":"Armaments","floor":8.0,"key":"SMITH"},{"floor":12.0,"key":"REST"},{"data":"Seeing Red","floor":15.0,"key":"SMITH"},{"floor":24.0,"key":"REST"},{"data":"Barricade","floor":29.0,"key":"SMITH"},{"data":"Metallicize","floor":32.0,"key":"SMITH"}],"neow_cost":"NONE","seed_source_timestamp":0,"circlet_count":0,"master_deck":["Defend_R","Defend_R","Defend_R","Defend_R","Bash","Headbutt","Clothesline","Armaments+1","Body Slam","Metallicize+1","Barricade+1","Iron Wave","Ghostly Armor","Seeing Red+1","Impervious","Second Wind","Entrench","Reaper","Wild Strike","Panacea","Juggernaut","Body Slam","Enlightenment"],"special_seed":0,"relics":["Burning Blood","Pen Nib","Pantograph","Odd Mushroom","Runic Dome","Dream Catcher","Gambling Chip","Blood Vial","Ancient Tea Set","Empty Cage","FossilizedHelix","Oddly Smooth Stone"],"potions_floor_usage":[35,38,40],"damage_taken":[{"damage":1.0,"enemies":"Cultist","floor":1.0,"turns":3.0},{"damage":0.0,"enemies":"Small Slimes","floor":2.0,"turns":3.0},{"damage":8.0,"enemies":"2 Louse","floor":4.0,"turns":3.0},{"damage":42.0,"enemies":"3 Sentries","floor":6.0,"turns":10.0},{"damage":5.0,"enemies":"2 Fungi Beasts","floor":7.0,"turns":4.0},{"damage":29.0,"enemies":"The Mushroom Lair","floor":11.0,"turns":6.0},{"damage":6.0,"enemies":"Blue Slaver","floor":14.0,"turns":4.0},{"damage":5.0,"enemies":"The Guardian","floor":16.0,"turns":14.0},{"damage":11.0,"enemies":"Shell Parasite","floor":18.0,"turns":7.0},{"damage":0.0,"enemies":"Colosseum Slavers","floor":19.0,"turns":4.0},{"damage":0.0,"enemies":"Spheric Guardian","floor":21.0,"turns":4.0},{"damage":0.0,"enemies":"Snecko","floor":22.0,"turns":5.0},{"damage":46.0,"enemies":"Slavers","floor":23.0,"turns":10.0},{"damage":22.0,"enemies":"Snake Plant","floor":25.0,"turns":7.0},{"damage":0.0,"enemies":"Sentry and Sphere","floor":30.0,"turns":5.0},{"damage":24.0,"enemies":"Gremlin Leader","floor":31.0,"turns":11.0},{"damage":41.0,"enemies":"Collector","floor":33.0,"turns":19.0},{"damage":26,"enemies":"3 Shapes","floor":35,"turns":7},{"damage":18,"enemies":"Mind Bloom Boss Battle","floor":36,"turns":10},{"damage":40,"enemies":"3 Darklings","floor":38,"turns":8},{"damage":74,"enemies":"Reptomancer","floor":40,"turns":4}],"seed_played":"5996313309871790368","potions_obtained":[{"floor":6.0,"key":"Swift Potion"},{"floor":7.0,"key":"Swift Potion"},{"floor":14.0,"key":"FearPotion"},{"floor":31.0,"key":"AttackPotion"},{"floor":36,"key":"Poison Potion"}],"is_trial":false,"path_per_floor":["M","M","?","M","$","E","M","R","T","?","?","R","$","M","R","B",null,"M","?","$","M","M","E","R","M","T","?","?","R","M","E","R","B",null,"M","?","?","M","$","E"],"character_chosen":"IRONCLAD","items_purchased":["Body Slam","BloodPotion","Ghostly Armor","Dream Catcher","Oddly Smooth Stone","Enlightenment"],"campfire_rested":2,"item_purchase_floors":[5,5,13,20,39,39],"current_hp_per_floor":[88,88,88,86,86,50,51,51,51,51,28,54,54,54,54,80,88,83,88,88,88,88,48,74,63,63,63,63,63,76,72,72,62,88,83,80,80,56,56,0],"gold":33,"neow_bonus":"TEN_PERCENT_HP_BONUS","is_prod":false,"is_daily":false,"chose_seed":false,"campfire_upgraded":4,"win_rate":0,"timestamp":1547765258,"path_taken":["M","?","?","?","$","E","M","R","T","?","?","R","$","M","R","BOSS","M","?","$","M","M","E","R","M","T","?","?","R","?","E","R","BOSS","M","?","?","M","?","E"],"build_version":"2019-01-10","purchased_purges":3,"victory":false,"max_hp_per_floor":[88,88,88,88,88,88,88,88,88,88,88,88,88,88,88,88,88,88,88,88,88,88,88,88,88,88,88,88,88,88,88,88,88,88,88,88,84,84,84,84],"card_choices":[{"not_picked":["Heavy Blade","Evolve"],"picked":"Headbutt","floor":1.0},{"not_picked":["Perfected Strike","Hemokinesis"],"picked":"Clothesline","floor":2.0},{"not_picked":["Sever Soul","Corruption"],"picked":"Armaments","floor":4.0},{"not_picked":["Body Slam","Spot Weakness"],"picked":"Metallicize","floor":6.0},{"not_picked":["Corruption","Twin Strike"],"picked":"Barricade","floor":7.0},{"not_picked":["Heavy Blade","Flex"],"picked":"Iron Wave","floor":11.0},{"not_picked":["Pommel Strike","Twin Strike"],"picked":"Seeing Red","floor":14.0},{"not_picked":["Exhume","Barricade"],"picked":"Impervious","floor":16.0},{"not_picked":["Searing Blow+1","Spot Weakness"],"picked":"Second Wind","floor":18.0},{"not_picked":["Pommel Strike","Warcry"],"picked":"Entrench","floor":21.0},{"not_picked":["Infernal Blade","True Grit","Cleave+1"],"picked":"SKIP","floor":22.0},{"not_picked":["Searing Blow","Pummel","Wild Strike+1"],"picked":"SKIP","floor":23.0},{"not_picked":["Cleave","True Grit"],"picked":"Reaper","floor":24.0},{"not_picked":["Wild Strike","Perfected Strike","Flex"],"picked":"SKIP","floor":25.0},{"not_picked":["Flex+1","Wild Strike+1","Dropkick"],"picked":"SKIP","floor":30.0},{"not_picked":["Cleave","Heavy Blade","Bludgeon"],"picked":"SKIP","floor":31.0},{"not_picked":["Dark Embrace","Bludgeon"],"picked":"Juggernaut","floor":33.0},{"not_picked":["True Grit","Seeing Red","Wild Strike+1"],"picked":"SKIP","floor":35},{"not_picked":["Searing Blow+1","Sword Boomerang+1"],"picked":"Body Slam","floor":38}],"player_experience":65999,"relics_obtained":[{"floor":6.0,"key":"Pen Nib"},{"floor":9.0,"key":"Pantograph"},{"floor":11.0,"key":"Odd Mushroom"},{"floor":23.0,"key":"Gambling Chip"},{"floor":26.0,"key":"Blood Vial"},{"floor":31.0,"key":"Ancient Tea Set"},{"floor":36,"key":"FossilizedHelix"}],"event_choices":[{"cards_removed":["Strike_R"],"damage_healed":0.0,"max_hp_gain":0.0,"max_hp_loss":0.0,"gold_gain":0.0,"event_name":"Purifier","player_choice":"Purged","floor":3.0,"gold_loss":0.0,"damage_taken":0.0},{"damage_healed":0.0,"max_hp_gain":0.0,"max_hp_loss":0.0,"gold_gain":175.0,"event_name":"Liars Game","player_choice":"AGREE","floor":10.0,"gold_loss":0.0,"damage_taken":0.0,"cards_obtained":["Doubt"]},{"damage_healed":0.0,"max_hp_gain":0.0,"max_hp_loss":0.0,"gold_gain":0.0,"event_name":"Mushrooms","player_choice":"Fought Mushrooms","floor":11.0,"gold_loss":0.0,"damage_taken":0.0},{"damage_healed":0.0,"max_hp_gain":0.0,"max_hp_loss":0.0,"gold_gain":0.0,"event_name":"Colosseum","player_choice":"Fight","floor":19.0,"gold_loss":0.0,"damage_taken":0.0},{"damage_healed":0.0,"max_hp_gain":0.0,"max_hp_loss":0.0,"gold_gain":0.0,"event_name":"Colosseum","player_choice":"Fled From Nobs","floor":19.0,"gold_loss":0.0,"damage_taken":0.0},{"damage_healed":0.0,"max_hp_gain":0.0,"max_hp_loss":0.0,"gold_gain":0.0,"event_name":"Colosseum","player_choice":"Fled From Nobs","floor":19.0,"gold_loss":0.0,"damage_taken":0.0},{"damage_healed":0.0,"max_hp_gain":0.0,"max_hp_loss":0.0,"gold_gain":0.0,"event_name":"Ghosts","player_choice":"Ignored","floor":27.0,"gold_loss":0.0,"damage_taken":0.0},{"damage_healed":0.0,"max_hp_gain":0.0,"max_hp_loss":0.0,"gold_gain":0.0,"event_name":"Match and Keep!","player_choice":"2 cards matched","floor":28.0,"gold_loss":0.0,"damage_taken":0.0,"cards_obtained":["Wild Strike","Panacea"]},{"damage_healed":0,"gold_gain":0,"player_choice":"Fight","damage_taken":0,"max_hp_gain":0,"max_hp_loss":0,"event_name":"MindBloom","floor":36,"gold_loss":0},{"damage_healed":0,"gold_gain":0,"player_choice":"Max HP","damage_taken":0,"max_hp_gain":0,"max_hp_loss":4,"event_name":"Winding Halls","floor":37,"gold_loss":0}],"is_beta":false,"boss_relics":[{"not_picked":["Cursed Key","White Beast Statue"],"picked":"Runic Dome"},{"not_picked":["Runic Pyramid","Busted Crown"],"picked":"Empty Cage"}],"items_purged_floors":[13,20,39],"is_endless":false,"potions_floor_spawned":[6,7,14,21,22,23,31,33,36],"killed_by":"Reptomancer","ascension_level":2}