{"gold_per_floor":[112,124,124,140,91,122,122,141,141,141,154,173,173,127,127,198,198,218,10,10,109,109,109,142,67,91,91],"floor_reached":27,"playtime":1000,"items_purged":[],"score":378,"play_id":"106c7ea8-ab72-405b-9a91-1f28c3c7e927","local_time":"20181231212038","is_ascension_mode":true,"campfire_choices":[{"floor":7,"key":"REST"},{"data":"Go for the Eyes","floor":10,"key":"SMITH"},{"data":"Zap","floor":15,"key":"SMITH"},{"data":"Multi-Cast","floor":23,"key":"SMITH"}],"neow_cost":"TEN_PERCENT_HP_LOSS","seed_source_timestamp":4104872045967,"circlet_count":0,"master_deck":["AscendersBane","Strike_B","Strike_B","Defend_B","Defend_B","Defend_B","Defend_B","Zap+1","Dualcast","Rebound","Cold Snap","Beam Cell","Self Repair+1","Go for the Eyes+1","Force Field","Undo","Steam","Barrage","Multi-Cast+1","Streamline","Ball Lightning"],"relics":["Cracked Core","Calipers","Lantern","Frozen Egg 2","Pen Nib","Snecko Eye","Membership Card","Shuriken","PreservedInsect"],"potions_floor_usage":[6,16,16,24],"damage_taken":[{"damage":0,"enemies":"2 Louse","floor":1,"turns":4},{"damage":12,"enemies":"Small Slimes","floor":2,"turns":3},{"damage":4,"enemies":"Jaw Worm","floor":4,"turns":3},{"damage":21,"enemies":"Lagavulin","floor":6,"turns":5},{"damage":0,"enemies":"Exordium Wildlife","floor":8,"turns":4},{"damage":0,"enemies":"Red Slaver","floor":11,"turns":3},{"damage":3,"enemies":"Blue Slaver","floor":12,"turns":3},{"damage":34,"enemies":"Hexaghost","floor":16,"turns":10},{"damage":13,"enemies":"Spheric Guardian","floor":18,"turns":4},{"damage":7,"enemies":"Colosseum Slavers","floor":22,"turns":7},{"damage":48,"enemies":"Slavers","floor":24,"turns":11},{"damage":17,"enemies":"Shell Parasite","floor":27,"turns":3}],"seed_played":"-3483184706956565429","potions_obtained":[{"floor":8,"key":"Poison Potion"},{"floor":11,"key":"LiquidBronze"},{"floor":18,"key":"Fire Potion"}],"is_trial":false,"path_per_floor":["M","M","?","M","$","E","R","M","T","R","M","M","?","$","R","B",null,"M","$","?","?","?","R","E","?","T","M"],"character_chosen":"DEFECT","items_purchased":["PowerPotion","Barrage","Membership Card"],"campfire_rested":1,"item_purchase_floors":[5,14,19],"current_hp_per_floor":[68,56,53,49,49,28,48,58,58,58,68,68,68,68,68,34,60,47,47,47,47,50,50,12,12,12,0],"gold":91,"neow_bonus":"ONE_RARE_RELIC","is_prod":false,"is_daily":false,"chose_seed":false,"campfire_upgraded":3,"win_rate":0,"timestamp":1546309238,"path_taken":["M","M","?","M","$","E","R","M","T","R","M","M","?","$","R","BOSS","M","$","?","?","?","R","E","?","T","M"],"build_version":"2018-12-25","purchased_purges":0,"victory":false,"max_hp_per_floor":[68,68,68,68,68,68,68,68,68,68,68,68,68,68,68,68,68,68,68,68,68,68,68,68,68,68,68],"card_choices":[{"not_picked":["Steam","Aggregate"],"picked":"Rebound","floor":1},{"not_picked":["Streamline","Hello World"],"picked":"Cold Snap","floor":2},{"not_picked":["Turbo","Rebound"],"picked":"Beam Cell","floor":4},{"not_picked":["Chaos","Reprogram"],"picked":"Self Repair","floor":6},{"not_picked":["Loop+1","BootSequence"],"picked":"Go for the Eyes","floor":8},{"not_picked":["Recycle","Steam Power"],"picked":"Force Field","floor":11},{"not_picked":["Stack","Ball Lightning"],"picked":"Undo","floor":12},{"not_picked":["Meteor Strike","Hyperbeam"],"picked":"Multi-Cast","floor":16},{"not_picked":["Hologram","Redo"],"picked":"Streamline","floor":18},{"not_picked":["Cold Snap","Turbo"],"picked":"Ball Lightning","floor":24}],"player_experience":1124166,"relics_obtained":[{"floor":6,"key":"Frozen Egg 2"},{"floor":9,"key":"Pen Nib"},{"floor":24,"key":"Shuriken"},{"floor":26,"key":"PreservedInsect"}],"event_choices":[{"damage_healed":0,"gold_gain":0,"player_choice":"Success","damage_taken":3,"relics_obtained":["Lantern"],"max_hp_gain":0,"max_hp_loss":0,"event_name":"Scrap Ooze","floor":3,"gold_loss":0},{"damage_healed":0,"gold_gain":0,"cards_transformed":["Strike_B"],"player_choice":"Change","damage_taken":0,"max_hp_gain":0,"max_hp_loss":0,"event_name":"Living Wall","floor":13,"gold_loss":0,"cards_obtained":["Steam"]},{"damage_healed":0,"gold_gain":99,"player_choice":"Stole From Cult","damage_taken":0,"max_hp_gain":0,"max_hp_loss":0,"event_name":"Nest","floor":21,"gold_loss":0},{"damage_healed":0,"gold_gain":0,"player_choice":"Fight","damage_taken":0,"max_hp_gain":0,"max_hp_loss":0,"event_name":"Colosseum","floor":22,"gold_loss":0},{"damage_healed":0,"gold_gain":0,"player_choice":"Fled From Nobs","damage_taken":0,"max_hp_gain":0,"max_hp_loss":0,"event_name":"Colosseum","floor":22,"gold_loss":0},{"cards_removed":["Strike_B"],"damage_healed":0,"gold_gain":0,"player_choice":"Gave Gold","damage_taken":0,"max_hp_gain":0,"max_hp_loss":0,"event_name":"Beggar","floor":25,"gold_loss":75}],"is_beta":true,"boss_relics":[{"not_picked":["Orrery","Ectoplasm"],"picked":"Snecko Eye"}],"items_purged_floors":[],"is_endless":false,"potions_floor_spawned":[8,11,18],"killed_by":"Shell Parasite","ascension_level":13}