{"gold_per_floor":[18,18,32,46,46,81,99,27,50,63,75,75,140,120,120,217,217,234,247,266,296,70,70,70,70,70,18,38,38,48,3,3,3],"floor_reached":33,"playtime":1426,"items_purged":["Strike_B"],"score":408,"play_id":"e4858d02-36ce-45be-a4da-54a51ea4c0f3","local_time":"20181202150123","is_ascension_mode":true,"campfire_choices":[{"floor":12,"key":"RECALL"},{"floor":15,"key":"REST"},{"floor":23,"key":"REST"},{"floor":29,"key":"REST"},{"floor":32,"key":"REST"}],"neow_cost":"NO_GOLD","seed_source_timestamp":1453951100616760,"circlet_count":0,"master_deck":["AscendersBane","Defend_B+1","Defend_B","Defend_B","Defend_B","Zap","Dualcast","Electrodynamics","Cold Snap+1","Tempest","Gash","Cold Snap","Steam","Capacitor","Biased Cognition","Defragment","Tempest","Echo Form","Stack+1","Leap","BootSequence+1","Compile Driver","Bite","Bite","Bite","Bite","Bite","Steam","Gash+1","Sunder","Conserve Battery"],"relics":["Cracked Core","Lantern","Potion Belt","Velvet Choker","Red Mask","DataDisk"],"potions_floor_usage":[10,16,21,21,33],"damage_taken":[{"damage":0,"enemies":"Small Slimes","floor":1,"turns":2},{"damage":0,"enemies":"Cultist","floor":3,"turns":4},{"damage":7,"enemies":"Jaw Worm","floor":4,"turns":3},{"damage":7,"enemies":"3 Sentries","floor":6,"turns":3},{"damage":2,"enemies":"Blue Slaver","floor":7,"turns":4},{"damage":1,"enemies":"Looter","floor":10,"turns":3},{"damage":1,"enemies":"Red Slaver","floor":11,"turns":3},{"damage":5,"enemies":"Gremlin Nob","floor":13,"turns":4},{"damage":35,"enemies":"The Guardian","floor":16,"turns":11},{"damage":6,"enemies":"Chosen","floor":18,"turns":3},{"damage":27,"enemies":"Shell Parasite","floor":19,"turns":5},{"damage":20,"enemies":"Snecko","floor":20,"turns":5},{"damage":10,"enemies":"Masked Bandits","floor":21,"turns":3},{"damage":0,"enemies":"Centurion and Healer","floor":28,"turns":4},{"damage":16,"enemies":"Cultist and Chosen","floor":30,"turns":4},{"damage":86,"enemies":"Collector","floor":33,"turns":7}],"seed_played":"7957228365395738496","potions_obtained":[{"floor":4,"key":"Block Potion"},{"floor":11,"key":"Dexterity Potion"},{"floor":13,"key":"Block Potion"},{"floor":14,"key":"LiquidBronze"},{"floor":16,"key":"Ancient Potion"},{"floor":19,"key":"Block Potion"},{"floor":25,"key":"Energy Potion"},{"floor":25,"key":"FearPotion"},{"floor":28,"key":"FocusPotion"}],"is_trial":false,"path_per_floor":["M","$","M","M","?","E","M","$","T","M","M","R","?","?","R","B",null,"M","M","M","?","$","R","?","?","T","$","M","R","M","$","R","B"],"character_chosen":"DEFECT","items_purchased":["Capacitor","DataDisk","Steam","Conserve Battery"],"campfire_rested":4,"item_purchase_floors":[8,22,27,31],"current_hp_per_floor":[68,68,68,61,46,39,39,39,39,40,41,41,38,38,60,27,63,59,34,16,8,8,30,30,30,30,30,38,60,48,48,70,0],"gold":3,"neow_bonus":"THREE_RARE_CARDS","is_prod":false,"is_daily":false,"chose_seed":false,"campfire_upgraded":0,"win_rate":0,"timestamp":1543780883,"path_taken":["M","$","M","M","?","E","M","$","T","M","M","R","?","?","R","BOSS","M","M","?","?","$","R","?","?","T","$","?","R","M","?","R","BOSS"],"build_version":"2018-11-15","purchased_purges":1,"victory":false,"max_hp_per_floor":[75,75,75,75,75,75,75,75,75,75,75,75,75,75,75,75,75,75,75,75,75,75,75,75,75,75,75,75,75,75,75,75,75],"card_choices":[{"not_picked":["Thunder Strike","Seek"],"picked":"Electrodynamics","floor":0},{"not_picked":["Chill","Go for the Eyes"],"picked":"Cold Snap","floor":1},{"not_picked":["Lockon","Hologram"],"picked":"Tempest","floor":3},{"not_picked":["Rip and Tear","Doom and Gloom"],"picked":"Gash","floor":4},{"not_picked":["FTL","Skim"],"picked":"Cold Snap","floor":6},{"not_picked":["Stack","Redo"],"picked":"Steam","floor":7},{"not_picked":["White Noise","Stack"],"picked":"Biased Cognition","floor":10},{"not_picked":["Force Field","Chill"],"picked":"Defragment","floor":11},{"not_picked":["Force Field","Barrage"],"picked":"Tempest","floor":13},{"not_picked":["Amplify","Electrodynamics"],"picked":"Echo Form","floor":16},{"not_picked":["Coolheaded","Genetic Algorithm"],"picked":"Stack+1","floor":18},{"not_picked":["Scrape","Go for the Eyes"],"picked":"Leap","floor":19},{"not_picked":["Recycle","Barrage"],"picked":"BootSequence+1","floor":20},{"not_picked":["Conserve Battery","Scrape"],"picked":"Compile Driver","floor":21},{"not_picked":["Electrodynamics","Barrage"],"picked":"Gash+1","floor":28},{"not_picked":["Lockon","Rip and Tear"],"picked":"Sunder","floor":30}],"player_experience":930970,"relics_obtained":[{"floor":6,"key":"Blood Vial"},{"floor":9,"key":"Lantern"},{"floor":13,"key":"Potion Belt"},{"floor":21,"key":"Red Mask"}],"event_choices":[{"damage_healed":0,"gold_gain":0,"player_choice":"Entered Light","damage_taken":15,"max_hp_gain":0,"max_hp_loss":0,"event_name":"Shining Light","floor":5,"gold_loss":0,"cards_upgraded":["Defend_B","Cold Snap"]},{"damage_healed":0,"gold_gain":0,"player_choice":"Searched \u00271\u0027 times","damage_taken":0,"max_hp_gain":0,"max_hp_loss":0,"event_name":"Dead Adventurer","floor":13,"gold_loss":0},{"damage_healed":0,"gold_gain":0,"player_choice":"Bought 1 Potion","damage_taken":0,"max_hp_gain":0,"max_hp_loss":0,"event_name":"The Woman in Blue","floor":14,"gold_loss":0},{"damage_healed":0,"gold_gain":0,"player_choice":"Fought Bandits","damage_taken":0,"max_hp_gain":0,"max_hp_loss":0,"event_name":"Masked Bandits","floor":21,"gold_loss":0},{"damage_healed":0,"gold_gain":0,"player_choice":"Became a vampire (Vial)","damage_taken":0,"max_hp_gain":0,"max_hp_loss":0,"event_name":"Vampires","floor":24,"relics_lost":["Blood Vial"],"gold_loss":0,"cards_obtained":["Bite","Bite","Bite","Bite","Bite"]},{"damage_healed":0,"gold_gain":0,"player_choice":"Got Potions","damage_taken":0,"max_hp_gain":0,"max_hp_loss":0,"event_name":"Lab","floor":25,"gold_loss":0}],"is_beta":true,"boss_relics":[{"not_picked":["Astrolabe","Runic Pyramid"],"picked":"Velvet Choker"}],"items_purged_floors":[22],"is_endless":false,"potions_floor_spawned":[4,11,13,16,19,20,28],"killed_by":"Collector","ascension_level":11}