{"path_per_floor":["M","M","?","M","M","E","R","$","T","M","M","M","R","E","R","B",null,"M","M","M","$"],"character_chosen":"THE_SILENT","items_purchased":["Burst","Infinite Blades","Flying Knee","Endless Agony"],"gold_per_floor":[113,133,208,221,232,263,263,1,1,15,32,48,48,79,79,184,184,195,177,192,13],"floor_reached":22,"campfire_rested":1,"playtime":2109,"current_hp_per_floor":[70,70,59,59,59,48,48,48,48,44,43,33,54,46,46,46,70,70,40,16,16],"items_purged":["Strike_G","Strike_G"],"gold":13,"score":250,"play_id":"07da6150-03d9-49c0-ac3d-e33e579b5ed2","is_prod":false,"is_daily":false,"is_ascension_mode":false,"campfire_upgraded":2,"path_taken":["M","M","?","?","M","E","R","$","T","M","M","M","R","E","R","BOSS","M","M","M","$","?"],"build_version":"2018-02-15-PROD1","purchased_purges":2,"victory":false,"master_deck":["Defend_G","Defend_G","Defend_G","Defend_G","Defend_G","Strike_G","Strike_G","Strike_G","Survivor","Neutralize+1","Infinite Blades+1","Dash","Flying Knee","Deflect","Quick Slash","Burst","Infinite Blades","Flying Knee","Well Laid Plans","Slice","Outmaneuver","Predator","Burst","Poisoned Stab+1","Acrobatics","Acrobatics","Endless Agony"],"max_hp_per_floor":[70,70,70,70,70,70,70,70,70,70,70,70,70,70,70,70,70,70,70,70,70],"relics":["Ring of the Snake","NeowsBlessing","Vajra","Frozen Eye","Ancient Tea Set","Sozu"],"card_choices":[{"not_picked":["Backflip","Underhanded Strike"],"picked":"Infinite Blades"},{"not_picked":["Flying Knee","Bane"],"picked":"Dash"},{"not_picked":["Finisher","Deadly Poison"],"picked":"Flying Knee"},{"not_picked":["PiercingWail","Quick Slash"],"picked":"Deflect"},{"not_picked":["Prepared","Deadly Poison"],"picked":"Quick Slash"},{"not_picked":["Deadly Poison","Caltrops"],"picked":"Well Laid Plans"},{"not_picked":["Masterful Stab","Bane"],"picked":"Slice"},{"not_picked":["Slice","Dagger Throw"],"picked":"Outmaneuver"},{"not_picked":["Tactician","Dagger Throw"],"picked":"Predator"},{"not_picked":["Unload","After Image"],"picked":"Burst"},{"not_picked":["Well Laid Plans","Deadly Poison"],"picked":"Poisoned Stab"},{"not_picked":["Sucker Punch","Quick Slash"],"picked":"Acrobatics"},{"not_picked":["Prepared","Envenom"],"picked":"Acrobatics"}],"player_experience":91984,"potions_floor_usage":[6,6,16,16,16],"damage_taken":[{"damage":0,"enemies":"Jaw Worm","floor":1,"turns":1},{"damage":0,"enemies":"Cultist","floor":2,"turns":1},{"damage":0,"enemies":"Small Slimes","floor":4,"turns":1},{"damage":0,"enemies":"Looter","floor":5,"turns":4},{"damage":11,"enemies":"Lagavulin","floor":6,"turns":6},{"damage":4,"enemies":"3 Louse","floor":10,"turns":5},{"damage":1,"enemies":"Red Slaver","floor":11,"turns":3},{"damage":10,"enemies":"Gremlin Gang","floor":12,"turns":5},{"damage":8,"enemies":"3 Sentries","floor":14,"turns":6},{"damage":0,"enemies":"Slime Boss","floor":16,"turns":6},{"damage":0,"enemies":"Chosen","floor":18,"turns":4},{"damage":30,"enemies":"2 Thieves","floor":19,"turns":4},{"damage":24,"enemies":"Centurion and Healer","floor":20,"turns":8},{"damage":22,"enemies":"3 Cultists","floor":22,"turns":4}],"event_choices":[{"event_name":"World of Goop","player_choice":"Gather Gold","floor":3,"damage_taken":0}],"boss_relics":[{"not_picked":["Question Card","Calling Bell"],"picked":"Sozu"}],"potions_floor_spawned":[1,5,6,11,12,16,18,20],"seed_played":"-9105907851645614272","killed_by":"3 Cultists","ascension_level":0,"is_trial":false}