{"gold_per_floor":[12,29,29,46,46,46,72,72,72,404,417,417,433,452,452,531,531,550,314,326,340,354,354,389,389,442,474,490,500,500,529,529,602,602,620,3,13,26,248,248,278,296,343,361,377,397,497,526,526,526,526,526,526,63,90,90],"floor_reached":57,"playtime":4957,"items_purged":["Strike_R","Strike_R","Strike_R"],"score":2761,"play_id":"306e8d22-a295-4740-9243-b46ce1f8a75e","local_time":"20190115183147","is_ascension_mode":true,"campfire_choices":[{"data":"Carnage","floor":6.0,"key":"SMITH"},{"floor":8.0,"key":"REST"},{"data":"Fiend Fire","floor":12.0,"key":"SMITH"},{"data":"Flame Barrier","floor":15.0,"key":"SMITH"},{"data":"Feel No Pain","floor":23.0,"key":"SMITH"},{"data":"Limit Break","floor":30.0,"key":"SMITH"},{"floor":32.0,"key":"REST"},{"floor":40.0,"key":"RECALL"},{"data":"Evolve","floor":49.0,"key":"SMITH"},{"floor":53.0,"key":"REST"}],"neow_cost":"NO_GOLD","seed_source_timestamp":305631053226,"circlet_count":0,"master_deck":["AscendersBane","Defend_R","Defend_R","Defend_R","Defend_R","Bash+1","Spot Weakness","Flame Barrier+1","Disarm","Corruption","Carnage+1","Headbutt","Fiend Fire+1","Evolve+1","Juggernaut","Uppercut","Limit Break+1","Feel No Pain+1","Entrench","Sword Boomerang+1","Pummel+1","Uppercut+1","Impervious","Ghostly Armor","Power Through","Shrug It Off","Power Through+1","Feel No Pain","Flame Barrier","Limit Break","Shrug It Off+1","Entrench","Sentinel","Shrug It Off","Dark Shackles","Rage","Shrug It Off"],"special_seed":0,"relics":["Burning Blood","Self Forming Clay","Vajra","Orichalcum","Old Coin","Snecko Eye","Bag of Marbles","The Courier","Regal Pillow","PreservedInsect","Red Mask","Sozu","Bronze Scales","ClockworkSouvenir","Art of War","Lantern","Mango","Omamori","Happy Flower","Red Skull"],"potions_floor_usage":[56],"damage_taken":[{"damage":0.0,"enemies":"Small Slimes","floor":1.0,"turns":4.0},{"damage":0.0,"enemies":"2 Louse","floor":2.0,"turns":6.0},{"damage":7.0,"enemies":"Jaw Worm","floor":4.0,"turns":4.0},{"damage":38.0,"enemies":"3 Sentries","floor":7.0,"turns":9.0},{"damage":2.0,"enemies":"Gremlin Nob","floor":10.0,"turns":3.0},{"damage":0.0,"enemies":"2 Fungi Beasts","floor":11.0,"turns":3.0},{"damage":8.0,"enemies":"Blue Slaver","floor":13.0,"turns":3.0},{"damage":5.0,"enemies":"Large Slime","floor":14.0,"turns":5.0},{"damage":28.0,"enemies":"Slime Boss","floor":16.0,"turns":6.0},{"damage":2.0,"enemies":"3 Byrds","floor":18.0,"turns":3.0},{"damage":0.0,"enemies":"Spheric Guardian","floor":20.0,"turns":2.0},{"damage":5.0,"enemies":"Centurion and Healer","floor":21.0,"turns":3.0},{"damage":14.0,"enemies":"3 Cultists","floor":22.0,"turns":4.0},{"damage":15.0,"enemies":"Book of Stabbing","floor":24.0,"turns":5.0},{"damage":0.0,"enemies":"Gremlin Leader","floor":27.0,"turns":2.0},{"damage":21.0,"enemies":"Shelled Parasite and Fungi","floor":28.0,"turns":3.0},{"damage":11.0,"enemies":"Sentry and Sphere","floor":29.0,"turns":4.0},{"damage":0.0,"enemies":"Masked Bandits","floor":31.0,"turns":3.0},{"damage":11.0,"enemies":"Champ","floor":33.0,"turns":8.0},{"damage":0.0,"enemies":"3 Shapes","floor":35.0,"turns":5.0},{"damage":0.0,"enemies":"Orb Walker","floor":37.0,"turns":2.0},{"damage":6.0,"enemies":"Transient","floor":38.0,"turns":6.0},{"damage":4.0,"enemies":"Nemesis","floor":41.0,"turns":5.0},{"damage":0.0,"enemies":"Spire Growth","floor":42.0,"turns":4.0},{"damage":0.0,"enemies":"Writhing Mass","floor":44.0,"turns":3.0},{"damage":11.0,"enemies":"Transient","floor":45.0,"turns":6.0},{"damage":0.0,"enemies":"Spire Growth","floor":46.0,"turns":4.0},{"damage":0.0,"enemies":"Mind Bloom Boss Battle","floor":47.0,"turns":7.0},{"damage":2.0,"enemies":"Giant Head","floor":48.0,"turns":6.0},{"damage":11.0,"enemies":"Time Eater","floor":50.0,"turns":8.0},{"damage":62.0,"enemies":"Awakened One","floor":51.0,"turns":12.0},{"damage":18.0,"enemies":"Shield and Spear","floor":55.0,"turns":7.0},{"damage":31,"enemies":"The Heart","floor":56,"turns":8}],"seed_played":"-7970544167857131658","potions_obtained":[{"floor":7.0,"key":"AttackPotion"},{"floor":13.0,"key":"SteroidPotion"},{"floor":14.0,"key":"Weak Potion"},{"floor":16.0,"key":"PowerPotion"},{"floor":24.0,"key":"SteroidPotion"},{"floor":27.0,"key":"Regen Potion"},{"floor":28.0,"key":"Explosive Potion"}],"is_trial":false,"path_per_floor":["M","M","?","M","?","R","E","R","T","E","M","R","M","M","R","B",null,"M","$","M","M","M","R","E","?","T","E","M","M","R","?","R","B",null,"M","$","M","M","?","R","E","M","T","M","M","M","?","E","R","B","B",null,"R","$","E","B",null],"character_chosen":"IRONCLAD","items_purchased":["Bag of Marbles","Bronze Scales","ClockworkSouvenir","Art of War","Power Through","Shrug It Off","Sentinel","Shrug It Off","Dark Shackles","Rage","Happy Flower"],"campfire_rested":3,"item_purchase_floors":[19,36,36,36,36,36,54,54,54,54,54],"current_hp_per_floor":[74,75,40,39,39,39,7,29,29,33,39,39,37,38,38,16,60,64,64,70,71,63,63,54,33,33,39,33,28,28,34,73,68,77,80,80,80,80,80,80,80,80,80,80,75,80,94,94,94,89,33,79,94,94,82,57],"gold":90,"neow_bonus":"TRANSFORM_TWO_CARDS","is_prod":false,"is_daily":false,"chose_seed":false,"campfire_upgraded":6,"win_rate":0,"timestamp":1547605907,"path_taken":["M","M","?","M","?","R","E","R","T","E","M","R","M","M","R","BOSS","M","$","M","M","M","R","E","?","T","E","M","M","R","?","R","BOSS","M","$","M","M","?","R","E","M","T","M","M","M","?","E","R","BOSS","BOSS","R","$","E","BOSS"],"build_version":"2019-01-14v2","purchased_purges":3,"victory":true,"max_hp_per_floor":[75,75,75,75,75,75,75,75,75,75,75,75,75,75,75,75,75,75,75,75,75,75,75,75,80,80,80,80,80,80,80,80,80,80,80,80,80,80,80,80,80,80,80,80,80,80,94,94,94,94,94,94,94,94,94,94],"card_choices":[{"not_picked":["Clothesline","Pommel Strike"],"picked":"Disarm","floor":1.0},{"not_picked":["Metallicize","Armaments"],"picked":"Corruption","floor":2.0},{"not_picked":["Headbutt","Wild Strike"],"picked":"Carnage","floor":4.0},{"not_picked":["Burning Pact","Bloodletting"],"picked":"Headbutt","floor":7.0},{"not_picked":["Pommel Strike","Sever Soul","Anger"],"picked":"SKIP","floor":10.0},{"not_picked":["Wild Strike","Carnage"],"picked":"Fiend Fire","floor":11.0},{"not_picked":["Cleave","Anger"],"picked":"Evolve","floor":13.0},{"not_picked":["Intimidate","Bloodletting","Pommel Strike"],"picked":"SKIP","floor":14.0},{"not_picked":["Fiend Fire","Dark Embrace"],"picked":"Juggernaut","floor":16.0},{"not_picked":["Clash","Wild Strike","Perfected Strike"],"picked":"SKIP","floor":18.0},{"not_picked":["Flex","Iron Wave"],"picked":"Uppercut","floor":20.0},{"not_picked":["Intimidate","Metallicize"],"picked":"Limit Break","floor":21.0},{"not_picked":["Anger","Clothesline"],"picked":"Feel No Pain","floor":22.0},{"not_picked":["Pommel Strike","Clothesline"],"picked":"Entrench","floor":24.0},{"not_picked":["Power Through","Cleave"],"picked":"Sword Boomerang+1","floor":27.0},{"not_picked":["Thunderclap","Fire Breathing+1","Wild Strike"],"picked":"SKIP","floor":28.0},{"not_picked":["Bloodletting","Havoc"],"picked":"Pummel+1","floor":29.0},{"not_picked":["Perfected Strike","Headbutt"],"picked":"Uppercut+1","floor":31.0},{"not_picked":["Juggernaut","Dark Embrace"],"picked":"Impervious","floor":33.0},{"not_picked":["Second Wind+1","Inflame"],"picked":"Ghostly Armor","floor":35.0},{"not_picked":["True Grit","Havoc+1"],"picked":"Power Through+1","floor":37.0},{"not_picked":["Headbutt","Body Slam"],"picked":"Feel No Pain","floor":38.0},{"not_picked":["Perfected Strike+1","Metallicize+1"],"picked":"Flame Barrier","floor":41.0},{"not_picked":["Spot Weakness","Cleave"],"picked":"Limit Break","floor":42.0},{"not_picked":["Anger","Cleave","Iron Wave"],"picked":"SKIP","floor":44.0},{"not_picked":["Flex+1","Dual Wield","Armaments"],"picked":"SKIP","floor":45.0},{"not_picked":["Sword Boomerang","Pummel"],"picked":"Shrug It Off+1","floor":46.0},{"not_picked":["Sword Boomerang","Pummel"],"picked":"Entrench","floor":48.0},{"not_picked":["Cleave","Wild Strike+1"],"picked":"Shrug It Off","floor":55.0}],"player_experience":1203537,"relics_obtained":[{"floor":7.0,"key":"Vajra"},{"floor":9.0,"key":"Orichalcum"},{"floor":10.0,"key":"Old Coin"},{"floor":24.0,"key":"The Courier"},{"floor":26.0,"key":"Regal Pillow"},{"floor":27.0,"key":"PreservedInsect"},{"floor":31.0,"key":"Red Mask"},{"floor":41.0,"key":"Lantern"},{"floor":47.0,"key":"Mango"},{"floor":48.0,"key":"Omamori"},{"floor":55.0,"key":"Red Skull"}],"event_choices":[{"damage_healed":0.0,"max_hp_gain":0.0,"max_hp_loss":0.0,"gold_gain":0.0,"event_name":"Scrap Ooze","player_choice":"Success","floor":3.0,"gold_loss":0.0,"damage_taken":35.0,"relics_obtained":["Self Forming Clay"]},{"damage_healed":0.0,"max_hp_gain":0.0,"max_hp_loss":0.0,"gold_gain":0.0,"event_name":"Living Wall","player_choice":"Grow","floor":5.0,"gold_loss":0.0,"damage_taken":0.0,"cards_upgraded":["Bash"]},{"damage_healed":0.0,"max_hp_gain":5.0,"max_hp_loss":0.0,"gold_gain":0.0,"event_name":"Forgotten Altar","player_choice":"Shed Blood","floor":25.0,"gold_loss":0.0,"damage_taken":26.0},{"damage_healed":0.0,"max_hp_gain":0.0,"max_hp_loss":0.0,"gold_gain":0.0,"event_name":"Masked Bandits","player_choice":"Fought Bandits","floor":31.0,"gold_loss":0.0,"damage_taken":0.0},{"damage_healed":0.0,"max_hp_gain":0.0,"max_hp_loss":0.0,"gold_gain":222.0,"event_name":"Tomb of Lord Red Mask","player_choice":"Wore Mask","floor":39.0,"gold_loss":0.0,"damage_taken":0.0},{"damage_healed":0.0,"max_hp_gain":0.0,"max_hp_loss":0.0,"gold_gain":0.0,"event_name":"MindBloom","player_choice":"Fight","floor":47.0,"gold_loss":0.0,"damage_taken":0.0}],"is_beta":true,"boss_relics":[{"not_picked":["Tiny House","Mark of Pain"],"picked":"Snecko Eye"},{"not_picked":["Runic Pyramid","Lizard Tail"],"picked":"Sozu"}],"items_purged_floors":[19,36,54],"is_endless":false,"potions_floor_spawned":[7,13,14,16,18,21,24,27,28,35,41,42,44,45,47],"ascension_level":20}