{"path_per_floor":["M","M","?","M","M","E","R","M","T","E","?","R","?","E","R"],"character_chosen":"IRONCLAD","items_purchased":[],"gold_per_floor":[119,130,130,140,155,188,188,201,201,233,198,198,273,300,300,300],"floor_reached":16,"campfire_rested":0,"playtime":544,"current_hp_per_floor":[77,80,80,79,72,70,70,70,70,51,71,71,60,50,50,0],"items_purged":[],"gold":300,"score":150,"play_id":"7594616d-88da-4406-8288-25786f3271d4","local_time":"20180414181542","is_prod":false,"is_daily":false,"chose_seed":false,"is_ascension_mode":true,"campfire_upgraded":3,"timestamp":1523744142,"path_taken":["M","M","?","M","?","E","R","M","T","E","?","R","?","E","R","BOSS"],"build_version":"2018-04-13","seed_source_timestamp":207420371904501,"purchased_purges":0,"victory":false,"master_deck":["Strike_R","Strike_R","Strike_R+1","Strike_R","Strike_R+1","Defend_R","Defend_R","Defend_R","Defend_R","Bash+1","Cleave","Metallicize","Wild Strike+1","Rage","Pommel Strike","Armaments+1","Reckless Charge","Corruption+1"],"max_hp_per_floor":[80,80,80,80,80,80,80,80,80,80,80,80,80,80,80,80],"relics":["Burning Blood","Champion Belt","Meat on the Bone","Whetstone","Happy Flower"],"card_choices":[{"not_picked":["Perfected Strike","Iron Wave"],"picked":"Cleave","floor":1},{"not_picked":["Armaments","Iron Wave"],"picked":"Metallicize","floor":2},{"not_picked":["Fire Breathing","Perfected Strike"],"picked":"Wild Strike","floor":4},{"not_picked":["Brutality","Blood for Blood"],"picked":"Rage","floor":5},{"not_picked":["Anger","Perfected Strike"],"picked":"Pommel Strike","floor":6},{"not_picked":["Havoc","Sever Soul"],"picked":"Armaments","floor":8},{"not_picked":["Entrench","Burning Pact"],"picked":"Reckless Charge","floor":10},{"not_picked":["Pommel Strike","Cleave"],"picked":"Corruption","floor":14}],"player_experience":186561,"potions_floor_usage":[1,6,6,8,10,16],"damage_taken":[{"damage":9,"enemies":"Jaw Worm","floor":1,"turns":4},{"damage":1,"enemies":"Cultist","floor":2,"turns":3},{"damage":7,"enemies":"2 Louse","floor":4,"turns":3},{"damage":13,"enemies":"Exordium Wildlife","floor":5,"turns":4},{"damage":8,"enemies":"Gremlin Nob","floor":6,"turns":3},{"damage":6,"enemies":"Large Slime","floor":8,"turns":6},{"damage":37,"enemies":"Lagavulin","floor":10,"turns":5},{"damage":16,"enemies":"Gremlin Nob","floor":14,"turns":3},{"damage":54,"enemies":"The Guardian","floor":16,"turns":8}],"event_choices":[{"event_name":"Living Wall","player_choice":"Grow","floor":3,"damage_taken":0},{"event_name":"The Cleric","player_choice":"Healed","floor":11,"damage_taken":0},{"event_name":"World of Goop","player_choice":"Gather Gold","floor":13,"damage_taken":0}],"boss_relics":[],"potions_floor_spawned":[5,8,10],"seed_played":"-6984193165097356777","killed_by":"The Guardian","ascension_level":5,"is_trial":false}