{"gold_per_floor":[109,120,120,140,155,184,184,217,240,240,293,15,29,62,62,162,162,181,181,280,280,300,300,329,7,7,7,22,52,63,94,94,196,196,216,241,257,120,140,167,193,224,261,0,27,39,77,105,117,129,141,153,39,73,73],"floor_reached":56,"playtime":2998,"items_purged":["Strike_R","Strike_R"],"score":1658,"play_id":"99832bd0-8192-4533-828d-606349117647","local_time":"20190201140511","is_ascension_mode":true,"campfire_choices":[{"data":"Sword Boomerang","floor":7.0,"key":"SMITH"},{"data":"Feed","floor":10.0,"key":"SMITH"},{"data":"Demon Form","floor":15,"key":"SMITH"},{"data":"Ghostly","floor":23,"key":"SMITH"},{"data":"Reaper","floor":27,"key":"SMITH"},{"data":"Ghostly","floor":32,"key":"SMITH"},{"data":"Offering","floor":46,"key":"SMITH"},{"floor":49,"key":"RECALL"},{"data":"Sword Boomerang","floor":52,"key":"SMITH"}],"neow_cost":"NONE","seed_source_timestamp":406125795178321,"circlet_count":0,"master_deck":["Strike_R","Strike_R","Defend_R","Defend_R","Defend_R+1","Defend_R+1","Bash","Demon Form+1","Pommel Strike","Sword Boomerang+1","Reaper+1","Blind","Entrench","Clothesline","Power Through","Pommel Strike","Feed+1","Metallicize+1","True Grit","Offering+1","Shrug It Off","Ghostly+1","Ghostly+1","Ghostly","Ghostly","Ghostly","True Grit","Cleave","Mayhem+1","Sword Boomerang+1","Shrug It Off","Twin Strike","Sword Boomerang+1","Exhume","Sword Boomerang","Headbutt+1","Intimidate","Rage","Evolve+1","Metallicize+1","Corruption+1","Shrug It Off","Pummel+1"],"special_seed":0,"relics":["Burning Blood","Frozen Egg 2","War Paint","Art of War","Tiny Chest","Bronze Scales","Philosopher\u0027s Stone","Boot","Lantern","Self Forming Clay","Happy Flower","Matryoshka","Busted Crown","Bag of Preparation","Vajra","MawBank","Potion Belt","Red Mask","Paper Frog","Gremlin Horn"],"potions_floor_usage":[16,18,31,33,40,50,50,55,55,55],"damage_taken":[{"damage":6.0,"enemies":"Cultist","floor":1.0,"turns":4.0},{"damage":4.0,"enemies":"Jaw Worm","floor":2.0,"turns":3.0},{"damage":16.0,"enemies":"Small Slimes","floor":4.0,"turns":3.0},{"damage":6.0,"enemies":"2 Fungi Beasts","floor":5.0,"turns":4.0},{"damage":16.0,"enemies":"Gremlin Nob","floor":6.0,"turns":5.0},{"damage":35.0,"enemies":"Lagavulin","floor":8.0,"turns":8.0},{"damage":14.0,"enemies":"3 Louse","floor":13.0,"turns":7.0},{"damage":16,"enemies":"Gremlin Nob","floor":14,"turns":4},{"damage":15,"enemies":"The Guardian","floor":16,"turns":12},{"damage":12,"enemies":"3 Byrds","floor":18,"turns":3},{"damage":7,"enemies":"Shell Parasite","floor":22,"turns":5},{"damage":4,"enemies":"Slavers","floor":24,"turns":6},{"damage":6,"enemies":"Sentry and Sphere","floor":28,"turns":6},{"damage":1,"enemies":"Gremlin Leader","floor":29,"turns":7},{"damage":0,"enemies":"Snecko","floor":30,"turns":6},{"damage":8,"enemies":"Book of Stabbing","floor":31,"turns":5},{"damage":16,"enemies":"Collector","floor":33,"turns":8},{"damage":6,"enemies":"3 Shapes","floor":35,"turns":5},{"damage":2,"enemies":"Orb Walker","floor":37,"turns":4},{"damage":3,"enemies":"Sphere and 2 Shapes","floor":39,"turns":5},{"damage":23,"enemies":"Reptomancer","floor":40,"turns":7},{"damage":19,"enemies":"4 Shapes","floor":41,"turns":6},{"damage":7,"enemies":"Transient","floor":42,"turns":5},{"damage":0,"enemies":"3 Darklings","floor":45,"turns":5},{"damage":16,"enemies":"Nemesis","floor":47,"turns":7},{"damage":15,"enemies":"Writhing Mass","floor":48,"turns":7},{"damage":36,"enemies":"Donu and Deca","floor":50,"turns":8},{"damage":16,"enemies":"Shield and Spear","floor":54,"turns":8},{"damage":12,"enemies":"The Heart","floor":55,"turns":7}],"seed_played":"3529012539045434556","potions_obtained":[{"floor":2.0,"key":"Weak Potion"},{"floor":4.0,"key":"Regen Potion"},{"floor":5.0,"key":"LiquidBronze"},{"floor":13.0,"key":"Explosive Potion"},{"floor":14,"key":"SkillPotion"},{"floor":22,"key":"Strength Potion"},{"floor":29,"key":"FearPotion"},{"floor":30,"key":"SkillPotion"},{"floor":31,"key":"Strength Potion"},{"floor":33,"key":"Weak Potion"},{"floor":45,"key":"BloodPotion"},{"floor":47,"key":"PowerPotion"},{"floor":48,"key":"Ancient Potion"}],"is_trial":false,"path_per_floor":["M","M","?","M","M","E","R","E","T","R","?","$","M","E","R","B",null,"M","?","?","?","M","R","E","$","T","R","M","E","M","E","R","B",null,"M","T","M","$","M","E","M","M","T","?","M","R","E","M","R","B",null,"R","$","E","B",null],"character_chosen":"IRONCLAD","items_purchased":["Metallicize+1","Tiny Chest","Lantern","Mayhem+1","Intimidate","Corruption+1","Shrug It Off"],"campfire_rested":0,"item_purchase_floors":[12,12,25,25,38,53,53],"current_hp_per_floor":[72,74,74,64,67,57,57,45,45,45,45,45,47,37,37,54,80,78,46,46,46,45,45,46,46,46,46,46,46,50,52,52,54,54,62,62,62,62,62,62,62,61,61,61,66,66,59,50,50,39,59,59,59,53,54],"gold":73,"neow_bonus":"ONE_RANDOM_RARE_CARD","is_prod":false,"is_daily":false,"chose_seed":false,"campfire_upgraded":8,"win_rate":0,"timestamp":1549047911,"path_taken":["M","M","?","M","?","E","R","E","T","R","?","$","M","E","R","BOSS","M","?","?","?","M","R","E","$","T","R","?","E","M","E","R","BOSS","M","?","M","$","M","E","?","M","T","?","M","R","E","M","R","BOSS","R","$","E","BOSS"],"build_version":"2019-01-23","purchased_purges":2,"victory":true,"max_hp_per_floor":[80,80,80,80,80,80,80,80,80,80,80,80,84,84,84,88,88,92,46,46,46,46,46,46,46,46,46,46,46,50,54,54,54,54,62,62,62,62,62,62,66,66,66,66,66,66,66,66,66,66,66,66,66,70,70],"card_choices":[{"not_picked":["Heavy Blade","Sword Boomerang"],"picked":"Pommel Strike","floor":1.0},{"not_picked":["Spot Weakness","Heavy Blade"],"picked":"Sword Boomerang","floor":2.0},{"not_picked":["Hemokinesis","Heavy Blade"],"picked":"Clothesline","floor":4.0},{"not_picked":["Clothesline","Sentinel"],"picked":"Power Through","floor":5.0},{"not_picked":["Clash","Clothesline"],"picked":"Pommel Strike","floor":6.0},{"not_picked":["True Grit","Iron Wave"],"picked":"Feed","floor":8.0},{"not_picked":["Sword Boomerang","Bloodletting"],"picked":"True Grit","floor":13.0},{"not_picked":["Perfected Strike","Rupture+1","Iron Wave"],"picked":"SKIP","floor":14},{"not_picked":["Brutality+1","Immolate"],"picked":"Offering","floor":16},{"not_picked":["Pummel+1","Clothesline+1"],"picked":"Shrug It Off","floor":18},{"not_picked":["Thunderclap+1","Searing Blow"],"picked":"True Grit","floor":22},{"not_picked":["Clothesline","Pommel Strike"],"picked":"Cleave","floor":24},{"not_picked":["Wild Strike","Anger"],"picked":"Sword Boomerang","floor":28},{"not_picked":["Combust+1","Flame Barrier"],"picked":"Shrug It Off","floor":29},{"not_picked":["Brutality+1","Cleave"],"picked":"Twin Strike","floor":30},{"not_picked":["Anger+1","Second Wind"],"picked":"Sword Boomerang+1","floor":31},{"not_picked":["Feed","Fiend Fire"],"picked":"Exhume","floor":33},{"not_picked":[],"picked":"Sword Boomerang","floor":35},{"not_picked":[],"picked":"Headbutt+1","floor":37},{"not_picked":["Anger+1"],"picked":"SKIP","floor":39},{"not_picked":[],"picked":"Rage","floor":40},{"not_picked":[],"picked":"Evolve+1","floor":41},{"not_picked":["Havoc"],"picked":"SKIP","floor":42},{"not_picked":[],"picked":"Metallicize+1","floor":45},{"not_picked":["Ghostly Armor"],"picked":"SKIP","floor":47},{"not_picked":["Ghostly Armor"],"picked":"SKIP","floor":48},{"not_picked":[],"picked":"Pummel+1","floor":54}],"player_experience":1348745,"relics_obtained":[{"floor":6.0,"key":"Frozen Egg 2"},{"floor":8.0,"key":"War Paint"},{"floor":9.0,"key":"Art of War"},{"floor":14,"key":"Bronze Scales"},{"floor":24,"key":"Boot"},{"floor":26,"key":"Self Forming Clay"},{"floor":29,"key":"Happy Flower"},{"floor":31,"key":"Matryoshka"},{"floor":36,"key":"Bag of Preparation"},{"floor":36,"key":"Vajra"},{"floor":40,"key":"MawBank"},{"floor":43,"key":"Potion Belt"},{"floor":47,"key":"Paper Frog"},{"floor":54,"key":"Gremlin Horn"}],"event_choices":[{"damage_healed":0.0,"max_hp_gain":0.0,"max_hp_loss":0.0,"gold_gain":0.0,"event_name":"Match and Keep!","player_choice":"3 cards matched","floor":3.0,"gold_loss":0.0,"damage_taken":0.0,"cards_obtained":["Reaper","Blind","Entrench"]},{"damage_healed":0.0,"max_hp_gain":0.0,"max_hp_loss":0.0,"gold_gain":53.0,"event_name":"Golden Wing","player_choice":"Gained Gold","floor":11.0,"gold_loss":0.0,"damage_taken":0.0},{"damage_healed":0,"gold_gain":0,"player_choice":"Became a Ghost","damage_taken":0,"max_hp_gain":0,"max_hp_loss":46,"event_name":"Ghosts","floor":19,"gold_loss":0,"cards_obtained":["Ghostly","Ghostly","Ghostly","Ghostly","Ghostly"]},{"damage_healed":0,"gold_gain":99,"player_choice":"Stole From Cult","damage_taken":0,"max_hp_gain":0,"max_hp_loss":0,"event_name":"Nest","floor":20,"gold_loss":0},{"cards_removed":["Strike_R"],"damage_healed":0,"gold_gain":0,"player_choice":"Offered Basic","damage_taken":0,"max_hp_gain":0,"max_hp_loss":0,"event_name":"Bonfire Elementals","floor":21,"gold_loss":0},{"damage_healed":0,"gold_gain":0,"player_choice":"Paid","damage_taken":0,"relics_obtained":["Red Mask"],"max_hp_gain":0,"max_hp_loss":0,"event_name":"Tomb of Lord Red Mask","floor":44,"gold_loss":273}],"is_beta":true,"boss_relics":[{"not_picked":["Black Star","White Beast Statue"],"picked":"Philosopher\u0027s Stone"},{"not_picked":["Eternal Feather","Runic Cube"],"picked":"Busted Crown"}],"items_purged_floors":[12,38],"is_endless":false,"potions_floor_spawned":[2,4,5,13,14,22,29,30,31,33,35,45,47,48],"ascension_level":6}