{"gold_per_floor":[126,138,170,195,207,219,243,82,82,14,40,40,75,92,92,195,195,213,229,27,41,61,61,87,107,137,137,155,155,155,168,168,264,264,275,53,70,87,87,113,113,139,139,139,157,176,176,207,207,207],"floor_reached":50,"playtime":4109,"items_purged":["Pain"],"score":890,"play_id":"be8b9091-7672-4c0b-9aae-86816e590c71","local_time":"20190127160241","is_ascension_mode":true,"campfire_choices":[{"data":"Bouncing Flask","floor":6.0,"key":"SMITH"},{"data":"Leg Sweep","floor":12.0,"key":"SMITH"},{"data":"Well Laid Plans","floor":15.0,"key":"SMITH"},{"floor":23.0,"key":"REST"},{"floor":27.0,"key":"REST"},{"floor":30.0,"key":"REST"},{"data":"Night Terror","floor":32.0,"key":"SMITH"},{"floor":41.0,"key":"REST"},{"floor":44,"key":"REST"},{"floor":47,"key":"REST"},{"floor":49,"key":"RECALL"}],"neow_cost":"NONE","seed_source_timestamp":604468584432459,"circlet_count":0,"master_deck":["Defend_G","Defend_G","Defend_G","Defend_G","Defend_G","Strike_G","Strike_G","Strike_G","Strike_G","Strike_G","Survivor","Neutralize+1","Bouncing Flask+1","Quick Slash","Leg Sweep+1","Slice","Well Laid Plans+1","Backflip","Predator+1","Dagger Spray+1","Deflect","Backstab+1","Night Terror+1","Underhanded Strike+1","Backflip","Crippling Poison","Dagger Throw+1","Underhanded Strike+1","Predator+1","Leg Sweep","Acrobatics+1","After Image","Dagger Throw+1","Swift Strike+1","Reflex","Venomology","Footwork","Night Terror+1","Underhanded Strike+1","Acrobatics+1","Eviscerate+1","Choke+1","Adrenaline","Noxious Fumes+1","Parasite","Eviscerate+1","Predator+1"],"special_seed":0,"relics":["Ring of the Snake","MawBank","WarpedTongs","Molten Egg 2","Nunchaku","The Courier","HoveringKite","Potion Belt","Torii","Tiny Chest","Fusion Hammer","DollysMirror","Dream Catcher","Bag of Marbles","Dodecahedron"],"potions_floor_usage":[48,50,50,50,50],"damage_taken":[{"damage":2.0,"enemies":"2 Louse","floor":1.0,"turns":5.0},{"damage":0.0,"enemies":"Cultist","floor":3.0,"turns":4.0},{"damage":0.0,"enemies":"Small Slimes","floor":4.0,"turns":3.0},{"damage":2.0,"enemies":"Blue Slaver","floor":7.0,"turns":4.0},{"damage":13.0,"enemies":"3 Sentries","floor":11.0,"turns":9.0},{"damage":2.0,"enemies":"Lagavulin","floor":13.0,"turns":6.0},{"damage":1.0,"enemies":"2 Fungi Beasts","floor":14.0,"turns":3.0},{"damage":0.0,"enemies":"Hexaghost","floor":16.0,"turns":12.0},{"damage":3.0,"enemies":"3 Byrds","floor":18.0,"turns":4.0},{"damage":0.0,"enemies":"2 Thieves","floor":19.0,"turns":3.0},{"damage":10.0,"enemies":"3 Cultists","floor":21.0,"turns":5.0},{"damage":4.0,"enemies":"Centurion and Healer","floor":22.0,"turns":5.0},{"damage":22.0,"enemies":"Book of Stabbing","floor":24.0,"turns":5.0},{"damage":15.0,"enemies":"Shelled Parasite and Fungi","floor":25.0,"turns":4.0},{"damage":7.0,"enemies":"Snake Plant","floor":28.0,"turns":3.0},{"damage":15.0,"enemies":"Cultist and Chosen","floor":31.0,"turns":6.0},{"damage":44.0,"enemies":"Champ","floor":33.0,"turns":11.0},{"damage":2.0,"enemies":"Orb Walker","floor":35.0,"turns":4.0},{"damage":1.0,"enemies":"3 Shapes","floor":37.0,"turns":5.0},{"damage":15.0,"enemies":"Sphere and 2 Shapes","floor":38.0,"turns":8.0},{"damage":0.0,"enemies":"4 Shapes","floor":39.0,"turns":3.0},{"damage":3.0,"enemies":"Nemesis","floor":40.0,"turns":9.0},{"damage":22,"enemies":"Reptomancer","floor":42,"turns":7},{"damage":1,"enemies":"Maw","floor":45,"turns":9},{"damage":23,"enemies":"Writhing Mass","floor":46,"turns":8},{"damage":0,"enemies":"Nemesis","floor":48,"turns":1},{"damage":71,"enemies":"Time Eater","floor":50,"turns":16}],"seed_played":"9188836748995985902","potions_obtained":[{"floor":3.0,"key":"Strength Potion"},{"floor":4.0,"key":"EssenceOfSteel"},{"floor":11.0,"key":"PowerPotion"},{"floor":14.0,"key":"AttackPotion"},{"floor":16.0,"key":"GhostInAJar"},{"floor":21.0,"key":"AttackPotion"},{"floor":24.0,"key":"Swift Potion"},{"floor":25.0,"key":"Explosive Potion"},{"floor":37.0,"key":"SpeedPotion"},{"floor":46,"key":"Regen Potion"}],"is_trial":false,"path_per_floor":["M","?","M","M","?","R","M","$","T","$","E","R","E","M","R","B",null,"M","M","$","M","M","R","E","M","T","R","M","?","R","M","R","B",null,"M","$","M","M","M","E","R","E","T","R","M","M","R","E","R","B"],"character_chosen":"THE_SILENT","items_purchased":["Well Laid Plans","Backflip","Predator+1","Potion Belt","Crippling Poison","Dagger Throw+1","GhostInAJar","DollysMirror"],"campfire_rested":6,"item_purchase_floors":[8,8,10,20,20,20,36,36],"current_hp_per_floor":[61,61,61,61,61,61,59,59,59,59,46,46,44,43,43,43,63,60,60,60,50,46,67,45,30,30,51,44,44,65,50,50,6,54,52,52,51,36,36,33,54,32,32,53,52,29,50,50,50,0],"gold":207,"neow_bonus":"RANDOM_COMMON_RELIC","is_prod":false,"is_daily":false,"chose_seed":false,"campfire_upgraded":4,"win_rate":0,"timestamp":1548622961,"path_taken":["M","?","M","M","?","R","M","$","T","$","E","R","E","M","R","BOSS","M","?","$","M","M","R","E","?","T","R","M","?","R","M","R","BOSS","M","?","M","M","?","E","R","E","T","R","M","M","R","E","R","BOSS"],"build_version":"2019-01-23","purchased_purges":1,"victory":false,"max_hp_per_floor":[70,70,70,70,70,70,70,70,70,70,70,70,70,70,70,70,70,70,70,70,70,70,70,70,70,70,70,70,70,70,70,70,70,70,70,70,70,70,70,70,70,70,70,70,70,70,70,70,70,70],"card_choices":[{"not_picked":["Dodge and Roll","Flying Knee"],"picked":"Bouncing Flask","floor":1.0},{"not_picked":["Sucker Punch","Riddle With Holes"],"picked":"Quick Slash","floor":3.0},{"not_picked":["Poisoned Stab","Burst"],"picked":"Leg Sweep","floor":4.0},{"not_picked":["Poisoned Stab","Bane"],"picked":"Slice","floor":7.0},{"not_picked":["Expertise","Infinite Blades"],"picked":"Dagger Spray+1","floor":11.0},{"not_picked":["Outmaneuver","Acrobatics"],"picked":"Deflect","floor":13.0},{"not_picked":["Dash+1","Bouncing Flask"],"picked":"Backstab+1","floor":14.0},{"not_picked":["Phantasmal Killer","Envenom"],"picked":"Night Terror","floor":16.0},{"not_picked":["Quick Slash+1","Sucker Punch+1"],"picked":"Underhanded Strike+1","floor":18.0},{"not_picked":["Well Laid Plans+1","Poisoned Stab+1"],"picked":"Backflip","floor":19.0},{"not_picked":["Deflect","Noxious Fumes"],"picked":"Underhanded Strike+1","floor":21.0},{"not_picked":["Choke+1","Blade Dance"],"picked":"Predator+1","floor":22.0},{"not_picked":["Backstab+1","Slice+1"],"picked":"Leg Sweep","floor":24.0},{"not_picked":["Sucker Punch+1","Slice+1"],"picked":"Acrobatics+1","floor":25.0},{"not_picked":["Backflip+1","Sucker Punch+1"],"picked":"After Image","floor":28.0},{"not_picked":["Catalyst","Dagger Throw+1"],"picked":"Reflex","floor":31.0},{"not_picked":["Tools of the Trade","Die Die Die+1"],"picked":"Venomology","floor":33.0},{"not_picked":["Prepared+1","Slice+1"],"picked":"Footwork","floor":35.0},{"not_picked":["Deflect+1","Dodge and Roll"],"picked":"Underhanded Strike+1","floor":37.0},{"not_picked":["Distraction","Predator+1"],"picked":"Acrobatics+1","floor":38.0},{"not_picked":["Distraction","Outmaneuver+1"],"picked":"Eviscerate+1","floor":40.0},{"not_picked":["Sucker Punch+1","Deadly Poison"],"picked":"Choke+1","floor":41.0},{"not_picked":["Sucker Punch+1","Cloak And Dagger+1"],"picked":"Adrenaline","floor":42},{"not_picked":["Infinite Blades+1","Acrobatics"],"picked":"Noxious Fumes+1","floor":44},{"not_picked":["Poisoned Stab+1","Deflect","Flechettes+1"],"picked":"SKIP","floor":45},{"not_picked":["Sucker Punch+1","Deadly Poison"],"picked":"Eviscerate+1","floor":46},{"not_picked":["Bouncing Flask","Envenom"],"picked":"Predator+1","floor":48}],"player_experience":1326945,"relics_obtained":[{"floor":9.0,"key":"Molten Egg 2"},{"floor":11.0,"key":"Nunchaku"},{"floor":13.0,"key":"The Courier"},{"floor":24.0,"key":"Torii"},{"floor":26.0,"key":"Tiny Chest"},{"floor":40.0,"key":"Dream Catcher"},{"floor":42,"key":"Bag of Marbles"},{"floor":48,"key":"Dodecahedron"}],"event_choices":[{"damage_healed":0.0,"max_hp_gain":0.0,"max_hp_loss":0.0,"gold_gain":0.0,"event_name":"Living Wall","player_choice":"Grow","floor":2.0,"gold_loss":0.0,"damage_taken":0.0,"cards_upgraded":["Neutralize"]},{"damage_healed":0.0,"max_hp_gain":0.0,"max_hp_loss":0.0,"gold_gain":0.0,"event_name":"Accursed Blacksmith","player_choice":"Rummage","floor":5.0,"gold_loss":0.0,"damage_taken":0.0,"relics_obtained":["WarpedTongs"],"cards_obtained":["Pain"]},{"damage_healed":0.0,"max_hp_gain":0.0,"max_hp_loss":0.0,"gold_gain":0.0,"event_name":"Match and Keep!","player_choice":"2 cards matched","floor":29.0,"gold_loss":0.0,"damage_taken":0.0,"cards_obtained":["Dagger Throw","Swift Strike"]}],"is_beta":true,"boss_relics":[{"not_picked":["Astrolabe","Black Star"],"picked":"HoveringKite"},{"not_picked":["Runic Dome","Coffee Dripper"],"picked":"Fusion Hammer"}],"items_purged_floors":[8],"is_endless":false,"potions_floor_spawned":[3,4,11,14,16,21,24,25,37,39,46],"killed_by":"Time Eater","ascension_level":7}