{"gold_per_floor":[116,134,53,70,90,90,117,130,209,225,225,235,251,70,70,166,166,186,204,52,65,81,81,411,411,411,446,446,82,82,7,7,109,109,120,120,131,131,15,15,15],"floor_reached":41,"playtime":1846,"items_purged":["Strike_B"],"score":669,"play_id":"0e246d9e-b943-48f8-8ce4-76bf138d0461","local_time":"20180712223131","is_ascension_mode":true,"campfire_choices":[{"data":"Doom and Gloom","floor":6,"key":"SMITH"},{"floor":11,"key":"REST"},{"floor":15,"key":"REST"},{"floor":23,"key":"REST"},{"data":"Electrodynamics","floor":25,"key":"SMITH"},{"floor":28,"key":"REST"},{"data":"Darkness","floor":32,"key":"SMITH"},{"floor":40,"key":"REST"}],"neow_cost":"NONE","seed_source_timestamp":2423767251483660,"circlet_count":0,"master_deck":["Strike_B","Strike_B","Defend_B","Defend_B","Defend_B","Defend_B","Zap","Dualcast","Leap","Doom and Gloom+1","Storm","Leap","Multi-Cast","Coolheaded","Cold Snap","Darkness+1","Undo","Go for the Eyes","Electrodynamics+1","Steam","Rainbow","Compile Driver+1","BootSequence+1","Redo+1","Capacitor","Sunder","Doom and Gloom+1","Self Repair","Gash","Creative AI","Cold Snap+1","Steam+1","Steam","Gash"],"relics":["FrozenCore","Lantern","Vajra","Cables","Blood Vial","Old Coin","Matryoshka","Bag of Preparation","Membership Card","Sozu","Ginger","Orichalcum"],"potions_floor_usage":[7,8,12,19,22,33,41],"damage_taken":[{"damage":0,"enemies":"Cultist","floor":1,"turns":4},{"damage":0,"enemies":"Small Slimes","floor":2,"turns":4},{"damage":2,"enemies":"2 Louse","floor":4,"turns":3},{"damage":6,"enemies":"Exordium Wildlife","floor":5,"turns":3},{"damage":23,"enemies":"Gremlin Nob","floor":7,"turns":4},{"damage":3,"enemies":"Exordium Thugs","floor":8,"turns":3},{"damage":7,"enemies":"3 Louse","floor":10,"turns":4},{"damage":7,"enemies":"Gremlin Gang","floor":12,"turns":2},{"damage":4,"enemies":"Blue Slaver","floor":13,"turns":3},{"damage":31,"enemies":"The Guardian","floor":16,"turns":9},{"damage":7,"enemies":"Chosen","floor":18,"turns":6},{"damage":18,"enemies":"3 Byrds","floor":19,"turns":5},{"damage":9,"enemies":"Snecko","floor":21,"turns":4},{"damage":17,"enemies":"Cultist and Chosen","floor":22,"turns":6},{"damage":0,"enemies":"Gremlin Leader","floor":24,"turns":8},{"damage":22,"enemies":"Slavers","floor":27,"turns":6},{"damage":42,"enemies":"Automaton","floor":33,"turns":9},{"damage":37,"enemies":"3 Darklings","floor":35,"turns":4},{"damage":8,"floor":36,"turns":6},{"damage":9,"enemies":"Orb Walker","floor":37,"turns":3},{"damage":100,"enemies":"Giant Head","floor":41,"turns":9}],"seed_played":"-6017172356005116608","potions_obtained":[{"floor":2,"key":"Poison Potion"},{"floor":4,"key":"Dexterity Potion"},{"floor":7,"key":"EssenceOfSteel"},{"floor":16,"key":"Poison Potion"},{"floor":21,"key":"Fruit Juice"},{"floor":24,"key":"Energy Potion"},{"floor":27,"key":"SpeedPotion"}],"is_trial":false,"path_per_floor":["M","M","$","M","M","R","E","M","T","M","R","M","M","$","R","B",null,"M","M","$","M","M","R","E","R","T","E","R","$","?","?","R","B",null,"M","?","M","?","$","R"],"character_chosen":"DEFECT","items_purchased":["Storm","Electrodynamics","Steam","Blood Vial","Membership Card","Self Repair","Gash","Orichalcum"],"campfire_rested":5,"item_purchase_floors":[3,14,14,20,29,29,29,39],"current_hp_per_floor":[75,75,75,73,67,67,44,41,41,34,56,49,45,45,67,36,75,68,50,50,43,33,57,59,59,59,39,63,63,63,63,63,30,80,43,44,44,44,44,68,0],"gold":15,"neow_bonus":"RANDOM_COMMON_RELIC","is_prod":false,"is_daily":false,"chose_seed":false,"campfire_upgraded":3,"win_rate":0,"timestamp":1531449091,"path_taken":["M","M","$","M","M","R","E","M","T","M","R","M","M","$","R","BOSS","M","M","?","?","M","R","E","R","T","E","R","$","?","?","R","BOSS","M","?","M","?","$","R","E"],"build_version":"2018-07-12","purchased_purges":1,"victory":false,"max_hp_per_floor":[75,75,75,75,75,75,75,75,75,75,75,75,75,75,75,75,75,75,75,75,75,80,80,80,80,80,80,80,80,80,80,80,80,80,80,80,80,80,80,80,80],"card_choices":[{"not_picked":["Turbo","Hologram"],"picked":"Leap","floor":1},{"not_picked":["Leap","Ball Lightning"],"picked":"Doom and Gloom","floor":2},{"not_picked":["Ball Lightning","Reprogram"],"picked":"Leap","floor":4},{"not_picked":["Stack","Turbo"],"picked":"Multi-Cast","floor":5},{"not_picked":["Sweeping Beam","Rip and Tear"],"picked":"Coolheaded","floor":7},{"not_picked":["Reprogram","Gash"],"picked":"Cold Snap","floor":8},{"not_picked":["Streamline","Fusion"],"picked":"Darkness","floor":10},{"not_picked":["Skim","Tempest"],"picked":"Undo","floor":12},{"not_picked":["Stack","Reprogram"],"picked":"Go for the Eyes","floor":13},{"not_picked":["Amplify","Reboot"],"picked":"Rainbow","floor":16},{"not_picked":["Redo","Leap+1"],"picked":"Compile Driver+1","floor":18},{"not_picked":["Barrage","Beam Cell+1"],"picked":"BootSequence+1","floor":19},{"not_picked":["Gash","Barrage"],"picked":"Redo+1","floor":21},{"not_picked":["Electrodynamics","Conserve Battery"],"picked":"Capacitor","floor":22},{"not_picked":["Redo","Coolheaded"],"picked":"Sunder","floor":24},{"not_picked":["Ball Lightning","Sunder"],"picked":"Doom and Gloom+1","floor":27},{"not_picked":["Meteor Strike","Seek"],"picked":"Creative AI","floor":33},{"not_picked":["Blizzard+1","Chill"],"picked":"Cold Snap+1","floor":35},{"not_picked":["Leap+1","Double Energy"],"picked":"Steam+1","floor":36},{"not_picked":["Go for the Eyes","Cold Snap"],"picked":"Steam","floor":37}],"player_experience":548656,"relics_obtained":[{"floor":7,"key":"Vajra"},{"floor":9,"key":"Cables"},{"floor":24,"key":"Old Coin"},{"floor":26,"key":"Matryoshka"},{"floor":27,"key":"Bag of Preparation"},{"floor":36,"key":"Ginger"}],"event_choices":[{"event_name":"Addict","player_choice":"Ignored","floor":30,"damage_taken":0},{"event_name":"Beggar","player_choice":"Gave Gold","floor":31,"damage_taken":0},{"event_name":"MindBloom","player_choice":"Fight","floor":36,"damage_taken":0},{"event_name":"Duplicator","player_choice":"One dupe","floor":38,"damage_taken":0}],"boss_relics":[{"not_picked":["Snecko Eye","Inserter"],"picked":"FrozenCore"},{"not_picked":["Coffee Dripper","Velvet Choker"],"picked":"Sozu"}],"items_purged_floors":[29],"is_endless":false,"potions_floor_spawned":[2,4,7,16,21,24,27,35,36,37],"killed_by":"Giant Head","ascension_level":2}