{"path_per_floor":["M","?","?","T","M","R","E","R","T","M","R","M","M","E","R","B",null,"M","?","$","M","?","E","?","R","T","?","?","R","M","M","R"],"character_chosen":"IRONCLAD","items_purchased":["Corruption","Rampage","Whetstone"],"gold_per_floor":[110,110,110,162,185,185,225,225,225,249,249,270,294,334,334,453,453,474,474,97,115,115,150,65,65,65,65,65,65,80,98,98],"floor_reached":33,"campfire_rested":1,"playtime":2142,"current_hp_per_floor":[80,64,64,64,70,70,76,76,76,74,74,75,76,67,67,28,80,80,80,80,69,69,58,58,58,58,58,58,80,71,80,80],"items_purged":["Injury"],"gold":98,"score":298,"play_id":"420d8281-70b3-49de-b83f-c1f85179e476","is_prod":false,"is_daily":false,"is_ascension_mode":false,"campfire_upgraded":6,"path_taken":["M","?","?","?","?","R","E","R","T","M","R","M","M","E","R","BOSS","M","?","$","M","?","E","?","R","T","?","?","R","M","M","R","BOSS"],"build_version":"2018-02-22-PROD2","purchased_purges":1,"victory":false,"master_deck":["Strike_R+1","Strike_R+1","Strike_R+1","Strike_R+1","Strike_R+1","Defend_R+1","Defend_R+1","Defend_R+1","Defend_R+1","Bash","Double Tap+1","Shrug It Off+1","Offering+1","Cleave","Iron Wave+1","Perfected Strike+1","Searing Blow","Corruption+1","Rampage","Cleave","Body Slam","Seeing Red+1","Shrug It Off","Body Slam"],"max_hp_per_floor":[80,80,80,80,80,80,80,80,80,80,80,80,80,80,80,80,80,80,80,80,80,80,80,80,80,80,80,80,80,80,80,80],"relics":["Burning Blood","NeowsBlessing","Bloody Idol","Prayer Wheel","Bird Faced Urn","Dead Branch","Ginger","Lizard Tail","Juzu Bracelet","Whetstone","Shovel","Darkstone Periapt","Unceasing Top"],"card_choices":[{"not_picked":["Armaments","Headbutt"],"picked":"Double Tap"},{"not_picked":["Perfected Strike","Anger"],"picked":"Shrug It Off"},{"not_picked":["Pummel","Searing Blow"],"picked":"Offering"},{"not_picked":["Dual Wield","Armaments"],"picked":"Cleave"},{"not_picked":["Power Through","Seeing Red"],"picked":"Iron Wave"},{"not_picked":["Rupture","Limit Break"],"picked":"Perfected Strike"},{"not_picked":["Clash","Metallicize"],"picked":"Searing Blow"},{"not_picked":["Heavy Blade","Sever Soul"],"picked":"Cleave"},{"not_picked":["Pommel Strike","Heavy Blade"],"picked":"Body Slam"},{"not_picked":["Shrug It Off","Body Slam"],"picked":"Seeing Red"},{"not_picked":["Shockwave","True Grit"],"picked":"Shrug It Off"},{"not_picked":["Heavy Blade","Clothesline"],"picked":"Body Slam"}],"player_experience":215182,"potions_floor_usage":[16,16,33],"damage_taken":[{"damage":0,"enemies":"Jaw Worm","floor":1,"turns":1},{"damage":0,"enemies":"Small Slimes","floor":5,"turns":1},{"damage":0,"enemies":"Gremlin Nob","floor":7,"turns":1},{"damage":8,"enemies":"2 Louse","floor":10,"turns":3},{"damage":5,"enemies":"Blue Slaver","floor":12,"turns":3},{"damage":5,"enemies":"Exordium Thugs","floor":13,"turns":3},{"damage":15,"enemies":"3 Sentries","floor":14,"turns":5},{"damage":64,"enemies":"The Guardian","floor":16,"turns":14},{"damage":4,"enemies":"2 Thieves","floor":18,"turns":4},{"damage":17,"enemies":"Spheric Guardian","floor":21,"turns":4},{"damage":19,"enemies":"Book of Stabbing","floor":23,"turns":5},{"damage":20,"enemies":"Centurion and Healer","floor":30,"turns":5},{"damage":4,"enemies":"Snecko","floor":31,"turns":3},{"damage":166,"enemies":"Automaton","floor":33,"turns":12}],"event_choices":[{"event_name":"Shining Light","player_choice":"Entered Light","floor":2,"damage_taken":0},{"event_name":"Golden Idol","player_choice":"Take Wound","floor":3,"damage_taken":0},{"event_name":"The Mausoleum","player_choice":"Yes","floor":19,"damage_taken":0},{"event_name":"Vampires","player_choice":"Ignored","floor":22,"damage_taken":0},{"event_name":"Addict","player_choice":"Obtained Relic","floor":24,"damage_taken":0},{"event_name":"Forgotten Altar","player_choice":"Gave Idol","floor":27,"damage_taken":0},{"event_name":"Back to Basics","player_choice":"Simplicity","floor":28,"damage_taken":0}],"boss_relics":[{"not_picked":["Snecko Eye","Pandora\u0027s Box"],"picked":"Lizard Tail"}],"potions_floor_spawned":[5,14,31],"seed_played":"8498046708909972142","killed_by":"Automaton","ascension_level":0,"is_trial":false}