{"path_per_floor":["M","?","?","$","M","E","R","M","T","E","M","R","E","?","R","B",null,"M","M","M","$","?","R","E","M","T","R","M","M","R","$","R","B",null,"M","?","M","?","M","E","$","M","T","R","M","$","R","M","R","B"],"character_chosen":"IRONCLAD","items_purchased":["Shrug It Off","Flex","Mercury Hourglass"],"gold_per_floor":[19,94,94,19,33,63,63,82,156,182,194,194,228,178,178,278,278,278,278,278,29,29,29,29,29,29,29,29,29,29,29,29,29,29,29,29,29,0,0,0,0,0,0,0,0,0,0,0,0,0],"floor_reached":51,"campfire_rested":8,"playtime":3937,"current_hp_per_floor":[80,69,44,44,47,34,58,69,69,52,52,78,67,67,67,13,88,65,67,64,64,48,75,47,37,44,74,67,74,74,74,103,88,109,97,97,96,96,80,71,71,46,46,82,67,67,103,99,122,69],"items_purged":[],"gold":0,"score":567,"play_id":"ce7aa8a1-53b9-4d9a-a860-c3aa5cfa5af9","is_prod":false,"is_daily":false,"is_ascension_mode":false,"campfire_upgraded":2,"path_taken":["M","?","?","$","M","E","R","M","T","E","?","R","E","?","R","BOSS","M","M","M","$","?","R","E","M","T","R","M","M","R","$","R","BOSS","M","?","M","?","M","E","$","?","T","R","M","?","R","M","R","BOSS"],"build_version":"2018-02-22-PROD2","purchased_purges":0,"victory":true,"master_deck":["Strike_R","Strike_R","Strike_R","Defend_R","Defend_R","Bash","Fire Breathing","Shrug It Off","Flex+1","Heavy Blade","Double Tap+1","Rampage+1","Metallicize","Shrug It Off+1","Feed","Headbutt","Hemokinesis","Headbutt","Headbutt+1","Offering","Inflame","Flame Barrier+1","Battle Trance","Cleave+1","Metallicize"],"max_hp_per_floor":[80,80,80,80,80,82,82,84,84,86,88,88,88,88,88,88,88,88,88,90,90,90,90,92,94,101,101,101,103,103,103,103,103,109,114,114,117,117,120,122,122,122,122,122,122,122,122,122,122,122],"relics":["Burning Blood","Magic Flower","Singing Bowl","Bottled Tornado","Letter Opener","Thread and Needle","Ectoplasm","Mercury Hourglass","Nilry\u0027s Codex","Happy Flower","Strawberry","Orrery","Red Mask","Dream Catcher","Ice Cream"],"card_choices":[{"not_picked":["Wild Strike","Body Slam"],"picked":"Fire Breathing"},{"not_picked":["Flex","Feed"],"picked":"Heavy Blade"},{"not_picked":["Exhume","Immolate"],"picked":"Double Tap"},{"not_picked":["Wild Strike","Twin Strike"],"picked":"Rampage"},{"not_picked":["Sword Boomerang","Blood for Blood"],"picked":"Metallicize"},{"not_picked":["Pummel","Pommel Strike"],"picked":"Shrug It Off"},{"not_picked":["Reaper","Dark Embrace"],"picked":"Feed"},{"not_picked":["Rampage","Heavy Blade"],"picked":"Headbutt"},{"not_picked":["Perfected Strike","Clothesline"],"picked":"Hemokinesis"},{"not_picked":["Havoc","Body Slam"],"picked":"Headbutt"},{"not_picked":["Thunderclap","Clash"],"picked":"Headbutt"},{"not_picked":["Clash","Cleave"],"picked":"Offering"},{"not_picked":["Havoc","Clothesline"],"picked":"Inflame"},{"not_picked":["Shrug It Off","Warcry"],"picked":"Flame Barrier"},{"not_picked":["Warcry","Flame Barrier"],"picked":"Battle Trance"},{"not_picked":["Dropkick","Iron Wave"],"picked":"Cleave"},{"not_picked":["Battle Trance","Pummel"],"picked":"Metallicize"}],"player_experience":262459,"potions_floor_usage":[6,11,13,25,28,33,39,40,50,50],"damage_taken":[{"damage":0,"enemies":"Small Slimes","floor":1,"turns":3},{"damage":6,"enemies":"Jaw Worm","floor":5,"turns":3},{"damage":24,"enemies":"Gremlin Nob","floor":6,"turns":4},{"damage":0,"enemies":"Cultist","floor":8,"turns":4},{"damage":28,"enemies":"Lagavulin","floor":10,"turns":8},{"damage":11,"enemies":"Lots of Slimes","floor":11,"turns":5},{"damage":20,"enemies":"3 Sentries","floor":13,"turns":8},{"damage":63,"enemies":"The Guardian","floor":16,"turns":12},{"damage":32,"enemies":"3 Byrds","floor":18,"turns":5},{"damage":7,"enemies":"Shell Parasite","floor":19,"turns":4},{"damage":14,"enemies":"Cultist and Chosen","floor":20,"turns":5},{"damage":39,"enemies":"Book of Stabbing","floor":24,"turns":5},{"damage":21,"enemies":"Centurion and Healer","floor":25,"turns":4},{"damage":16,"enemies":"Snake Plant","floor":28,"turns":3},{"damage":4,"enemies":"Snecko","floor":29,"turns":4},{"damage":24,"enemies":"Champ","floor":33,"turns":8},{"damage":28,"enemies":"3 Shapes","floor":35,"turns":7},{"damage":15,"enemies":"Orb Walker","floor":37,"turns":4},{"damage":30,"enemies":"Sphere and 2 Shapes","floor":39,"turns":5},{"damage":29,"enemies":"2 Orb Walkers","floor":40,"turns":5},{"damage":34,"enemies":"3 Darklings","floor":42,"turns":5},{"damage":24,"enemies":"Maw","floor":45,"turns":6},{"damage":25,"enemies":"4 Shapes","floor":48,"turns":6},{"damage":62,"enemies":"Donu and Deca","floor":50,"turns":8}],"event_choices":[{"event_name":"World of Goop","player_choice":"Gather Gold","floor":2,"damage_taken":0},{"event_name":"Scrap Ooze","player_choice":"success","floor":3,"damage_taken":25},{"event_name":"The Cleric","player_choice":"Card Removal","floor":14,"damage_taken":0},{"event_name":"Cursed Tome","player_choice":"Obtained Book","floor":22,"damage_taken":0},{"event_name":"Tomb of Lord Red Mask","player_choice":"Paid","floor":38,"damage_taken":0}],"boss_relics":[{"not_picked":["Snecko Eye","Eternal Feather"],"picked":"Ectoplasm"},{"not_picked":["Runic Dome","Philosopher\u0027s Stone"],"picked":"Orrery"}],"potions_floor_spawned":[5,6,10,18,25,28,33,35,39,45],"seed_played":"-6897297414448651002","ascension_level":0,"is_trial":false}