{"path_per_floor":["M","M","M","M","?","E","?","R","T","M","M","R","M","E","R"],"character_chosen":"THE_SILENT","items_purchased":[],"gold_per_floor":[114,133,148,160,160,195,195,195,275,275,290,290,305,334,334],"floor_reached":16,"campfire_rested":2,"playtime":1800,"current_hp_per_floor":[69,68,68,68,68,24,24,45,45,43,34,34,34,12,33],"items_purged":[],"gold":334,"score":114,"play_id":"28e619a8-adb7-421a-b5fd-359c23d449cb","is_prod":false,"is_daily":false,"is_ascension_mode":false,"campfire_upgraded":1,"path_taken":["M","M","M","M","?","E","?","R","T","M","M","R","?","E","R","BOSS"],"build_version":"2018-02-15-PROD1","purchased_purges":0,"victory":false,"master_deck":["Defend_G","Defend_G","Defend_G","Defend_G","Defend_G","Strike_G","Strike_G","Strike_G","Strike_G","Strike_G","Survivor","Neutralize+1","Endless Agony","Outmaneuver+1","Flying Knee+1","PiercingWail","Acrobatics","Sucker Punch","Dodge and Roll","Blur","Terror"],"max_hp_per_floor":[70,70,70,70,70,70,70,70,70,70,70,70,70,70,70],"relics":["Ring of the Snake","Anchor","Toolbox","Gremlin Horn"],"card_choices":[{"not_picked":["Bane","Deflect"],"picked":"Endless Agony"},{"not_picked":["Sucker Punch","Poisoned Stab"],"picked":"Outmaneuver"},{"not_picked":["Bane","Caltrops"],"picked":"Flying Knee"},{"not_picked":["Outmaneuver","Slice"],"picked":"PiercingWail"},{"not_picked":["Tools of the Trade","Dodge and Roll"],"picked":"Acrobatics"},{"not_picked":["Acrobatics","Dagger Throw"],"picked":"Sucker Punch"},{"not_picked":["Deadly Poison","Deflect"],"picked":"Dodge and Roll"},{"not_picked":["Blade Dance","Dash"],"picked":"Blur"},{"not_picked":["Leg Sweep","Malaise"],"picked":"Terror"}],"player_experience":36128,"potions_floor_usage":[4,14,16,16],"damage_taken":[{"damage":1,"enemies":"2 Louse","floor":1,"turns":2},{"damage":1,"enemies":"Cultist","floor":2,"turns":4},{"damage":0,"enemies":"Small Slimes","floor":3,"turns":4},{"damage":0,"enemies":"Gremlin Gang","floor":4,"turns":8},{"damage":44,"enemies":"Gremlin Nob","floor":6,"turns":6},{"damage":2,"enemies":"Exordium Wildlife","floor":10,"turns":5},{"damage":9,"enemies":"Exordium Thugs","floor":11,"turns":7},{"damage":4,"enemies":"Blue Slaver","floor":13,"turns":4},{"damage":22,"enemies":"3 Sentries","floor":14,"turns":12},{"damage":40,"enemies":"Slime Boss","floor":16,"turns":11}],"event_choices":[{"event_name":"Upgrade Shrine","player_choice":"Upgraded","floor":5,"damage_taken":0},{"event_name":"Liars Game","player_choice":"disagreed","floor":7,"damage_taken":0}],"boss_relics":[],"potions_floor_spawned":[2,4,11,14],"seed_played":"-657851052158204738","killed_by":"Slime Boss","ascension_level":0,"is_trial":false}