{"gold_per_floor":[12,26,26,0,16,41,52,52,52,52,52,77,88,163,163,163],"floor_reached":16,"playtime":619,"items_purged":[],"score":132,"play_id":"d072b342-eda2-4aab-8a0c-2e09e3e87175","local_time":"20190104225012","is_ascension_mode":true,"campfire_choices":[{"floor":8,"key":"REST"},{"floor":10,"key":"REST"},{"floor":15,"key":"REST"}],"neow_cost":"NO_GOLD","seed_source_timestamp":355540999085636,"circlet_count":0,"master_deck":["Defend_G","Defend_G","Defend_G","Defend_G","Defend_G","Strike_G","Strike_G","Strike_G","Strike_G","Survivor","Neutralize","Night Terror","Sucker Punch","Dagger Spray","Dodge and Roll","Venomology","Slice","Footwork","Finisher","After Image","Poisoned Stab"],"relics":["Ring of the Snake","Omamori","Pear","Darkstone Periapt"],"potions_floor_usage":[6,13,16,16],"damage_taken":[{"damage":0,"enemies":"Cultist","floor":1,"turns":4},{"damage":0,"enemies":"Jaw Worm","floor":2,"turns":6},{"damage":0,"enemies":"2 Louse","floor":5,"turns":2},{"damage":38,"enemies":"Gremlin Nob","floor":6,"turns":5},{"damage":20,"enemies":"Exordium Thugs","floor":7,"turns":7},{"damage":35,"enemies":"3 Sentries","floor":12,"turns":10},{"damage":0,"enemies":"Blue Slaver","floor":13,"turns":6},{"damage":66,"enemies":"Slime Boss","floor":16,"turns":15}],"seed_played":"5648849809610077240","potions_obtained":[{"floor":6,"key":"Dexterity Potion"},{"floor":12,"key":"Energy Potion"},{"floor":13,"key":"PowerPotion"}],"is_trial":false,"path_per_floor":["M","M","$","$","M","E","M","R","T","R","?","E","M","?","R","B"],"character_chosen":"THE_SILENT","items_purchased":["Dodge and Roll"],"campfire_rested":3,"item_purchase_floors":[4],"current_hp_per_floor":[70,70,70,70,70,32,12,33,43,67,67,32,46,35,59,0],"gold":163,"neow_bonus":"THREE_RARE_CARDS","is_prod":false,"is_daily":false,"chose_seed":false,"campfire_upgraded":0,"win_rate":0,"timestamp":1546660212,"path_taken":["M","M","?","$","M","E","M","R","T","R","?","E","?","?","R","BOSS"],"build_version":"2019-01-03v4","purchased_purges":0,"victory":false,"max_hp_per_floor":[70,70,70,70,70,70,70,70,80,80,80,80,80,80,80,80],"card_choices":[{"not_picked":["Venomology","Burst"],"picked":"Night Terror","floor":0},{"not_picked":["Bane","Backflip"],"picked":"Sucker Punch","floor":1},{"not_picked":["Quick Slash","Heel Hook"],"picked":"Dagger Spray","floor":2},{"not_picked":["Flying Knee","Cloak And Dagger"],"picked":"Venomology","floor":5},{"not_picked":["Outmaneuver","Prepared"],"picked":"Slice","floor":6},{"not_picked":["Dodge and Roll","Poisoned Stab"],"picked":"Footwork","floor":7},{"not_picked":["Underhanded Strike","Dagger Spray"],"picked":"After Image","floor":12},{"not_picked":["Blade Dance","Acrobatics"],"picked":"Poisoned Stab","floor":13}],"player_experience":1169617,"relics_obtained":[{"floor":6,"key":"Omamori"},{"floor":9,"key":"Pear"},{"floor":12,"key":"Darkstone Periapt"}],"event_choices":[{"damage_healed":0,"gold_gain":0,"cards_transformed":["Strike_G"],"player_choice":"Transformed","damage_taken":0,"max_hp_gain":0,"max_hp_loss":0,"event_name":"Transmorgrifier","floor":11,"gold_loss":0,"cards_obtained":["Finisher"]},{"damage_healed":0,"gold_gain":75,"player_choice":"Gather Gold","damage_taken":11,"max_hp_gain":0,"max_hp_loss":0,"event_name":"World of Goop","floor":14,"gold_loss":0}],"is_beta":true,"boss_relics":[],"items_purged_floors":[],"is_endless":false,"potions_floor_spawned":[6,12,13],"killed_by":"Slime Boss","ascension_level":4}