{"gold_per_floor":[118,135,135,150,167,200,200,229,229,30,53,53,53,67,67,169,169,187,187,44,54,154,154,167,194,194,206,60,60,60,60,60,165,165,177,177,189,109,109,164,83,109,109,109,156,156,173,202,202,202],"floor_reached":50,"playtime":2583,"items_purged":["Pain","Strike_G"],"score":807,"play_id":"e5fddb35-ecab-42d8-aa43-1c37d83b1a21","local_time":"20190126103853","is_ascension_mode":true,"campfire_choices":[{"floor":7,"key":"REST"},{"data":"Neutralize","floor":13,"key":"SMITH"},{"floor":15,"key":"REST"},{"data":"After Image","floor":23,"key":"SMITH"},{"floor":30,"key":"REST"},{"floor":32,"key":"REST"},{"data":"Mind Blast","floor":44,"key":"SMITH"},{"data":"Terror","floor":46,"key":"SMITH"},{"floor":49,"key":"RECALL"}],"neow_cost":"NONE","seed_source_timestamp":500224408212836,"circlet_count":0,"master_deck":["Defend_G","Defend_G","Defend_G","Defend_G","Defend_G","Strike_G","Strike_G","Survivor","Neutralize+1","After Image+1","Footwork","Dash","Die Die Die","Backstab","Infinite Blades","Backstab","Backflip","Acrobatics","Flying Knee","Storm of Steel","Well Laid Plans","Riddle With Holes","Backflip+1","Blade Dance+1","Glass Knife","Blade Dance","Cloak And Dagger","Night Terror","Leg Sweep","Mind Blast+1","Madness","Good Instincts","Acrobatics","Footwork","Dodge and Roll+1","Footwork","Terror+1","Dagger Spray+1","Concentrate+1"],"relics":["Ring of the Snake","Shuriken","Sundial","Kunai","Happy Flower","Odd Mushroom","Philosopher\u0027s Stone","WarpedTongs","Peace Pipe","Pear","Unceasing Top","Bag of Preparation","Enchiridion","Empty Cage","Tiny Chest","Potion Belt","Blood Vial","Smiling Mask"],"potions_floor_usage":[6,8,22,24,25,37,50,50],"damage_taken":[{"damage":2,"enemies":"Jaw Worm","floor":1,"turns":7},{"damage":1,"enemies":"Cultist","floor":2,"turns":5},{"damage":0,"enemies":"2 Louse","floor":4,"turns":3},{"damage":3,"enemies":"Exordium Wildlife","floor":5,"turns":3},{"damage":25,"enemies":"Gremlin Nob","floor":6,"turns":5},{"damage":15,"enemies":"Lagavulin","floor":8,"turns":6},{"damage":20,"enemies":"The Mushroom Lair","floor":11,"turns":3},{"damage":4,"enemies":"Exordium Thugs","floor":14,"turns":5},{"damage":7,"enemies":"The Guardian","floor":16,"turns":9},{"damage":0,"enemies":"Spheric Guardian","floor":18,"turns":3},{"damage":0,"enemies":"Shell Parasite","floor":21,"turns":3},{"damage":1,"enemies":"Colosseum Slavers","floor":22,"turns":3},{"damage":19,"enemies":"Colosseum Nobs","floor":22,"turns":5},{"damage":11,"enemies":"Snecko","floor":24,"turns":5},{"damage":15,"enemies":"Gremlin Leader","floor":25,"turns":6},{"damage":7,"enemies":"Centurion and Healer","floor":27,"turns":4},{"damage":3,"enemies":"Automaton","floor":33,"turns":7},{"damage":0,"enemies":"Orb Walker","floor":35,"turns":2},{"damage":29,"enemies":"3 Darklings","floor":37,"turns":7},{"damage":12,"enemies":"Nemesis","floor":40,"turns":7},{"damage":4,"enemies":"Reptomancer","floor":42,"turns":7},{"damage":14,"enemies":"4 Shapes","floor":47,"turns":6},{"damage":0,"enemies":"Giant Head","floor":48,"turns":9},{"damage":52,"enemies":"Time Eater","floor":50,"turns":10}],"seed_played":"2945304448557012523","potions_obtained":[{"floor":1,"key":"Weak Potion"},{"floor":2,"key":"EssenceOfSteel"},{"floor":3,"key":"Regen Potion"},{"floor":3,"key":"Dexterity Potion"},{"floor":8,"key":"AttackPotion"},{"floor":22,"key":"GamblersBrew"},{"floor":24,"key":"Energy Potion"},{"floor":47,"key":"GhostInAJar"},{"floor":48,"key":"Block Potion"}],"is_trial":false,"path_per_floor":["M","M","?","M","M","E","R","E","T","$","?","$","R","M","R","B",null,"M","?","$","M","?","R","M","E","T","M","$","?","R","?","R","B",null,"M","?","M","$","?","E","$","E","T","R","T","R","M","E","R","B"],"character_chosen":"THE_SILENT","items_purchased":["Happy Flower","Backflip","Well Laid Plans","Cloak And Dagger","Footwork","Footwork"],"campfire_rested":4,"item_purchase_floors":[10,10,20,28,38,41],"current_hp_per_floor":[61,60,60,60,57,32,53,53,53,53,33,33,33,29,50,43,63,63,63,63,63,53,53,42,27,27,20,20,20,44,28,52,49,72,72,62,33,33,70,58,58,54,54,54,54,54,42,44,44,0],"gold":202,"neow_bonus":"ONE_RANDOM_RARE_CARD","is_prod":false,"is_daily":false,"chose_seed":false,"campfire_upgraded":4,"win_rate":0,"timestamp":1548517133,"path_taken":["M","M","?","?","M","E","R","E","T","$","?","?","R","?","R","BOSS","M","?","$","?","?","R","M","E","T","M","$","?","R","?","R","BOSS","M","?","M","$","?","E","$","E","T","R","?","R","M","E","R","BOSS"],"build_version":"2019-01-23","purchased_purges":2,"victory":false,"max_hp_per_floor":[70,70,70,70,70,70,70,70,70,70,70,70,70,70,70,70,70,70,70,70,70,80,80,80,80,80,80,80,80,80,80,80,80,80,80,80,80,80,70,70,70,70,70,70,70,70,70,70,70,70],"card_choices":[{"not_picked":["Noxious Fumes","Blade Dance"],"picked":"Footwork","floor":1},{"not_picked":["Skewer","Blade Dance"],"picked":"Dash","floor":2},{"not_picked":["Flying Knee","Poisoned Stab"],"picked":"Die Die Die","floor":4},{"not_picked":["Outmaneuver","Endless Agony"],"picked":"Backstab","floor":5},{"not_picked":["Underhanded Strike","Dagger Spray"],"picked":"Infinite Blades","floor":6},{"not_picked":["Dodge and Roll","Heel Hook"],"picked":"Backstab","floor":8},{"not_picked":["Underhanded Strike","Dodge and Roll"],"picked":"Acrobatics","floor":11},{"not_picked":["Outmaneuver","Deadly Poison"],"picked":"Flying Knee","floor":14},{"not_picked":["Die Die Die","Tools of the Trade"],"picked":"Storm of Steel","floor":16},{"not_picked":["Underhanded Strike+1","Distraction","Setup"],"picked":"SKIP","floor":18},{"not_picked":["Dagger Throw","Flying Knee"],"picked":"Riddle With Holes","floor":21},{"not_picked":["Footwork","Prepared+1"],"picked":"Backflip+1","floor":22},{"not_picked":["PiercingWail","Slice+1"],"picked":"Blade Dance+1","floor":24},{"not_picked":["Slice+1","Dagger Throw"],"picked":"Glass Knife","floor":25},{"not_picked":["Slice","Acrobatics+1"],"picked":"Blade Dance","floor":27},{"not_picked":["Grand Finale","Bullet Time"],"picked":"Night Terror","floor":33},{"not_picked":["Sucker Punch","Flechettes"],"picked":"Leg Sweep","floor":35},{"not_picked":["PanicButton","Panacea"],"picked":"Mind Blast","floor":36},{"not_picked":["Good Instincts","Jack Of All Trades"],"picked":"Madness","floor":36},{"not_picked":["Transmutation","Impatience"],"picked":"Good Instincts","floor":36},{"not_picked":["Calculated Gamble","Crippling Poison+1"],"picked":"Acrobatics","floor":37},{"not_picked":["Night Terror","Noxious Fumes+1"],"picked":"Dodge and Roll+1","floor":40},{"not_picked":["PiercingWail","Underhanded Strike+1"],"picked":"Terror","floor":42},{"not_picked":["Poisoned Stab","Setup+1"],"picked":"Dagger Spray+1","floor":47},{"not_picked":["Dagger Throw","Escape Plan"],"picked":"Concentrate+1","floor":48}],"player_experience":1306066,"relics_obtained":[{"floor":6,"key":"Shuriken"},{"floor":8,"key":"Sundial"},{"floor":9,"key":"Kunai"},{"floor":11,"key":"Odd Mushroom"},{"floor":22,"key":"Peace Pipe"},{"floor":22,"key":"Pear"},{"floor":25,"key":"Unceasing Top"},{"floor":26,"key":"Bag of Preparation"},{"floor":31,"key":"Enchiridion"},{"floor":40,"key":"Tiny Chest"},{"floor":42,"key":"Potion Belt"},{"floor":45,"key":"Blood Vial"},{"floor":48,"key":"Smiling Mask"}],"event_choices":[{"damage_healed":0,"gold_gain":0,"player_choice":"Got Potions","damage_taken":0,"max_hp_gain":0,"max_hp_loss":0,"event_name":"Lab","floor":3,"gold_loss":0},{"damage_healed":0,"gold_gain":0,"player_choice":"Fought Mushrooms","damage_taken":0,"max_hp_gain":0,"max_hp_loss":0,"event_name":"Mushrooms","floor":11,"gold_loss":0},{"damage_healed":0,"gold_gain":0,"player_choice":"Rummage","damage_taken":0,"relics_obtained":["WarpedTongs"],"max_hp_gain":0,"max_hp_loss":0,"event_name":"Accursed Blacksmith","floor":19,"gold_loss":0,"cards_obtained":["Pain"]},{"damage_healed":0,"gold_gain":0,"player_choice":"Fight","damage_taken":0,"max_hp_gain":0,"max_hp_loss":0,"event_name":"Colosseum","floor":22,"gold_loss":0},{"damage_healed":0,"gold_gain":0,"player_choice":"Fought Nobs","damage_taken":0,"max_hp_gain":0,"max_hp_loss":0,"event_name":"Colosseum","floor":22,"gold_loss":0},{"damage_healed":0,"gold_gain":0,"player_choice":"Ignored","damage_taken":0,"max_hp_gain":0,"max_hp_loss":0,"event_name":"Vampires","floor":29,"gold_loss":0},{"damage_healed":0,"gold_gain":0,"player_choice":"Obtained Book","damage_taken":16,"max_hp_gain":0,"max_hp_loss":0,"event_name":"Cursed Tome","floor":31,"gold_loss":0},{"damage_healed":0,"gold_gain":0,"player_choice":"Memory 3","damage_taken":10,"max_hp_gain":0,"max_hp_loss":0,"event_name":"SensoryStone","floor":36,"gold_loss":0},{"damage_healed":70,"gold_gain":0,"player_choice":"Heal","damage_taken":0,"max_hp_gain":0,"max_hp_loss":10,"event_name":"The Moai Head","floor":39,"gold_loss":0}],"is_beta":true,"boss_relics":[{"not_picked":["Black Star","Lizard Tail"],"picked":"Philosopher\u0027s Stone"},{"not_picked":["WristBlade","Calling Bell"],"picked":"Empty Cage"}],"items_purged_floors":[20,28],"is_endless":false,"potions_floor_spawned":[1,2,8,22,24,47,48],"killed_by":"Time Eater","ascension_level":7}