{"path_per_floor":["M","?","?","M","?","E","M","T","T","?","M","R","$","M","R","B",null,"M","M","$","?","?","R","?","E","T","R","$","R","M","$","R","B",null,"M","?"],"character_chosen":"THE_SILENT","items_purchased":["Backflip","Energy Potion","Backflip"],"gold_per_floor":[110,110,110,131,131,169,184,184,184,184,202,202,77,90,90,209,209,119,138,38,38,38,38,38,82,82,82,33,33,48,22,22,153,153,173,173],"floor_reached":37,"campfire_rested":5,"playtime":1977,"current_hp_per_floor":[70,75,75,74,67,43,45,45,45,45,46,46,46,48,73,48,85,58,29,29,29,29,54,38,10,10,35,35,60,55,55,80,28,85,19,8],"items_purged":["Injury","Strike_G"],"gold":173,"score":482,"play_id":"7c01f124-ded3-4380-8d48-8d144a755ee2","local_time":"20180310131612","is_prod":false,"is_daily":false,"is_ascension_mode":true,"campfire_upgraded":1,"timestamp":1520705772,"path_taken":["M","?","?","M","?","E","?","?","T","?","M","R","?","M","R","BOSS","M","M","$","?","?","R","?","E","T","R","$","R","M","?","R","BOSS","M","?","M"],"build_version":"2018-03-09","purchased_purges":3,"victory":false,"master_deck":["Defend_G","Defend_G","Defend_G","Defend_G","Defend_G","Strike_G","Strike_G","Strike_G","Strike_G","Survivor","Neutralize+1","Heel Hook","Flying Knee","Noxious Fumes+1","Blur+1","Backflip","Backflip","Malaise","Night Terror","Poisoned Stab+1","Caltrops","Decay","Noxious Fumes","Backflip+1","Envenom","Backstab+1","Madness+1","Madness+1"],"max_hp_per_floor":[70,75,75,75,75,85,85,85,85,85,85,85,85,85,85,85,85,85,85,85,85,85,85,85,85,85,85,85,85,85,85,85,85,85,85,85],"relics":["Ring of the Snake","Golden Idol","Bird Faced Urn","Pear","Gambling Chip","Art of War","The Specimen","Toxic Egg 2","Du-Vu Doll","Calipers","Runic Dome"],"card_choices":[{"not_picked":["Dagger Throw","Terror"],"picked":"Heel Hook"},{"not_picked":["Distraction","Endless Agony"],"picked":"Flying Knee"},{"not_picked":["PiercingWail","Distraction"],"picked":"Noxious Fumes"},{"not_picked":["Bane","Doppelganger"],"picked":"Blur"},{"not_picked":["Prepared","Deadly Poison"],"picked":"Backflip"},{"not_picked":["Skewer","Reflex"],"picked":"Malaise"},{"not_picked":["Phantasmal Killer","Tactician"],"picked":"Night Terror"},{"not_picked":["Cloak And Dagger","Underhanded Strike"],"picked":"Poisoned Stab"},{"not_picked":["Finisher","Sucker Punch"],"picked":"Caltrops"},{"not_picked":["Dagger Spray","Dodge and Roll"],"picked":"Noxious Fumes"},{"not_picked":["Unload","Grand Finale"],"picked":"Envenom"},{"not_picked":["Slice","Outmaneuver"],"picked":"Backstab"}],"player_experience":499703,"potions_floor_usage":[16,16,25,33,33,33,37],"damage_taken":[{"damage":0,"enemies":"Cultist","floor":1,"turns":4},{"damage":1,"enemies":"2 Louse","floor":4,"turns":3},{"damage":34,"enemies":"Gremlin Nob","floor":6,"turns":6},{"damage":0,"enemies":"Small Slimes","floor":7,"turns":3},{"damage":1,"enemies":"Blue Slaver","floor":11,"turns":4},{"damage":0,"enemies":"Looter","floor":14,"turns":3},{"damage":27,"enemies":"Slime Boss","floor":16,"turns":13},{"damage":28,"enemies":"2 Thieves","floor":18,"turns":5},{"damage":31,"enemies":"Spheric Guardian","floor":19,"turns":6},{"damage":32,"enemies":"Gremlin Leader","floor":25,"turns":7},{"damage":11,"enemies":"Centurion and Healer","floor":30,"turns":7},{"damage":58,"enemies":"Automaton","floor":33,"turns":11},{"damage":72,"enemies":"3 Darklings","floor":35,"turns":5},{"damage":18,"enemies":"Orb Walker","floor":37,"turns":4}],"event_choices":[{"event_name":"Big Fish","player_choice":"Donut","floor":2,"damage_taken":0},{"event_name":"Golden Idol","player_choice":"Take Wound","floor":3,"damage_taken":0},{"event_name":"Scrap Ooze","player_choice":"success","floor":5,"damage_taken":7},{"event_name":"Living Wall","player_choice":"Grow","floor":10,"damage_taken":0},{"event_name":"Wheel of Change","player_choice":"Curse","floor":21,"damage_taken":0},{"event_name":"The Mausoleum","player_choice":"Yes","floor":22,"damage_taken":0},{"event_name":"Knowing Skull","player_choice":"POTION ","floor":24,"damage_taken":0},{"event_name":"Winding Halls","player_choice":"Embrace Madness","floor":36,"damage_taken":0}],"boss_relics":[{"not_picked":["Ectoplasm","Pandora\u0027s Box"],"picked":"The Specimen"},{"not_picked":["Calling Bell","Sozu"],"picked":"Runic Dome"}],"potions_floor_spawned":[6,7,14,30,35],"seed_played":"6404926120241098901","killed_by":"Orb Walker","ascension_level":4,"is_trial":false}