{"path_per_floor":["M","M","M","?","?","R","M","R","T","R","?","R","M","$","R","B",null,"M","$","M","M","?","R","M","R","T","R","M","M","?","M","R"],"character_chosen":"DEFECT","items_purchased":["Capacitor","Rip and Tear","Sunder","Bronze Scales"],"gold_per_floor":[109,127,147,222,222,222,245,245,268,268,268,268,287,154,154,284,284,304,81,96,121,36,36,60,60,60,60,74,98,98,122,122,122],"floor_reached":33,"campfire_rested":3,"playtime":2051,"current_hp_per_floor":[75,75,75,64,64,64,54,54,54,54,54,54,54,54,54,26,69,64,64,60,41,41,61,34,54,54,54,37,22,22,22,42,0],"items_purged":[],"gold":122,"score":239,"play_id":"4e40920c-ab42-4a2c-8485-3f7a2ab57251","local_time":"20180428170739","is_prod":false,"is_daily":false,"chose_seed":false,"is_ascension_mode":false,"campfire_upgraded":6,"timestamp":1524949659,"path_taken":["M","M","M","?","?","R","?","R","T","R","?","R","M","$","R","BOSS","M","$","M","M","?","R","M","R","T","R","M","M","?","M","R","BOSS"],"build_version":"2018-04-27v3","seed_source_timestamp":1411572537197603,"purchased_purges":0,"victory":false,"master_deck":["Strike_B+1","Strike_B+1","Strike_B+1","Strike_B+1","Defend_B+1","Defend_B+1","Defend_B+1","Defend_B+1","Zap+1","Dualcast","Coolheaded+1","Beam Cell+1","Blaster+1","Seek+1","Gash","Capacitor+1","Rip and Tear","Nova","Barrage+1","Sunder+1","Conserve Battery+1","Self Repair","Hologram","White Noise+1","Ball Lightning","Rebound"],"max_hp_per_floor":[75,75,75,75,69,69,69,69,69,69,69,69,69,69,69,69,69,69,69,69,69,69,69,69,69,69,69,69,69,69,69,69,69],"relics":["Cracked Core","Orichalcum","Golden Idol","Vajra","Velvet Choker","Bronze Scales","Omamori","Happy Flower"],"card_choices":[{"not_picked":["Leap","Static Discharge"],"picked":"Coolheaded","floor":1},{"not_picked":["Reinforced Body","Skim"],"picked":"Beam Cell","floor":2},{"not_picked":["Stack","Skim"],"picked":"Blaster","floor":3},{"not_picked":["Sweeping Beam","Ball Lightning"],"picked":"Seek","floor":7},{"not_picked":["Go for the Eyes","Rip and Tear"],"picked":"Gash","floor":13},{"not_picked":["Hyperbeam","Multi-Cast"],"picked":"Nova","floor":16},{"not_picked":["Doom and Gloom","Axe Kick"],"picked":"Barrage","floor":18},{"not_picked":["Loop","Streamline"],"picked":"Conserve Battery","floor":20},{"not_picked":["Cold Snap","Rebound"],"picked":"Self Repair","floor":21},{"not_picked":["Streamline","Axe Kick"],"picked":"Hologram","floor":24},{"not_picked":["Recycle","Nova"],"picked":"White Noise","floor":28},{"not_picked":["Flux Capacitor","Turbo"],"picked":"Ball Lightning","floor":29},{"not_picked":["Capacitor","Go for the Eyes"],"picked":"Rebound","floor":31}],"player_experience":312825,"potions_floor_usage":[18,24,24,33],"damage_taken":[{"damage":0,"enemies":"Small Slimes","floor":1,"turns":3},{"damage":0,"enemies":"2 Louse","floor":2,"turns":3},{"damage":0,"enemies":"Jaw Worm","floor":3,"turns":4},{"damage":10,"enemies":"3 Louse","floor":7,"turns":4},{"damage":0,"enemies":"2 Fungi Beasts","floor":13,"turns":2},{"damage":28,"enemies":"Hexaghost","floor":16,"turns":9},{"damage":5,"enemies":"Shell Parasite","floor":18,"turns":3},{"damage":4,"enemies":"3 Byrds","floor":20,"turns":2},{"damage":19,"enemies":"Centurion and Healer","floor":21,"turns":5},{"damage":34,"enemies":"Slaver and Parasite","floor":24,"turns":5},{"damage":24,"enemies":"3 Cultists","floor":28,"turns":4},{"damage":22,"enemies":"Sentry and Sphere","floor":29,"turns":4},{"damage":0,"enemies":"Snake Plant","floor":31,"turns":3},{"damage":44,"enemies":"Champ","floor":33,"turns":8}],"event_choices":[{"event_name":"World of Goop","player_choice":"Gather Gold","floor":4,"damage_taken":0},{"event_name":"Golden Idol","player_choice":"Lose Max HP","floor":5,"damage_taken":0},{"event_name":"Accursed Blacksmith","player_choice":"Forge","floor":11,"damage_taken":0},{"event_name":"Addict","player_choice":"Obtained Relic","floor":22,"damage_taken":0},{"event_name":"Back to Basics","player_choice":"Simplicity","floor":30,"damage_taken":0}],"boss_relics":[{"not_picked":["White Beast Statue","Philosopher\u0027s Stone"],"picked":"Velvet Choker"}],"potions_floor_spawned":[2,7,13,16,21,28],"seed_played":"8150516220063222576","killed_by":"Champ","ascension_level":0,"is_trial":false}