{"gold_per_floor":[15,33,33,52,52,52,77,91,91,147,147],"floor_reached":11,"playtime":438,"items_purged":[],"score":73,"play_id":"cc33c283-8eee-41df-85bf-da76c89f5993","local_time":"20181230195900","is_ascension_mode":false,"campfire_choices":[{"data":"Creative AI","floor":6,"key":"SMITH"}],"neow_cost":"NO_GOLD","seed_source_timestamp":18738283966378,"circlet_count":0,"master_deck":["Strike_B","Strike_B","Defend_B","Defend_B","Defend_B","Defend_B","Zap","Dualcast","Creative AI+1","Auto Shields","Sweeping Beam","Beam Cell","Coolheaded","Auto Shields","Storm","Genetic Algorithm"],"relics":["Cracked Core","Ornamental Fan","Lantern"],"potions_floor_usage":[10,11],"damage_taken":[{"damage":1,"enemies":"Jaw Worm","floor":1,"turns":4},{"damage":0,"enemies":"2 Louse","floor":2,"turns":4},{"damage":2,"enemies":"Small Slimes","floor":4,"turns":3},{"damage":47,"enemies":"Lagavulin","floor":7,"turns":9},{"damage":3,"enemies":"3 Louse","floor":8,"turns":3},{"damage":14,"enemies":"Gremlin Nob","floor":10,"turns":4},{"damage":9,"enemies":"The Mushroom Lair","floor":11,"turns":3}],"seed_played":"76914319484442766","potions_obtained":[{"floor":4,"key":"SkillPotion"},{"floor":7,"key":"AttackPotion"},{"floor":10,"key":"SteroidPotion"}],"is_trial":false,"path_per_floor":["M","M","?","M","?","R","E","M","T","?","?"],"character_chosen":"DEFECT","items_purchased":[],"campfire_rested":0,"item_purchase_floors":[],"current_hp_per_floor":[74,74,74,72,72,72,25,22,22,8,0],"gold":147,"neow_bonus":"TRANSFORM_TWO_CARDS","is_prod":false,"is_daily":false,"chose_seed":false,"campfire_upgraded":1,"win_rate":0,"timestamp":1546217940,"path_taken":["M","M","?","M","?","R","E","M","T","?","?"],"build_version":"2018-12-25","purchased_purges":0,"victory":false,"max_hp_per_floor":[75,75,75,75,75,75,75,75,75,75,75],"card_choices":[{"not_picked":["Go for the Eyes","Lockon"],"picked":"Sweeping Beam","floor":1},{"not_picked":["Hologram","Scrape"],"picked":"Beam Cell","floor":2},{"not_picked":["Rebound","Redo"],"picked":"Coolheaded","floor":4},{"not_picked":["Redo","Compile Driver"],"picked":"Auto Shields","floor":7},{"not_picked":["Amplify","Go for the Eyes"],"picked":"Storm","floor":8},{"not_picked":["Force Field","Rebound"],"picked":"Genetic Algorithm","floor":10}],"player_experience":1093573,"relics_obtained":[{"floor":7,"key":"Ornamental Fan"},{"floor":10,"key":"Lantern"}],"event_choices":[{"damage_healed":0,"gold_gain":0,"player_choice":"Leave","damage_taken":0,"max_hp_gain":0,"max_hp_loss":0,"event_name":"The Cleric","floor":3,"gold_loss":0},{"damage_healed":0,"gold_gain":0,"player_choice":"Ignored","damage_taken":0,"max_hp_gain":0,"max_hp_loss":0,"event_name":"Liars Game","floor":5,"gold_loss":0},{"damage_healed":0,"gold_gain":0,"player_choice":"Searched \u00271\u0027 times","damage_taken":0,"max_hp_gain":0,"max_hp_loss":0,"event_name":"Dead Adventurer","floor":10,"gold_loss":0},{"damage_healed":0,"gold_gain":0,"player_choice":"Fought Mushrooms","damage_taken":0,"max_hp_gain":0,"max_hp_loss":0,"event_name":"Mushrooms","floor":11,"gold_loss":0}],"is_beta":true,"boss_relics":[],"items_purged_floors":[],"is_endless":false,"potions_floor_spawned":[4,7,10],"killed_by":"The Mushroom Lair","ascension_level":0}