{"gold_per_floor":[119,130,149,37,47,47,59,59,59,59,90,149,149,166,166,240,240,259,275,1,101,26,61,61,94,146,146,71,87,122,122,122,200,200,214,214,59,77,77,77,96,96,96,96,96,96,96,123,123,123,123,123,2,2],"floor_reached":54,"playtime":2500,"items_purged":["Strike_G"],"score":1315,"play_id":"eff746c1-dca5-4a0d-8e83-0a0e114eb1fa","local_time":"20181229200101","is_ascension_mode":true,"campfire_choices":[{"data":"Footwork","floor":6,"key":"SMITH"},{"floor":8,"key":"REST"},{"floor":13,"key":"REST"},{"data":"Skewer","floor":15,"key":"SMITH"},{"floor":24,"key":"REST"},{"floor":27,"key":"REST"},{"data":"Footwork","floor":32,"key":"SMITH"},{"data":"Footwork","floor":40,"key":"SMITH"},{"floor":42,"key":"REST"},{"data":"Well Laid Plans","floor":46,"key":"SMITH"},{"floor":49,"key":"RECALL"},{"floor":52,"key":"REST"}],"neow_cost":"NONE","seed_source_timestamp":79481006008671,"circlet_count":0,"master_deck":["AscendersBane","Defend_G+1","Defend_G","Defend_G","Defend_G","Defend_G","Survivor","Neutralize","Dash","Flying Knee","Well Laid Plans+1","Backstab","Footwork+1","Deadly Poison","Skewer+1","Cloak And Dagger","Infinite Blades","Die Die Die","Terror","Footwork+1","Cloak And Dagger","Dagger Spray","Footwork+1","Cloak And Dagger+1","Caltrops","Bite","Bite","Bite","Bite","Bite","Malaise","Finisher","Leg Sweep","Caltrops","Madness","Madness","Injury","PiercingWail","Backflip"],"relics":["Ring of the Snake","Pen Nib","Bag of Marbles","Vajra","Ornamental Fan","Calipers","Busted Crown","Bag of Preparation","Turnip","Singing Bowl","Letter Opener","War Paint","Art of War","Cursed Key","Darkstone Periapt"],"potions_floor_usage":[16,21,23,25,41,48,50,54],"damage_taken":[{"damage":2,"enemies":"Cultist","floor":1,"turns":5},{"damage":0,"enemies":"Jaw Worm","floor":2,"turns":4},{"damage":0,"enemies":"Small Slimes","floor":3,"turns":4},{"damage":6,"enemies":"Looter","floor":5,"turns":3},{"damage":13,"enemies":"Blue Slaver","floor":7,"turns":4},{"damage":13,"enemies":"3 Sentries","floor":11,"turns":7},{"damage":0,"enemies":"Gremlin Nob","floor":12,"turns":3},{"damage":0,"enemies":"2 Fungi Beasts","floor":14,"turns":2},{"damage":37,"enemies":"Slime Boss","floor":16,"turns":4},{"damage":0,"enemies":"3 Byrds","floor":18,"turns":6},{"damage":0,"enemies":"2 Thieves","floor":19,"turns":1},{"damage":12,"enemies":"Colosseum Slavers","floor":21,"turns":4},{"damage":17,"enemies":"Colosseum Nobs","floor":21,"turns":4},{"damage":3,"enemies":"Book of Stabbing","floor":23,"turns":5},{"damage":0,"enemies":"Slavers","floor":25,"turns":1},{"damage":0,"enemies":"Snecko","floor":29,"turns":1},{"damage":0,"enemies":"Gremlin Leader","floor":30,"turns":7},{"damage":23,"enemies":"Collector","floor":33,"turns":11},{"damage":0,"enemies":"3 Shapes","floor":35,"turns":2},{"damage":0,"enemies":"3 Darklings","floor":38,"turns":5},{"damage":22,"enemies":"Jaw Worm Horde","floor":41,"turns":5},{"damage":30,"enemies":"Reptomancer","floor":48,"turns":6},{"damage":57,"enemies":"Awakened One","floor":50,"turns":17},{"damage":81,"enemies":"Shield and Spear","floor":54,"turns":3}],"seed_played":"-5644900448132043236","potions_obtained":[{"floor":2,"key":"Dexterity Potion"},{"floor":14,"key":"Energy Potion"},{"floor":16,"key":"EssenceOfSteel"},{"floor":19,"key":"EntropicBrew"},{"floor":30,"key":"Ancient Potion"},{"floor":33,"key":"PowerPotion"},{"floor":48,"key":"Poison Potion"}],"is_trial":false,"path_per_floor":["M","M","M","$","M","R","M","R","T","?","E","?","R","M","R","B",null,"M","M","$","?","?","E","R","E","T","R","$","M","E","?","R","B",null,"M","?","$","M","?","R","M","R","T","?","?","R","?","E","R","B",null,"R","$","E"],"character_chosen":"THE_SILENT","items_purchased":["Well Laid Plans","Backstab","Footwork","Bag of Preparation","Cloak And Dagger","Leg Sweep","Caltrops","Backflip","Regen Potion"],"campfire_rested":6,"item_purchase_floors":[4,4,20,20,20,37,37,53,53],"current_hp_per_floor":[57,57,57,57,51,51,38,57,57,45,32,32,51,51,51,14,53,53,53,53,24,24,21,40,42,42,62,62,64,66,66,66,61,66,68,68,68,70,61,61,47,68,68,68,68,68,70,46,46,15,59,74,74,0],"gold":2,"neow_bonus":"RANDOM_COMMON_RELIC","is_prod":false,"is_daily":false,"chose_seed":false,"campfire_upgraded":5,"win_rate":0,"timestamp":1546131661,"path_taken":["M","M","M","$","M","R","M","R","T","?","E","?","R","M","R","BOSS","M","M","$","?","?","E","R","E","T","R","$","M","E","?","R","BOSS","M","?","$","M","?","R","M","R","T","?","?","R","?","E","R","BOSS","R","$","E"],"build_version":"2018-12-25","purchased_purges":1,"victory":false,"max_hp_per_floor":[66,66,66,66,66,66,66,66,66,66,66,66,66,66,66,66,66,66,66,66,66,66,66,66,68,68,68,68,68,68,68,68,68,68,68,68,68,70,70,70,72,72,72,72,72,72,74,74,74,74,74,74,74,74],"card_choices":[{"not_picked":["Poisoned Stab","Deflect"],"picked":"Dash","floor":1},{"not_picked":["Accuracy","Outmaneuver"],"picked":"Deadly Poison","floor":2},{"not_picked":["Blade Dance","Bane"],"picked":"Flying Knee","floor":3},{"not_picked":["Sucker Punch","Grand Finale"],"picked":"Footwork","floor":5},{"not_picked":["Riddle With Holes","Acrobatics"],"picked":"Deadly Poison","floor":7},{"not_picked":["Underhanded Strike","Prepared"],"picked":"Skewer","floor":11},{"not_picked":["Prepared","Deflect"],"picked":"Cloak And Dagger","floor":12},{"not_picked":["Prepared","Acrobatics"],"picked":"Infinite Blades","floor":14},{"not_picked":["Phantasmal Killer","A Thousand Cuts"],"picked":"Die Die Die","floor":16},{"not_picked":[],"picked":"Terror","floor":18},{"not_picked":["Eviscerate"],"picked":"SKIP","floor":19},{"not_picked":[],"picked":"Dagger Spray","floor":21},{"not_picked":[],"picked":"Footwork","floor":23},{"not_picked":["Poisoned Stab"],"picked":"Singing Bowl","floor":25},{"not_picked":[],"picked":"Cloak And Dagger+1","floor":29},{"not_picked":[],"picked":"Caltrops","floor":30},{"not_picked":[],"picked":"Malaise","floor":33},{"not_picked":[],"picked":"Finisher","floor":35},{"not_picked":["Underhanded Strike"],"picked":"Singing Bowl","floor":38},{"not_picked":["Choke"],"picked":"Singing Bowl","floor":41},{"not_picked":["Sadistic Nature"],"picked":"Singing Bowl","floor":47},{"not_picked":[],"picked":"PiercingWail","floor":48}],"player_experience":1066909,"relics_obtained":[{"floor":9,"key":"Bag of Marbles"},{"floor":11,"key":"Ornamental Fan"},{"floor":12,"key":"Calipers"},{"floor":21,"key":"Turnip"},{"floor":21,"key":"Singing Bowl"},{"floor":23,"key":"Letter Opener"},{"floor":25,"key":"Blood Vial"},{"floor":26,"key":"War Paint"},{"floor":30,"key":"Art of War"},{"floor":48,"key":"Darkstone Periapt"}],"event_choices":[{"damage_healed":0,"gold_gain":0,"player_choice":"Success","damage_taken":12,"relics_obtained":["Vajra"],"max_hp_gain":0,"max_hp_loss":0,"event_name":"Scrap Ooze","floor":10,"gold_loss":0},{"damage_healed":0,"gold_gain":30,"player_choice":"Searched \u00272\u0027 times","damage_taken":0,"max_hp_gain":0,"max_hp_loss":0,"event_name":"Dead Adventurer","floor":12,"gold_loss":0},{"damage_healed":0,"gold_gain":0,"player_choice":"Fight","damage_taken":0,"max_hp_gain":0,"max_hp_loss":0,"event_name":"Colosseum","floor":21,"gold_loss":0},{"damage_healed":0,"gold_gain":0,"player_choice":"Fought Nobs","damage_taken":0,"max_hp_gain":0,"max_hp_loss":0,"event_name":"Colosseum","floor":21,"gold_loss":0},{"cards_removed":["Strike_G"],"damage_healed":0,"gold_gain":0,"player_choice":"Gave Gold","damage_taken":0,"max_hp_gain":0,"max_hp_loss":0,"event_name":"Beggar","floor":22,"gold_loss":75},{"damage_healed":0,"gold_gain":0,"player_choice":"Became a vampire (Vial)","damage_taken":0,"max_hp_gain":0,"max_hp_loss":0,"event_name":"Vampires","floor":31,"relics_lost":["Blood Vial"],"gold_loss":0,"cards_obtained":["Bite","Bite","Bite","Bite","Bite"]},{"damage_healed":0,"gold_gain":0,"player_choice":"Ignored","damage_taken":0,"max_hp_gain":0,"max_hp_loss":0,"event_name":"Tomb of Lord Red Mask","floor":36,"gold_loss":0},{"damage_healed":0,"gold_gain":0,"player_choice":"Embrace Madness","damage_taken":9,"max_hp_gain":0,"max_hp_loss":0,"event_name":"Winding Halls","floor":39,"gold_loss":0,"cards_obtained":["Madness","Madness"]},{"cards_removed":["Deadly Poison"],"damage_healed":0,"gold_gain":0,"player_choice":"Removed Skill","damage_taken":0,"max_hp_gain":0,"max_hp_loss":0,"event_name":"Falling","floor":44,"gold_loss":0},{"damage_healed":0,"gold_gain":0,"player_choice":"Ignored","damage_taken":0,"max_hp_gain":0,"max_hp_loss":0,"event_name":"Mysterious Sphere","floor":45,"gold_loss":0},{"damage_healed":0,"gold_gain":0,"player_choice":"Memory 1","damage_taken":0,"max_hp_gain":0,"max_hp_loss":0,"event_name":"SensoryStone","floor":47,"gold_loss":0}],"is_beta":true,"boss_relics":[{"not_picked":["Astrolabe","Ectoplasm"],"picked":"Busted Crown"},{"not_picked":["Philosopher\u0027s Stone","Velvet Choker"],"picked":"Cursed Key"}],"items_purged_floors":[28],"is_endless":false,"potions_floor_spawned":[2,14,16,19,21,30,33,35,38,48],"killed_by":"Shield and Spear","ascension_level":14}