{"gold_per_floor":[119,129,129,147,147,147,180,180,207,207,207,224,243,277,277,350,350,350],"floor_reached":18,"playtime":594,"items_purged":[],"score":315,"play_id":"8ddb3d4e-38a6-4882-841a-c05c48e5ecf1","local_time":"20190213175352","is_ascension_mode":true,"campfire_choices":[{"floor":6,"key":"REST"},{"data":"Inflame","floor":8,"key":"SMITH"},{"floor":11,"key":"REST"},{"data":"Heavy Blade","floor":15,"key":"SMITH"}],"neow_cost":"PERCENT_DAMAGE","seed_source_timestamp":14606165074295,"circlet_count":0,"master_deck":["AscendersBane","Strike_R","Strike_R+1","Strike_R+1","Defend_R","Defend_R","Defend_R","Defend_R","Bash","Inflame+1","Thunderclap","Sword Boomerang","Reaper","Armaments","Heavy Blade+1","Impervious"],"relics":["Burning Blood","Ginger","Whetstone","Regal Pillow","Shovel","White Beast Statue"],"potions_floor_usage":[7,13,16],"damage_taken":[{"damage":5,"enemies":"Small Slimes","floor":1,"turns":3},{"damage":7,"enemies":"Cultist","floor":2,"turns":4},{"damage":3,"enemies":"2 Louse","floor":4,"turns":3},{"damage":40,"enemies":"Gremlin Nob","floor":7,"turns":5},{"damage":12,"enemies":"2 Fungi Beasts","floor":12,"turns":4},{"damage":8,"enemies":"Gremlin Gang","floor":13,"turns":3},{"damage":20,"enemies":"3 Sentries","floor":14,"turns":6},{"damage":63,"enemies":"Hexaghost","floor":16,"turns":9},{"damage":62,"enemies":"3 Byrds","floor":18,"turns":6}],"seed_played":"7159369408159335836","potions_obtained":[{"floor":4,"key":"SkillPotion"},{"floor":7,"key":"Fruit Juice"},{"floor":12,"key":"Block Potion"},{"floor":13,"key":"Ancient Potion"}],"is_trial":false,"path_per_floor":["M","M","?","M","?","R","E","R","T","?","R","M","M","E","R","B",null,"M"],"character_chosen":"IRONCLAD","items_purchased":[],"campfire_rested":2,"item_purchase_floors":[],"current_hp_per_floor":[51,50,43,46,46,68,39,39,39,39,78,79,77,63,63,16,64,8],"gold":350,"neow_bonus":"ONE_RARE_RELIC","is_prod":false,"is_daily":false,"chose_seed":false,"campfire_upgraded":2,"win_rate":0,"timestamp":1550098432,"path_taken":["M","M","?","M","?","R","E","R","T","?","R","?","M","E","R","BOSS","M"],"build_version":"2019-01-23","purchased_purges":0,"victory":false,"max_hp_per_floor":[75,75,75,75,75,75,80,80,80,80,80,80,80,80,80,80,80,80],"card_choices":[{"not_picked":["Warcry","Rupture"],"picked":"Inflame","floor":1},{"not_picked":["Ghostly Armor","Headbutt"],"picked":"Thunderclap","floor":2},{"not_picked":["Flex","Perfected Strike"],"picked":"Sword Boomerang","floor":4},{"not_picked":["Warcry","Iron Wave"],"picked":"Reaper","floor":7},{"not_picked":["Thunderclap","Iron Wave"],"picked":"Armaments","floor":12},{"not_picked":["Clash","Armaments"],"picked":"Heavy Blade","floor":13},{"not_picked":["Anger","Reckless Charge","Wild Strike"],"picked":"SKIP","floor":14},{"not_picked":["Double Tap","Fiend Fire"],"picked":"Impervious","floor":16}],"player_experience":276695,"relics_obtained":[{"floor":7,"key":"Whetstone"},{"floor":9,"key":"Regal Pillow"},{"floor":14,"key":"Shovel"}],"event_choices":[{"cards_removed":["Strike_R"],"damage_healed":0,"gold_gain":0,"player_choice":"Card Removal","damage_taken":7,"max_hp_gain":0,"max_hp_loss":0,"event_name":"Golden Wing","floor":3,"gold_loss":0},{"damage_healed":0,"gold_gain":0,"player_choice":"Ignored","damage_taken":0,"max_hp_gain":0,"max_hp_loss":0,"event_name":"Liars Game","floor":5,"gold_loss":0},{"cards_removed":["Strike_R"],"damage_healed":0,"gold_gain":0,"player_choice":"Offered Basic","damage_taken":0,"max_hp_gain":0,"max_hp_loss":0,"event_name":"Bonfire Elementals","floor":10,"gold_loss":0}],"is_beta":false,"boss_relics":[{"not_picked":["Runic Dome","Orrery"],"picked":"White Beast Statue"}],"items_purged_floors":[],"is_endless":false,"potions_floor_spawned":[4,7,12,13],"killed_by":"3 Byrds","ascension_level":17}