{"gold_per_floor":[111,111,111,128,22,53,53,71,71,171,202,220,236,268,268,372,372,390,390,370,33,33,33,51,51,51,51,80,80,107,120,120,120],"floor_reached":33,"playtime":1589,"items_purged":["Strike_B"],"score":416,"play_id":"151d50fc-145c-4e80-b3b5-8325e345dbeb","local_time":"20180805104058","is_ascension_mode":true,"campfire_choices":[{"data":"Sunder","floor":7,"key":"SMITH"},{"data":"Defragment","floor":15,"key":"SMITH"},{"data":"Hyperbeam","floor":23,"key":"SMITH"},{"data":"Biased Cognition","floor":25,"key":"SMITH"},{"data":"Loop","floor":32,"key":"SMITH"}],"neow_cost":"NONE","seed_source_timestamp":1291992423931633,"circlet_count":0,"master_deck":["Strike_B+1","Strike_B+1","Strike_B+1","Defend_B+1","Defend_B+1","Defend_B+1","Defend_B+1","Zap","Dualcast","Go for the Eyes","Core Surge","Sunder+1","Self Repair","Ball Lightning","Defragment+1","Undo","Cold Snap","Glacier","Heatsinks","Biased Cognition+1","Barrage","Hyperbeam+1","Loop+1","Cold Snap","Necronomicurse","Auto Shields","Double Energy+1","Strike_B","Steam"],"relics":["Cracked Core","Bag of Preparation","Lantern","Incense Burner","Gambling Chip","Peace Pipe","Mummified Hand","Inserter","NlothsMask","Necronomicon","Anchor","Juzu Bracelet"],"potions_floor_usage":[14,20,28,33],"damage_taken":[{"damage":0,"enemies":"Cultist","floor":1,"turns":3},{"damage":2,"enemies":"Small Slimes","floor":4,"turns":3},{"damage":21,"enemies":"3 Sentries","floor":6,"turns":6},{"damage":0,"enemies":"2 Louse","floor":8,"turns":2},{"damage":11,"enemies":"Lagavulin","floor":11,"turns":4},{"damage":0,"enemies":"Red Slaver","floor":12,"turns":3},{"damage":1,"enemies":"Blue Slaver","floor":13,"turns":2},{"damage":4,"enemies":"Gremlin Nob","floor":14,"turns":3},{"damage":24,"enemies":"Hexaghost","floor":16,"turns":9},{"damage":0,"enemies":"Shell Parasite","floor":18,"turns":4},{"damage":13,"enemies":"2 Thieves","floor":20,"turns":4},{"damage":0,"enemies":"Sentry and Sphere","floor":24,"turns":3},{"damage":0,"enemies":"Slavers","floor":28,"turns":2},{"damage":20,"enemies":"Snake Plant","floor":31,"turns":4},{"damage":52,"enemies":"Automaton","floor":33,"turns":8}],"seed_played":"4460469240566208986","potions_obtained":[{"floor":4,"key":"AttackPotion"},{"floor":8,"key":"GamblersBrew"},{"floor":12,"key":"Weak Potion"},{"floor":13,"key":"Dexterity Potion"},{"floor":24,"key":"SkillPotion"},{"floor":31,"key":"GamblersBrew"}],"is_trial":false,"path_per_floor":["M","T","?","M","$","E","R","M","T","?","E","M","M","E","R","B",null,"M","?","M","$","?","R","M","R","T","?","E","?","T","M","R"],"character_chosen":"DEFECT","items_purchased":["Sunder","Self Repair","Hyperbeam","Loop","Cold Snap"],"campfire_rested":0,"item_purchase_floors":[5,5,21,21,21],"current_hp_per_floor":[68,68,73,71,71,57,57,64,64,64,60,67,73,69,69,52,73,80,80,67,67,51,51,58,58,58,58,58,58,58,45,45,0],"gold":120,"neow_bonus":"RANDOM_COMMON_RELIC","is_prod":false,"is_daily":false,"chose_seed":false,"campfire_upgraded":5,"win_rate":0,"timestamp":1533480058,"path_taken":["M","?","?","M","$","E","R","M","T","?","E","M","M","E","R","BOSS","M","?","M","$","?","R","M","R","T","?","E","?","?","M","R","BOSS"],"build_version":"2018-08-01","purchased_purges":1,"victory":false,"max_hp_per_floor":[75,75,80,80,80,80,80,80,80,80,80,80,80,80,80,80,80,80,80,80,80,80,80,80,80,80,80,80,80,80,80,80,80],"card_choices":[{"not_picked":["Redo","Conserve Battery"],"picked":"Go for the Eyes","floor":1},{"not_picked":["Ball Lightning","Coolheaded"],"picked":"Core Surge","floor":4},{"not_picked":["Redo","Compile Driver"],"picked":"Ball Lightning","floor":6},{"not_picked":["Glacier","Reprogram"],"picked":"Defragment","floor":8},{"not_picked":["Compile Driver","Redo"],"picked":"Undo","floor":11},{"not_picked":["Barrage","Tempest"],"picked":"Cold Snap","floor":12},{"not_picked":["Gash","Rainbow"],"picked":"Glacier","floor":13},{"not_picked":["Lockon","Recycle"],"picked":"Heatsinks","floor":14},{"not_picked":["Buffer","Amplify"],"picked":"Biased Cognition","floor":16},{"not_picked":["Barrage","Rip and Tear"],"picked":"Double Energy","floor":18},{"not_picked":["Compile Driver","Go for the Eyes"],"picked":"Barrage","floor":20},{"not_picked":["Tempest","Genetic Algorithm"],"picked":"Auto Shields","floor":24},{"not_picked":["Turbo","Rebound"],"picked":"Double Energy+1","floor":28},{"not_picked":["Hyperbeam","Turbo"],"picked":"Steam","floor":31}],"player_experience":722233,"relics_obtained":[{"floor":2,"key":"Lantern"},{"floor":6,"key":"Incense Burner"},{"floor":9,"key":"Gambling Chip"},{"floor":11,"key":"Peace Pipe"},{"floor":14,"key":"Mummified Hand"},{"floor":22,"key":"Necronomicon"},{"floor":28,"key":"Anchor"},{"floor":30,"key":"Juzu Bracelet"}],"event_choices":[{"event_name":"Big Fish","player_choice":"Donut","floor":3,"damage_taken":0},{"event_name":"Golden Shrine","player_choice":"Pray","floor":10,"damage_taken":0},{"event_name":"FaceTrader","player_choice":"Trade","floor":19,"damage_taken":0},{"event_name":"Cursed Tome","player_choice":"Obtained Book","floor":22,"damage_taken":0},{"event_name":"Back to Basics","player_choice":"Simplicity","floor":27,"damage_taken":0},{"event_name":"NoteForYourself","player_choice":"Took Card","floor":29,"damage_taken":0}],"is_beta":true,"boss_relics":[{"not_picked":["Black Star","Pandora\u0027s Box"],"picked":"Inserter"}],"items_purged_floors":[21],"is_endless":false,"potions_floor_spawned":[4,8,12,13,24,31],"killed_by":"Automaton","ascension_level":7}