{"gold_per_floor":[10,26,26,42,18,18,46,46,46,75,75,87,102,102,102,203,203,189,205,0,0,18,18,44,44,68,68,93,421,421,421,421,517,517,535,232,280,178,191,191,52,52,100,111,123,154,154,166,166,166],"floor_reached":51,"playtime":2625,"items_purged":["Strike_G"],"score":1279,"play_id":"79227317-45e8-4107-8fc5-1e0999d7efae","local_time":"20180815224739","is_ascension_mode":true,"campfire_choices":[{"data":"Neutralize","floor":6,"key":"SMITH"},{"data":"Cloak And Dagger","floor":8,"key":"SMITH"},{"floor":15,"key":"REST"},{"data":"Catalyst","floor":23,"key":"SMITH"},{"floor":25,"key":"REST"},{"data":"Night Terror","floor":30,"key":"SMITH"},{"data":"Ghostly","floor":32,"key":"SMITH"},{"floor":40,"key":"REST"},{"data":"Night Terror","floor":42,"key":"SMITH"},{"data":"Ghostly","floor":47,"key":"SMITH"},{"data":"Catalyst","floor":49,"key":"SMITH"}],"neow_cost":"NO_GOLD","seed_source_timestamp":0,"circlet_count":0,"master_deck":["Defend_G","Defend_G","Defend_G","Defend_G","Defend_G","Strike_G+1","Strike_G","Strike_G","Strike_G","Survivor","Neutralize+1","AscendersBane","Dagger Spray","Cloak And Dagger+1","Noxious Fumes","Sucker Punch+1","Cloak And Dagger","Catalyst+1","Catalyst+1","Die Die Die+1","Infinite Blades","Blade Dance","Night Terror+1","Panacea","Wraith Form v2","Dash+1","Ghostly+1","Ghostly+1","Ghostly","Ghostly","Ghostly","Wraith Form v2","Footwork","Cloak And Dagger","Dark Shackles","Backflip","Noxious Fumes","PiercingWail","Distraction","Night Terror+1","PiercingWail","Accuracy+1"],"relics":["Ring of the Snake","Bag of Preparation","Mummified Hand","Thread and Needle","White Beast Statue","TwistedFunnel","Bottled Tornado","Bronze Scales","Whetstone","Old Coin","Sozu","Dead Branch","Regal Pillow","Kunai"],"potions_floor_usage":[16,18,19,22,24,24,33,50,50],"damage_taken":[{"damage":0,"enemies":"2 Louse","floor":1,"turns":4},{"damage":0,"enemies":"Jaw Worm","floor":2,"turns":5},{"damage":0,"enemies":"Cultist","floor":4,"turns":4},{"damage":30,"enemies":"Lagavulin","floor":7,"turns":8},{"damage":12,"enemies":"3 Sentries","floor":10,"turns":7},{"damage":5,"enemies":"Blue Slaver","floor":12,"turns":4},{"damage":0,"enemies":"2 Fungi Beasts","floor":13,"turns":3},{"damage":7,"enemies":"Hexaghost","floor":16,"turns":9},{"damage":6,"enemies":"2 Thieves","floor":18,"turns":4},{"damage":0,"enemies":"3 Byrds","floor":19,"turns":4},{"damage":9,"enemies":"Snecko","floor":22,"turns":7},{"damage":31,"enemies":"Slavers","floor":24,"turns":8},{"damage":5,"enemies":"Book of Stabbing","floor":29,"turns":5},{"damage":34,"enemies":"Automaton","floor":33,"turns":14},{"damage":0,"enemies":"Orb Walker","floor":35,"turns":3},{"damage":5,"floor":37,"turns":5},{"damage":0,"enemies":"Flame Bruiser 1 Orb","floor":39,"turns":6},{"damage":0,"enemies":"Sphere and 2 Shapes","floor":44,"turns":5},{"damage":0,"enemies":"Jaw Worm Horde","floor":45,"turns":6},{"damage":0,"enemies":"Giant Head","floor":46,"turns":10},{"damage":0,"enemies":"Flame Bruiser 2 Orb","floor":48,"turns":7},{"damage":9,"enemies":"Time Eater","floor":50,"turns":5}],"seed_played":"4194091927735337566","potions_obtained":[{"floor":2,"key":"GhostInAJar"},{"floor":10,"key":"SkillPotion"},{"floor":16,"key":"Block Potion"},{"floor":18,"key":"GhostInAJar"},{"floor":19,"key":"Dexterity Potion"},{"floor":22,"key":"SkillPotion"},{"floor":24,"key":"FearPotion"},{"floor":29,"key":"LiquidBronze"},{"floor":33,"key":"LiquidBronze"}],"is_trial":false,"path_per_floor":["M","M","$","M","$","R","E","R","T","E","?","M","M","?","R","B",null,"M","M","$","?","M","R","E","R","T","?","T","E","R","?","R","B",null,"M","$","?","$","M","R","$","R","T","M","M","E","R","M","R","B"],"character_chosen":"THE_SILENT","items_purchased":["Sucker Punch","TwistedFunnel","Footwork","Cloak And Dagger","Dark Shackles","Noxious Fumes","PiercingWail","Night Terror"],"campfire_rested":3,"item_purchase_floors":[5,20,36,36,36,38,38,41],"current_hp_per_floor":[77,77,77,77,77,77,47,47,47,35,35,30,30,30,55,48,75,69,69,69,69,60,60,29,54,54,54,54,49,49,42,42,8,34,34,34,29,29,29,41,41,41,41,41,41,41,41,41,41,32],"gold":166,"neow_bonus":"TWENTY_PERCENT_HP_BONUS","is_prod":false,"is_daily":false,"chose_seed":true,"campfire_upgraded":8,"win_rate":0,"timestamp":1534387659,"path_taken":["M","M","$","M","$","R","E","R","T","E","?","M","M","?","R","BOSS","M","M","$","?","?","R","E","R","T","?","?","E","R","?","R","BOSS","M","?","?","?","M","R","?","R","T","M","M","E","R","M","R","BOSS"],"build_version":"2018-08-14","purchased_purges":1,"victory":true,"max_hp_per_floor":[84,84,84,84,84,84,84,84,84,84,84,84,84,84,84,84,84,84,84,84,84,84,84,84,84,84,84,84,84,84,42,42,42,42,42,42,42,42,42,42,42,42,42,42,42,42,42,42,42,42],"card_choices":[{"not_picked":["Flying Knee","Quick Slash"],"picked":"Dagger Spray","floor":1},{"not_picked":["Dagger Throw","Reflex"],"picked":"Cloak And Dagger","floor":2},{"not_picked":["Tactician","Deadly Poison"],"picked":"Noxious Fumes","floor":4},{"not_picked":["Bane","Bullet Time"],"picked":"Cloak And Dagger","floor":7},{"not_picked":["Underhanded Strike","Eviscerate","Prepared"],"picked":"SKIP","floor":10},{"not_picked":["Accuracy","Dodge and Roll"],"picked":"Catalyst","floor":12},{"not_picked":["Skewer","Dodge and Roll"],"picked":"Catalyst","floor":13},{"not_picked":["Bullet Time","Grand Finale"],"picked":"Die Die Die","floor":16},{"not_picked":["Accuracy","Crippling Poison"],"picked":"Infinite Blades","floor":18},{"not_picked":["Dagger Throw","Sucker Punch"],"picked":"Blade Dance","floor":19},{"not_picked":["Acrobatics","Underhanded Strike","Slice"],"picked":"SKIP","floor":22},{"not_picked":["Prepared","Flying Knee"],"picked":"Wraith Form v2","floor":24},{"not_picked":["Choke","Acrobatics"],"picked":"Dash+1","floor":29},{"not_picked":["Bullet Time","Adrenaline"],"picked":"Wraith Form v2","floor":33},{"not_picked":["Dash","Concentrate","Underhanded Strike"],"picked":"SKIP","floor":35},{"not_picked":["Masterful Stab","Poisoned Stab"],"picked":"Backflip","floor":37},{"not_picked":["Riddle With Holes","Dagger Spray"],"picked":"Distraction","floor":39},{"not_picked":["Sucker Punch","Reflex"],"picked":"PiercingWail","floor":44},{"not_picked":["Eviscerate","Unload","Sucker Punch"],"picked":"SKIP","floor":45},{"not_picked":["Bane","Underhanded Strike","Finisher"],"picked":"SKIP","floor":46},{"not_picked":["Blade Dance","Quick Slash"],"picked":"Accuracy+1","floor":48}],"player_experience":778006,"relics_obtained":[{"floor":7,"key":"Bag of Preparation"},{"floor":9,"key":"Mummified Hand"},{"floor":10,"key":"Thread and Needle"},{"floor":24,"key":"Bottled Tornado"},{"floor":26,"key":"Bronze Scales"},{"floor":28,"key":"Whetstone"},{"floor":29,"key":"Old Coin"},{"floor":37,"key":"Dead Branch"},{"floor":43,"key":"Regal Pillow"},{"floor":46,"key":"Kunai"}],"event_choices":[{"event_name":"Liars Game","player_choice":"disagreed","floor":11,"damage_taken":0},{"event_name":"Living Wall","player_choice":"Grow","floor":14,"damage_taken":0},{"event_name":"Match and Keep!","player_choice":"2 cards matched","floor":21,"damage_taken":0},{"event_name":"Drug Dealer","player_choice":"Ignored","floor":27,"damage_taken":0},{"event_name":"Ghosts","player_choice":"Became a Ghost","floor":31,"damage_taken":0},{"event_name":"Mysterious Sphere","player_choice":"Fight","floor":37,"damage_taken":0}],"is_beta":true,"boss_relics":[{"not_picked":["Calling Bell","Pandora\u0027s Box"],"picked":"White Beast Statue"},{"not_picked":["Ring of the Serpent","Black Star"],"picked":"Sozu"}],"items_purged_floors":[36],"is_endless":false,"potions_floor_spawned":[2,10,13,16,18,19,22,24,29,33,35,37,39,44,45,46,48],"ascension_level":12}