{"path_per_floor":["M","M","M","M","$","R","M","E","T","M","M","M","M","M","R"],"character_chosen":"DEFECT","items_purchased":["Doom and Gloom"],"gold_per_floor":[117,127,146,166,130,130,144,169,196,209,224,234,246,265,265,265],"floor_reached":16,"campfire_rested":1,"playtime":842,"current_hp_per_floor":[74,74,69,65,65,65,62,38,38,40,41,39,26,16,38,0],"items_purged":[],"gold":265,"score":110,"play_id":"200f0f48-1c7d-4d41-aa2a-31a740e99590","local_time":"20180426213711","is_prod":false,"is_daily":false,"chose_seed":false,"is_ascension_mode":false,"campfire_upgraded":1,"timestamp":1524793031,"path_taken":["M","M","M","M","$","R","M","E","T","M","M","M","M","M","R","BOSS"],"build_version":"2018-04-26","seed_source_timestamp":1256138568622749,"purchased_purges":0,"victory":false,"master_deck":["Strike_B","Strike_B","Strike_B","Strike_B","Defend_B","Defend_B","Defend_B","Defend_B","Zap","Dualcast","Cold Snap","Storm","Self Repair","Ball Lightning","Doom and Gloom+1","Darkness","Barrage","Impulse","Sweeping Beam","Blizzard","Capacitor","Leap"],"max_hp_per_floor":[75,75,75,75,75,75,75,75,75,75,75,75,75,75,75,75],"relics":["Cracked Core","Singing Bowl","Pen Nib"],"card_choices":[{"not_picked":["Coolheaded","Stack"],"picked":"Cold Snap","floor":1},{"not_picked":["Cold Snap","Stack"],"picked":"Storm","floor":2},{"not_picked":["Hologram","Doom and Gloom"],"picked":"Self Repair","floor":3},{"not_picked":["Hologram","Genetic Algorithm"],"picked":"Ball Lightning","floor":4},{"not_picked":["Steam Power","Coolheaded"],"picked":"Darkness","floor":7},{"not_picked":["Storm","Leap"],"picked":"Barrage","floor":8},{"not_picked":["Go for the Eyes","Hologram"],"picked":"Impulse","floor":10},{"not_picked":["Self Repair","Cold Snap"],"picked":"Sweeping Beam","floor":11},{"not_picked":["Leap","Stack"],"picked":"Blizzard","floor":12},{"not_picked":["Loop","Impulse"],"picked":"Capacitor","floor":13},{"not_picked":["Chill","Defragment"],"picked":"Leap","floor":14}],"player_experience":298298,"potions_floor_usage":[4,13,16],"damage_taken":[{"damage":1,"enemies":"Jaw Worm","floor":1,"turns":4},{"damage":0,"enemies":"2 Louse","floor":2,"turns":3},{"damage":5,"enemies":"Small Slimes","floor":3,"turns":4},{"damage":4,"enemies":"Red Slaver","floor":4,"turns":3},{"damage":10,"enemies":"3 Louse","floor":7,"turns":3},{"damage":24,"enemies":"Gremlin Nob","floor":8,"turns":5},{"damage":5,"enemies":"Large Slime","floor":10,"turns":3},{"damage":6,"enemies":"2 Fungi Beasts","floor":11,"turns":3},{"damage":9,"enemies":"Blue Slaver","floor":12,"turns":3},{"damage":13,"enemies":"Exordium Thugs","floor":13,"turns":3},{"damage":17,"enemies":"Large Slime","floor":14,"turns":4},{"damage":38,"enemies":"The Guardian","floor":16,"turns":5}],"event_choices":[],"boss_relics":[],"potions_floor_spawned":[2,3,4,7,13,14],"seed_played":"-6190435815870869248","killed_by":"The Guardian","ascension_level":0,"is_trial":false}