{"path_per_floor":["M","$","M","$","$","E","M","R","T","M","E","T","R","?","R","B",null,"M","M","?","M","?","E","M","M","T","M","?","R","$","E","R","B",null,"M","M","$","M","$","R","M","R","T","M","M","R","$","M","R"],"character_chosen":"THE_SILENT","items_purchased":["Skewer","Dash","Vajra","Flash of Steel","Caltrops","Lantern","Infinite Blades","Finesse","Accuracy","Well Laid Plans"],"gold_per_floor":[114,80,92,24,24,51,69,69,69,79,108,163,163,163,163,287,287,312,335,335,360,460,495,519,534,534,550,550,550,163,207,207,326,326,342,367,56,80,45,45,59,59,82,102,123,123,53,71,71,71],"floor_reached":50,"campfire_rested":4,"playtime":2125,"current_hp_per_floor":[66,66,66,66,66,50,48,69,69,69,53,53,53,53,53,32,65,62,59,59,59,59,30,19,14,14,14,35,54,54,58,58,56,65,46,46,46,41,41,41,41,41,41,27,13,32,32,42,61,0],"items_purged":["Defend_G"],"gold":71,"score":519,"play_id":"8645987d-33f4-4e1c-9df3-50df7e6e564f","local_time":"20180419202306","is_prod":false,"is_daily":false,"chose_seed":false,"is_ascension_mode":false,"campfire_upgraded":5,"timestamp":1524183786,"path_taken":["M","$","M","?","$","E","M","R","T","?","E","?","R","?","R","BOSS","M","M","?","?","?","E","M","M","T","M","?","R","$","E","R","BOSS","M","?","$","M","?","R","?","R","T","M","M","R","$","M","R","BOSS"],"build_version":"2018-04-19","seed_source_timestamp":645547090588753,"purchased_purges":1,"victory":false,"master_deck":["Survivor+1","Neutralize","Phantasmal Killer+1","Dagger Spray","Skewer+1","Dagger Spray","Dash","Dodge and Roll+1","After Image+1","Cloak And Dagger+1","Backflip+1","A Thousand Cuts+1","PiercingWail+1","Cloak And Dagger+1","Dagger Throw+1","After Image","Injury","Flash of Steel","Caltrops","Acrobatics+1","Adrenaline+1","Deadly Poison","Acrobatics","Quick Slash","Reflex","Noxious Fumes","Underhanded Strike","Riddle With Holes","Finisher","Escape Plan","Infinite Blades","Finesse","Endless Agony+1","Accuracy","Malaise+1","Decay","Slice","Dodge and Roll+1","Well Laid Plans","Slice+1"],"max_hp_per_floor":[70,70,70,70,70,70,70,70,70,70,70,70,70,65,65,65,65,65,65,65,65,65,65,65,65,65,65,65,65,65,65,65,65,65,65,65,65,65,65,65,65,65,65,65,65,65,65,65,65,65],"relics":["Ring of the Snake","Toolbox","Shuriken","Bag of Preparation","Happy Flower","Golden Idol","Cursed Key","Kunai","Mercury Hourglass","Vajra","Bottled Lightning","Pandora\u0027s Box","Lantern","War Paint"],"card_choices":[{"not_picked":["Bane","Deadly Poison"],"picked":"Dagger Spray","floor":1},{"not_picked":["Bane","Infinite Blades"],"picked":"Dagger Spray","floor":3},{"not_picked":["Eviscerate","Catalyst"],"picked":"Dodge and Roll","floor":11},{"not_picked":["Phantasmal Killer","Tactician"],"picked":"After Image","floor":16},{"not_picked":["Flying Knee","Backflip"],"picked":"Cloak And Dagger","floor":18},{"not_picked":["Concentrate","Dagger Throw"],"picked":"Backflip","floor":19},{"not_picked":["After Image","Catalyst"],"picked":"PiercingWail","floor":21},{"not_picked":["Heel Hook","Accuracy"],"picked":"Cloak And Dagger","floor":23},{"not_picked":["Deflect","PiercingWail"],"picked":"Dagger Throw","floor":24},{"not_picked":["Masterful Stab","Catalyst"],"picked":"After Image","floor":25},{"not_picked":["Bouncing Flask","Eviscerate"],"picked":"Acrobatics","floor":31},{"not_picked":["Wraith Form v2","Die Die Die"],"picked":"Adrenaline","floor":33},{"not_picked":["Dagger Spray","Deflect"],"picked":"Escape Plan","floor":35},{"not_picked":["Distraction","Prepared"],"picked":"Endless Agony","floor":38},{"not_picked":["Dodge and Roll","Well Laid Plans"],"picked":"Malaise","floor":41},{"not_picked":["Flying Knee","Dash"],"picked":"Slice","floor":44},{"not_picked":["Quick Slash","Flying Knee"],"picked":"Dodge and Roll","floor":45},{"not_picked":["All Out Attack","Underhanded Strike"],"picked":"Slice","floor":48}],"player_experience":249518,"potions_floor_usage":[16,21,25,27,31,33,33,33,48,50,50],"damage_taken":[{"damage":4,"enemies":"Cultist","floor":1,"turns":5},{"damage":0,"enemies":"Small Slimes","floor":3,"turns":2},{"damage":16,"enemies":"3 Sentries","floor":6,"turns":6},{"damage":2,"enemies":"Jaw Worm","floor":7,"turns":3},{"damage":0,"enemies":"Gremlin Gang","floor":10,"turns":2},{"damage":16,"enemies":"Gremlin Nob","floor":11,"turns":4},{"damage":21,"enemies":"Hexaghost","floor":16,"turns":10},{"damage":3,"enemies":"Spheric Guardian","floor":18,"turns":4},{"damage":3,"enemies":"Chosen","floor":19,"turns":4},{"damage":0,"enemies":"Snake Plant","floor":21,"turns":3},{"damage":33,"enemies":"Gremlin Leader","floor":23,"turns":6},{"damage":11,"enemies":"3 Cultists","floor":24,"turns":6},{"damage":5,"enemies":"Snecko","floor":25,"turns":3},{"damage":0,"enemies":"Centurion and Healer","floor":27,"turns":5},{"damage":5,"enemies":"Slavers","floor":31,"turns":4},{"damage":2,"enemies":"Champ","floor":33,"turns":8},{"damage":19,"enemies":"Flame Bruiser 1 Orb","floor":35,"turns":4},{"damage":0,"enemies":"Orb Walker","floor":36,"turns":2},{"damage":5,"enemies":"Sphere and 2 Shapes","floor":38,"turns":3},{"damage":0,"enemies":"3 Darklings","floor":41,"turns":2},{"damage":14,"enemies":"Spire Growth","floor":44,"turns":5},{"damage":14,"enemies":"Flame Bruiser 2 Orb","floor":45,"turns":3},{"damage":2,"enemies":"Sphere and 2 Shapes","floor":48,"turns":5},{"damage":62,"enemies":"Donu and Deca","floor":50,"turns":4}],"event_choices":[{"event_name":"Golden Idol","player_choice":"Lose Max HP","floor":14,"damage_taken":0},{"event_name":"Transmorgrifier","player_choice":"Transform","floor":20,"damage_taken":0},{"event_name":"Golden Shrine","player_choice":"Pray","floor":22,"damage_taken":0},{"event_name":"The Library","player_choice":"Heal","floor":28,"damage_taken":0}],"boss_relics":[{"not_picked":["Eternal Feather","Philosopher\u0027s Stone"],"picked":"Cursed Key"},{"not_picked":["Runic Pyramid","White Beast Statue"],"picked":"Pandora\u0027s Box"}],"potions_floor_spawned":[6,7,10,19,24,25,27,31,41,44,45],"seed_played":"6042472527507886027","killed_by":"Donu and Deca","ascension_level":0,"is_trial":false}