{"gold_per_floor":[111,111,125,143,193,193,218,251,251,251,16,60,60,83,83,83],"floor_reached":16,"playtime":874,"items_purged":["Strike_R"],"score":220,"play_id":"edad2ec0-bec7-40a9-bb49-58fbe964d3a1","local_time":"20190117220224","is_ascension_mode":true,"campfire_choices":[{"data":"Bash","floor":6,"key":"SMITH"},{"floor":10,"key":"REST"},{"data":"Whirlwind","floor":13,"key":"SMITH"},{"data":"Inflame","floor":15,"key":"SMITH"}],"neow_cost":"NONE","seed_source_timestamp":88962570586478,"circlet_count":0,"master_deck":["AscendersBane","Strike_R","Strike_R","Strike_R","Strike_R","Defend_R","Defend_R","Defend_R","Defend_R","Bash+1","Shrug It Off","Whirlwind+1","Body Slam","Metallicize","Inflame+1","Blind","Sword Boomerang","True Grit+1"],"relics":["Burning Blood","Golden Idol","Mummified Hand","Letter Opener","Toxic Egg 2"],"potions_floor_usage":[4,16,16],"damage_taken":[{"damage":7,"enemies":"2 Louse","floor":1,"turns":4},{"damage":11,"enemies":"Jaw Worm","floor":3,"turns":7},{"damage":0,"enemies":"Cultist","floor":4,"turns":4},{"damage":11,"enemies":"Looter","floor":7,"turns":4},{"damage":28,"enemies":"Gremlin Nob","floor":8,"turns":4},{"damage":21,"enemies":"3 Sentries","floor":12,"turns":8},{"damage":0,"enemies":"3 Louse","floor":14,"turns":1},{"damage":28,"enemies":"Hexaghost","floor":16,"turns":11}],"seed_played":"501076600154595689","potions_obtained":[{"floor":3,"key":"Block Potion"},{"floor":8,"key":"Explosive Potion"}],"is_trial":false,"path_per_floor":["M","?","M","M","?","R","M","E","T","R","$","E","R","M","R","B"],"character_chosen":"IRONCLAD","items_purchased":["Blind","Weak Potion"],"campfire_rested":1,"item_purchase_floors":[11,11],"current_hp_per_floor":[74,46,41,47,39,39,34,12,12,36,36,21,21,27,27,0],"gold":83,"neow_bonus":"TEN_PERCENT_HP_BONUS","is_prod":false,"is_daily":false,"chose_seed":false,"campfire_upgraded":3,"win_rate":0,"timestamp":1547791344,"path_taken":["M","?","M","M","?","R","?","E","T","R","$","E","R","M","R","BOSS"],"build_version":"2019-01-16","purchased_purges":1,"victory":false,"max_hp_per_floor":[82,82,82,82,82,82,82,82,82,82,82,82,82,82,82,82],"card_choices":[{"not_picked":["Heavy Blade","Fire Breathing"],"picked":"Shrug It Off","floor":1},{"not_picked":["Reckless Charge","Wild Strike"],"picked":"Whirlwind","floor":3},{"not_picked":["Dual Wield","Searing Blow"],"picked":"Body Slam","floor":4},{"not_picked":["Power Through","Blood for Blood"],"picked":"Metallicize","floor":7},{"not_picked":["Heavy Blade","Metallicize"],"picked":"Inflame","floor":8},{"not_picked":["Dropkick","Flex"],"picked":"Sword Boomerang","floor":12},{"not_picked":["Hemokinesis","Power Through+1"],"picked":"True Grit+1","floor":14}],"player_experience":1249517,"relics_obtained":[{"floor":8,"key":"Mummified Hand"},{"floor":9,"key":"Letter Opener"},{"floor":12,"key":"Toxic Egg 2"}],"event_choices":[{"damage_healed":0,"gold_gain":0,"player_choice":"Take Damage","damage_taken":28,"relics_obtained":["Golden Idol"],"max_hp_gain":0,"max_hp_loss":0,"event_name":"Golden Idol","floor":2,"gold_loss":0},{"damage_healed":0,"gold_gain":50,"player_choice":"Touch","damage_taken":8,"max_hp_gain":0,"max_hp_loss":0,"event_name":"FaceTrader","floor":5,"gold_loss":0}],"is_beta":true,"boss_relics":[],"items_purged_floors":[11],"is_endless":false,"potions_floor_spawned":[3,8],"killed_by":"Hexaghost","ascension_level":20}