{"path_per_floor":["M","?","M","?","M","E","R","E","T","R","E","M","R","?","R","B",null,"M","$","?","M","M","R","E","R","T","M","?","R","?","E","R"],"character_chosen":"THE_SILENT","items_purchased":["Paper Crane","Regen Potion"],"gold_per_floor":[111,111,130,130,148,179,179,209,209,209,236,250,250,250,250,346,346,362,55,55,67,77,77,111,111,111,128,128,128,128,157,157],"floor_reached":33,"campfire_rested":7,"playtime":2006,"current_hp_per_floor":[70,63,63,63,63,42,42,24,24,45,23,25,46,46,67,28,70,31,31,54,51,40,61,18,39,39,40,40,61,61,19,55],"items_purged":["Strike_G"],"gold":157,"score":346,"play_id":"4c020ad4-3381-4aad-b22c-05eb29ec377d","local_time":"20180305211614","is_prod":false,"is_daily":false,"is_ascension_mode":true,"campfire_upgraded":1,"timestamp":1520302574,"path_taken":["M","?","?","?","M","E","R","E","T","R","E","M","R","?","R","BOSS","M","$","?","M","M","R","E","R","T","?","?","R","?","E","R","BOSS"],"build_version":"2018-03-01-PROD1","purchased_purges":1,"victory":false,"master_deck":["Defend_G","Defend_G","Defend_G","Defend_G","Defend_G","Strike_G","Strike_G","Strike_G","Survivor","Neutralize+1","Heel Hook","Predator","Dagger Spray","Cloak And Dagger","Quick Slash","PiercingWail","Terror","Bullet Time","Backflip+1","Well Laid Plans+1","Backflip","Acrobatics","Bouncing Flask","Backflip+1","Dodge and Roll"],"max_hp_per_floor":[70,70,70,70,70,70,70,70,70,70,70,70,70,70,70,70,70,70,70,70,70,70,70,70,70,70,70,70,70,70,70,70],"relics":["Ring of the Snake","NeowsBlessing","The Courier","Lantern","Blood Vial","Bag of Preparation","Question Card","Paper Crane","Ginger","Torii","Regal Pillow"],"card_choices":[{"not_picked":["Dagger Throw","Slice"],"picked":"Heel Hook"},{"not_picked":["Accuracy","Dagger Throw"],"picked":"Predator"},{"not_picked":["Poisoned Stab","Dash"],"picked":"Dagger Spray"},{"not_picked":["Wraith Form","Bane"],"picked":"Cloak And Dagger"},{"not_picked":["Masterful Stab","Underhanded Strike"],"picked":"Quick Slash"},{"not_picked":["Setup","Prepared"],"picked":"PiercingWail"},{"not_picked":["Dodge and Roll","Deadly Poison"],"picked":"Terror"},{"not_picked":["A Thousand Cuts","Doppelganger"],"picked":"Bullet Time"},{"not_picked":["Dagger Spray","Acrobatics","Deflect"],"picked":"Backflip"},{"not_picked":["Blade Dance","Bane","Poisoned Stab"],"picked":"Well Laid Plans"},{"not_picked":["Cloak And Dagger","Dodge and Roll","Outmaneuver"],"picked":"Backflip"},{"not_picked":["Backstab","Prepared","Dagger Spray"],"picked":"Acrobatics"},{"not_picked":["Infinite Blades","Prepared","Backstab"],"picked":"Bouncing Flask"},{"not_picked":["Quick Slash","Setup","Endless Agony"],"picked":"Dodge and Roll"}],"player_experience":416155,"potions_floor_usage":[6,8,11,12,24,31,31],"damage_taken":[{"damage":0,"enemies":"Jaw Worm","floor":1,"turns":1},{"damage":0,"enemies":"Small Slimes","floor":3,"turns":1},{"damage":0,"enemies":"Cultist","floor":5,"turns":1},{"damage":21,"enemies":"Gremlin Nob","floor":6,"turns":5},{"damage":18,"enemies":"3 Sentries","floor":8,"turns":7},{"damage":24,"enemies":"Lagavulin","floor":11,"turns":8},{"damage":0,"enemies":"2 Fungi Beasts","floor":12,"turns":2},{"damage":41,"enemies":"Hexaghost","floor":16,"turns":13},{"damage":39,"enemies":"Spheric Guardian","floor":18,"turns":6},{"damage":5,"enemies":"2 Thieves","floor":21,"turns":4},{"damage":13,"enemies":"Snecko","floor":22,"turns":5},{"damage":60,"enemies":"Gremlin Leader","floor":24,"turns":12},{"damage":1,"enemies":"Snake Plant","floor":27,"turns":5},{"damage":44,"enemies":"Slavers","floor":31,"turns":8},{"damage":63,"enemies":"Collector","floor":33,"turns":9}],"event_choices":[{"event_name":"Golden Wing","player_choice":"Card Removal","floor":2,"damage_taken":0},{"event_name":"The Lab","player_choice":"Got Potions","floor":4,"damage_taken":0},{"event_name":"Liars Game","player_choice":"disagreed","floor":14,"damage_taken":0},{"event_name":"The Library","player_choice":"Heal","floor":20,"damage_taken":0},{"event_name":"Upgrade Shrine","player_choice":"Upgraded","floor":28,"damage_taken":0},{"event_name":"Duplicator","player_choice":"One dupe","floor":30,"damage_taken":0}],"boss_relics":[{"not_picked":["The Specimen","Runic Dome"],"picked":"Question Card"}],"potions_floor_spawned":[1,5,8,11,18],"seed_played":"-2553082936620967101","killed_by":"Collector","ascension_level":3,"is_trial":false}