{"path_per_floor":["M","?","?","M","M","R","E","R","T","$","M","E","T","M","R"],"character_chosen":"DEFECT","items_purchased":["Thread and Needle"],"gold_per_floor":[110,185,185,201,214,214,243,243,299,11,31,63,63,83,83,83],"floor_reached":16,"campfire_rested":2,"playtime":578,"current_hp_per_floor":[75,64,64,54,53,53,32,54,54,54,52,35,35,34,56,0],"items_purged":[],"gold":83,"score":110,"play_id":"6481d05d-19bf-43e8-9374-f7317d0ab0fa","local_time":"20180428131041","is_prod":false,"is_daily":false,"chose_seed":false,"is_ascension_mode":false,"campfire_upgraded":1,"timestamp":1524935441,"path_taken":["M","?","?","M","?","R","E","R","T","$","M","E","?","M","R","BOSS"],"build_version":"2018-04-27v3","seed_source_timestamp":1398832747278916,"purchased_purges":0,"victory":false,"master_deck":["Strike_B","Strike_B","Strike_B","Strike_B","Defend_B","Defend_B","Defend_B","Defend_B","Zap","Dualcast","Fusion","Impulse","Decay","Sunder+1","Capacitor","Sunder","Barrage","White Noise","Doom and Gloom"],"max_hp_per_floor":[75,75,75,75,75,75,75,75,75,75,75,75,75,75,75,75],"relics":["Cracked Core","Anchor","Tiny Chest","Thread and Needle","Kunai","Sundial"],"card_choices":[{"not_picked":["Cold Snap","Heatsinks"],"picked":"Impulse","floor":1},{"not_picked":["Turbo","Capacitor"],"picked":"Sunder","floor":4},{"not_picked":["Skim","Melter"],"picked":"Capacitor","floor":5},{"not_picked":["Blizzard","Hello World"],"picked":"Sunder","floor":7},{"not_picked":["Reboot","Go for the Eyes"],"picked":"Barrage","floor":11},{"not_picked":["Coolheaded","Stack"],"picked":"White Noise","floor":12},{"not_picked":["Go for the Eyes","Hologram"],"picked":"Doom and Gloom","floor":14}],"player_experience":308868,"potions_floor_usage":[7],"damage_taken":[{"damage":0,"enemies":"Small Slimes","floor":1,"turns":4},{"damage":10,"enemies":"Jaw Worm","floor":4,"turns":5},{"damage":1,"enemies":"Cultist","floor":5,"turns":3},{"damage":21,"enemies":"Gremlin Nob","floor":7,"turns":4},{"damage":2,"enemies":"Looter","floor":11,"turns":2},{"damage":17,"enemies":"Lagavulin","floor":12,"turns":6},{"damage":1,"enemies":"Exordium Thugs","floor":14,"turns":5},{"damage":57,"enemies":"The Guardian","floor":16,"turns":8}],"event_choices":[{"event_name":"World of Goop","player_choice":"Gather Gold","floor":2,"damage_taken":0},{"event_name":"Wheel of Change","player_choice":"Curse","floor":3,"damage_taken":0}],"boss_relics":[],"potions_floor_spawned":[5,7,14],"seed_played":"5197902338259103072","killed_by":"The Guardian","ascension_level":0,"is_trial":false}