{"path_per_floor":["M","?","?","M","M","R","E","R","T","R","?","E","?","?","R"],"character_chosen":"THE_SILENT","items_purchased":[],"gold_per_floor":[116,116,116,131,144,144,172,172,198,198,163,193,193,193,193,193],"floor_reached":16,"campfire_rested":1,"playtime":529,"current_hp_per_floor":[70,70,80,80,80,80,46,46,46,46,66,50,50,50,74,0],"items_purged":[],"gold":193,"score":106,"play_id":"3745d1f2-11bb-4e1f-a991-283de2957696","local_time":"20180326224859","is_prod":false,"is_daily":false,"is_ascension_mode":false,"campfire_upgraded":3,"timestamp":1522118939,"path_taken":["M","?","?","M","M","R","E","R","T","R","?","E","?","?","R","BOSS"],"build_version":"2018-03-25","purchased_purges":0,"victory":false,"master_deck":["Defend_G","Defend_G","Defend_G","Defend_G","Defend_G","Strike_G","Strike_G","Strike_G","Strike_G","Survivor","Neutralize+1","All Out Attack","PiercingWail+1","Endless Agony+1","Well Laid Plans","Dagger Spray+1","Neutralize"],"max_hp_per_floor":[70,70,80,80,80,80,80,80,80,80,80,80,80,80,80,80],"relics":["Velvet Choker","Unceasing Top","Juzu Bracelet","Snake Skull"],"card_choices":[{"not_picked":["Deadly Poison","Outmaneuver"],"picked":"All Out Attack","floor":1},{"not_picked":["Underhanded Strike","Predator"],"picked":"PiercingWail","floor":4},{"not_picked":["Infinite Blades","Acrobatics"],"picked":"Endless Agony","floor":5},{"not_picked":["Flying Knee","Bane"],"picked":"Well Laid Plans","floor":7},{"not_picked":["Poisoned Stab","Tools of the Trade"],"picked":"Dagger Spray","floor":12}],"player_experience":16502,"potions_floor_usage":[16],"damage_taken":[{"damage":0,"enemies":"Small Slimes","floor":1,"turns":4},{"damage":0,"enemies":"Cultist","floor":4,"turns":4},{"damage":0,"enemies":"2 Louse","floor":5,"turns":2},{"damage":34,"enemies":"Lagavulin","floor":7,"turns":9},{"damage":16,"enemies":"Gremlin Nob","floor":12,"turns":5},{"damage":77,"enemies":"Hexaghost","floor":16,"turns":16}],"event_choices":[{"event_name":"Transmorgrifier","player_choice":"Transform","floor":2,"damage_taken":0},{"event_name":"Bonfire Elementals","player_choice":"RARE","floor":3,"damage_taken":0},{"event_name":"The Cleric","player_choice":"Healed","floor":11,"damage_taken":0},{"event_name":"Living Wall","player_choice":"Grow","floor":13,"damage_taken":0},{"event_name":"Match and Keep!","player_choice":"1 cards matched","floor":14,"damage_taken":0}],"boss_relics":[],"potions_floor_spawned":[1],"seed_played":"-7555591496675283905","killed_by":"Hexaghost","ascension_level":0,"is_trial":false}