{"path_per_floor":["M","$","M","M","?","R","E","?","T","R","$","M","M","?","R","B",null,"M","$","?","?","M","R","$","R","T","M","?","?","R"],"character_chosen":"THE_SILENT","items_purchased":["Juzu Bracelet","Regen Potion"],"gold_per_floor":[117,42,54,69,69,69,104,104,157,157,13,24,37,37,37,139,139,150,100,100,100,111,111,11,11,11,31,131,131,131],"floor_reached":31,"campfire_rested":4,"playtime":1702,"current_hp_per_floor":[70,70,70,70,75,75,54,43,43,67,67,67,57,41,65,44,84,22,22,22,22,8,26,26,44,44,57,57,57,57],"items_purged":["Strike_G","Pain","Regret"],"gold":131,"score":292,"play_id":"d60e84ce-33dc-446e-a7f2-e76d6ce17cb6","local_time":"20180304185857","is_prod":false,"is_daily":false,"is_ascension_mode":true,"campfire_upgraded":2,"timestamp":1520207937,"path_taken":["M","?","?","M","?","R","E","?","T","R","$","M","M","?","R","BOSS","M","$","?","?","M","R","$","R","T","M","?","?","R","E"],"build_version":"2018-03-01-PROD1","purchased_purges":3,"victory":false,"master_deck":["Defend_G+1","Defend_G+1","Defend_G+1","Defend_G","Defend_G","Survivor","Neutralize+1","Cloak And Dagger+1","Cloak And Dagger","Malaise","Escape Plan","Accuracy+1","Backflip","Normality","Caltrops","Bite","Bite","Bite","Bite","Bite","Writhe","Footwork"],"max_hp_per_floor":[70,70,70,70,75,75,75,82,82,82,82,82,82,82,82,84,84,84,84,58,58,60,60,60,60,60,60,60,60,60],"relics":["Ring of the Snake","War Paint","Ancient Tea Set","Strawberry","Singing Bowl","Juzu Bracelet","Calling Bell","Pantograph","Torii","Smiling Mask","Happy Flower","Unceasing Top"],"card_choices":[{"not_picked":["Quick Slash","Reflex"],"picked":"Cloak And Dagger"},{"not_picked":["Underhanded Strike","Flying Knee"],"picked":"Cloak And Dagger"},{"not_picked":["Outmaneuver","Quick Slash"],"picked":"Malaise"},{"not_picked":["Flechettes","Outmaneuver"],"picked":"Escape Plan"},{"not_picked":["Acrobatics","Bullet Time"],"picked":"Accuracy"},{"not_picked":["Deadly Poison","Concentrate"],"picked":"Backflip"},{"not_picked":["Prepared","Deadly Poison"],"picked":"Caltrops"},{"not_picked":["Cloak And Dagger","Heel Hook"],"picked":"Footwork"}],"player_experience":403587,"potions_floor_usage":[7,13,16,18,27],"damage_taken":[{"damage":0,"enemies":"Cultist","floor":1,"turns":5},{"damage":0,"enemies":"Small Slimes","floor":3,"turns":5},{"damage":0,"enemies":"Jaw Worm","floor":4,"turns":7},{"damage":21,"enemies":"3 Sentries","floor":7,"turns":14},{"damage":0,"enemies":"Red Slaver","floor":12,"turns":5},{"damage":10,"enemies":"Large Slime","floor":13,"turns":7},{"damage":38,"enemies":"The Guardian","floor":16,"turns":18},{"damage":77,"enemies":"Spheric Guardian","floor":18,"turns":10},{"damage":40,"enemies":"Shell Parasite","floor":22,"turns":10},{"damage":11,"enemies":"Snake Plant","floor":27,"turns":8},{"damage":66,"enemies":"Slavers","floor":31,"turns":9}],"event_choices":[{"event_name":"Big Fish","player_choice":"Donut","floor":5,"damage_taken":0},{"event_name":"Scrap Ooze","player_choice":"success","floor":8,"damage_taken":18},{"event_name":"Shining Light","player_choice":"Entered Light","floor":14,"damage_taken":0},{"event_name":"Vampires","player_choice":"Became a vampire","floor":20,"damage_taken":0},{"event_name":"The Mausoleum","player_choice":"Yes","floor":21,"damage_taken":0},{"event_name":"Golden Shrine","player_choice":"Pray","floor":28,"damage_taken":0},{"event_name":"Drug Dealer","player_choice":"Ignored","floor":29,"damage_taken":0}],"boss_relics":[{"not_picked":["Question Card","Pandora\u0027s Box"],"picked":"Calling Bell"}],"potions_floor_spawned":[3,4,13,16],"seed_played":"7724775070221065309","killed_by":"Slavers","ascension_level":3,"is_trial":false}