{"gold_per_floor":[363,438,455,455,455,484,484,81,81,81,94,114,147,164,164,259,259,269,184,202,213,40,55,55,55,78,78,5,19,38,55,55,55],"floor_reached":33,"playtime":1937,"items_purged":["Strike_R","Strike_R"],"score":298,"play_id":"188a1316-1188-4ca4-9e58-e4ed7284e5fc","local_time":"20190117165524","is_ascension_mode":true,"campfire_choices":[{"floor":7,"key":"REST"},{"floor":10,"key":"REST"},{"data":"Flame Barrier","floor":15,"key":"SMITH"},{"floor":24,"key":"REST"},{"data":"Offering","floor":27,"key":"SMITH"},{"floor":32,"key":"REST"}],"neow_cost":"TEN_PERCENT_HP_LOSS","seed_source_timestamp":683288523179881,"circlet_count":0,"master_deck":["Strike_R","Defend_R","Defend_R","Defend_R","Defend_R","Bash","Pommel Strike","Metallicize","Hemokinesis","Shrug It Off","Inflame","Flame Barrier+1","Spot Weakness","Disarm","Rampage","Offering+1","Disarm","Rupture","True Grit+1","Headbutt","Corruption","Dual Wield","Shrug It Off","Disarm"],"relics":["Burning Blood","Blue Candle","Mercury Hourglass","Charon\u0027s Ashes","Bottled Tornado","Runic Pyramid","Letter Opener","Omamori"],"potions_floor_usage":[13,21,23,29,33,33],"damage_taken":[{"damage":8,"enemies":"2 Louse","floor":1,"turns":4},{"damage":9,"enemies":"Jaw Worm","floor":3,"turns":4},{"damage":50,"enemies":"Lagavulin","floor":6,"turns":7},{"damage":6,"enemies":"Cultist","floor":11,"turns":4},{"damage":11,"enemies":"Looter","floor":12,"turns":3},{"damage":11,"enemies":"3 Sentries","floor":13,"turns":5},{"damage":0,"enemies":"Large Slime","floor":14,"turns":5},{"damage":19,"enemies":"The Guardian","floor":16,"turns":10},{"damage":22,"enemies":"Spheric Guardian","floor":18,"turns":4},{"damage":10,"enemies":"Chosen","floor":20,"turns":4},{"damage":21,"enemies":"Snake Plant","floor":21,"turns":4},{"damage":18,"enemies":"Centurion and Healer","floor":23,"turns":6},{"damage":9,"enemies":"3 Cultists","floor":29,"turns":3},{"damage":9,"enemies":"Snake Plant","floor":30,"turns":4},{"damage":10,"enemies":"Chosen and Byrds","floor":31,"turns":5},{"damage":72,"enemies":"Champ","floor":33,"turns":12}],"seed_played":"6003843596958839512","potions_obtained":[{"floor":6,"key":"Regen Potion"},{"floor":11,"key":"PowerPotion"},{"floor":14,"key":"SteroidPotion"},{"floor":20,"key":"Energy Potion"},{"floor":21,"key":"PowerPotion"},{"floor":30,"key":"Poison Potion"},{"floor":31,"key":"Block Potion"}],"is_trial":false,"path_per_floor":["M","?","M","?","?","E","R","$","T","R","M","M","E","M","R","B",null,"M","?","M","M","$","M","R","?","T","R","$","M","M","M","R","B"],"character_chosen":"IRONCLAD","items_purchased":["Inflame","Mercury Hourglass","Rupture","Corruption"],"campfire_rested":4,"item_purchase_floors":[8,8,22,28],"current_hp_per_floor":[70,59,56,61,61,17,40,40,40,63,63,58,67,73,73,60,77,61,61,57,42,42,30,53,53,53,53,53,50,47,43,66,0],"gold":55,"neow_bonus":"TWO_FIFTY_GOLD","is_prod":false,"is_daily":false,"chose_seed":false,"campfire_upgraded":2,"win_rate":0,"timestamp":1547762124,"path_taken":["M","?","M","?","?","E","R","$","T","R","M","?","E","M","R","BOSS","M","?","M","M","$","M","R","?","T","R","$","?","M","M","R","BOSS"],"build_version":"2019-01-16","purchased_purges":2,"victory":false,"max_hp_per_floor":[72,72,72,77,77,77,77,77,77,77,77,77,77,77,77,77,77,77,77,77,77,77,77,77,77,77,77,77,77,77,77,77,77],"card_choices":[{"not_picked":["Rupture","Shrug It Off"],"picked":"Pommel Strike","floor":1},{"not_picked":["Sword Boomerang","Infernal Blade"],"picked":"Metallicize","floor":3},{"not_picked":["Burning Pact","Infernal Blade"],"picked":"Shrug It Off","floor":6},{"not_picked":["Seeing Red","Burning Pact"],"picked":"Flame Barrier","floor":11},{"not_picked":["Cleave","Armaments"],"picked":"Spot Weakness","floor":12},{"not_picked":["Sentinel","Pommel Strike"],"picked":"Disarm","floor":13},{"not_picked":["Blood for Blood","Wild Strike"],"picked":"Rampage","floor":14},{"not_picked":["Bludgeon","Barricade"],"picked":"Offering","floor":16},{"not_picked":["Intimidate","Infernal Blade+1","Searing Blow"],"picked":"SKIP","floor":18},{"not_picked":["Thunderclap+1","Evolve"],"picked":"Disarm","floor":20},{"not_picked":["Iron Wave","Havoc","Flex"],"picked":"SKIP","floor":21},{"not_picked":["Clash","Metallicize"],"picked":"True Grit+1","floor":23},{"not_picked":["Perfected Strike","Warcry"],"picked":"Dual Wield","floor":29},{"not_picked":["Pummel","Headbutt+1"],"picked":"Shrug It Off","floor":30},{"not_picked":["Twin Strike","Entrench+1"],"picked":"Disarm","floor":31}],"player_experience":1265927,"relics_obtained":[{"floor":6,"key":"Blue Candle"},{"floor":9,"key":"Charon\u0027s Ashes"},{"floor":13,"key":"Bottled Tornado"},{"floor":26,"key":"Omamori"}],"event_choices":[{"damage_healed":0,"gold_gain":75,"player_choice":"Gather Gold","damage_taken":11,"max_hp_gain":0,"max_hp_loss":0,"event_name":"World of Goop","floor":2,"gold_loss":0},{"damage_healed":0,"gold_gain":0,"player_choice":"Donut","damage_taken":0,"max_hp_gain":5,"max_hp_loss":0,"event_name":"Big Fish","floor":4,"gold_loss":0},{"damage_healed":0,"gold_gain":0,"cards_transformed":["Strike_R"],"player_choice":"Transformed","damage_taken":0,"max_hp_gain":0,"max_hp_loss":0,"event_name":"Transmorgrifier","floor":5,"gold_loss":0,"cards_obtained":["Hemokinesis"]},{"damage_healed":0,"gold_gain":0,"player_choice":"Obtained Relic","damage_taken":0,"relics_obtained":["Letter Opener"],"max_hp_gain":0,"max_hp_loss":0,"event_name":"Addict","floor":19,"gold_loss":85},{"damage_healed":0,"gold_gain":0,"cards_transformed":["Strike_R"],"player_choice":"Transformed","damage_taken":0,"max_hp_gain":0,"max_hp_loss":0,"event_name":"Transmorgrifier","floor":25,"gold_loss":0,"cards_obtained":["Headbutt"]}],"is_beta":true,"boss_relics":[{"not_picked":["Lizard Tail","Black Star"],"picked":"Runic Pyramid"}],"items_purged_floors":[8,22],"is_endless":false,"potions_floor_spawned":[6,11,14,20,21,30,31],"killed_by":"Champ","ascension_level":3}