{"gold_per_floor":[111,111,122,14,29,29,46,75,75,107,120,196,196],"floor_reached":13,"playtime":675,"items_purged":[],"score":162,"play_id":"87c12396-2786-4d23-8243-d5b7b2cb1595","local_time":"20181216175435","is_ascension_mode":true,"campfire_choices":[{"floor":6,"key":"REST"}],"neow_cost":"PERCENT_DAMAGE","seed_source_timestamp":107999488500315,"circlet_count":0,"master_deck":["AscendersBane","Defend_G","Defend_G","Defend_G","Defend_G","Strike_G","Strike_G","Strike_G","Survivor+1","Neutralize","Doppelganger","Poisoned Stab","PiercingWail+1","Cloak And Dagger","Terror","Caltrops","Footwork","Bouncing Flask","A Thousand Cuts","Predator","Footwork"],"relics":["Ring of the Snake","Pantograph","War Paint"],"potions_floor_usage":[8,13,13],"damage_taken":[{"damage":0,"enemies":"Small Slimes","floor":1,"turns":3},{"damage":0,"enemies":"Cultist","floor":3,"turns":4},{"damage":2,"enemies":"2 Louse","floor":5,"turns":3},{"damage":6,"enemies":"Blue Slaver","floor":7,"turns":6},{"damage":11,"enemies":"Lagavulin","floor":8,"turns":6},{"damage":25,"enemies":"3 Sentries","floor":10,"turns":9},{"damage":6,"enemies":"Exordium Wildlife","floor":11,"turns":7},{"damage":13,"enemies":"Gremlin Nob","floor":13,"turns":2}],"seed_played":"-8432717662624947947","potions_obtained":[{"floor":5,"key":"Energy Potion"},{"floor":7,"key":"SpeedPotion"},{"floor":10,"key":"Strength Potion"}],"is_trial":false,"path_per_floor":["M","?","M","$","M","R","M","E","T","E","M","?","E"],"character_chosen":"THE_SILENT","items_purchased":["Terror","Caltrops"],"campfire_rested":1,"item_purchase_floors":[4,4],"current_hp_per_floor":[44,44,44,44,42,61,55,44,44,19,13,13,0],"gold":196,"neow_bonus":"TRANSFORM_TWO_CARDS","is_prod":false,"is_daily":false,"chose_seed":false,"campfire_upgraded":0,"win_rate":0,"timestamp":1545000875,"path_taken":["M","?","M","?","M","R","M","E","T","E","M","?","E"],"build_version":"2018-12-13","purchased_purges":0,"victory":false,"max_hp_per_floor":[66,66,66,66,66,66,66,66,66,66,66,66,66],"card_choices":[{"not_picked":["Acrobatics","Slice"],"picked":"PiercingWail","floor":1},{"not_picked":["Concentrate","Acrobatics"],"picked":"Cloak And Dagger","floor":3},{"not_picked":["Deflect","Sucker Punch"],"picked":"Footwork","floor":5},{"not_picked":["Infinite Blades","Deadly Poison"],"picked":"Bouncing Flask","floor":7},{"not_picked":["Cloak And Dagger","Expertise"],"picked":"A Thousand Cuts","floor":8},{"not_picked":["Dagger Spray","Bullet Time"],"picked":"Predator","floor":10},{"not_picked":["Backflip","Flying Knee"],"picked":"Footwork","floor":11}],"player_experience":993281,"relics_obtained":[{"floor":8,"key":"Pantograph"},{"floor":10,"key":"War Paint"}],"event_choices":[{"cards_removed":["Defend_G"],"damage_healed":0,"gold_gain":0,"player_choice":"Purged","damage_taken":0,"max_hp_gain":0,"max_hp_loss":0,"event_name":"Purifier","floor":2,"gold_loss":0},{"damage_healed":0,"gold_gain":76,"player_choice":"Gained Gold","damage_taken":0,"max_hp_gain":0,"max_hp_loss":0,"event_name":"Golden Wing","floor":12,"gold_loss":0}],"is_beta":true,"boss_relics":[],"items_purged_floors":[],"is_endless":false,"potions_floor_spawned":[5,7,10],"killed_by":"Gremlin Nob","ascension_level":14}