{"gold_per_floor":[113,63,63,87,4,4,44,44,44,59,234,234,272,295,295,414,414,433,449,548,548],"floor_reached":21,"playtime":660,"items_purged":[],"score":224,"play_id":"336dab55-4429-4c7c-9272-0ecc67b1e7eb","local_time":"20190125015830","is_ascension_mode":true,"campfire_choices":[{"data":"Bash","floor":6.0,"key":"SMITH"},{"floor":8.0,"key":"REST"},{"floor":12.0,"key":"REST"},{"data":"Clothesline","floor":15.0,"key":"SMITH"}],"neow_cost":"NONE","seed_source_timestamp":0,"circlet_count":0,"master_deck":["Strike_R","Strike_R","Strike_R","Strike_R","Strike_R","Defend_R","Defend_R","Defend_R","Bash+1","Cleave","Thunderclap","Bandage Up","Power Through","Bludgeon","Doubt","Clothesline+1","Impervious","Armaments"],"special_seed":0,"relics":["Runic Cube","Golden Idol","Boot","Bag of Preparation","Singing Bowl","Black Star"],"potions_floor_usage":[19,21],"damage_taken":[{"damage":1.0,"enemies":"Cultist","floor":1.0,"turns":3.0},{"damage":3.0,"enemies":"2 Louse","floor":4.0,"turns":2.0},{"damage":52.0,"enemies":"Lagavulin","floor":7.0,"turns":8.0},{"damage":0.0,"enemies":"Small Slimes","floor":10.0,"turns":2.0},{"damage":8.0,"enemies":"Gremlin Nob","floor":13.0,"turns":4.0},{"damage":13.0,"enemies":"Red Slaver","floor":14.0,"turns":5.0},{"damage":56.0,"enemies":"The Guardian","floor":16.0,"turns":12.0},{"damage":22,"enemies":"Spheric Guardian","floor":18,"turns":5},{"damage":15,"enemies":"3 Byrds","floor":19,"turns":5},{"damage":73,"enemies":"Cultist and Chosen","floor":21,"turns":9}],"seed_played":"7379478037638968352","potions_obtained":[{"floor":4.0,"key":"SpeedPotion"},{"floor":7.0,"key":"Explosive Potion"},{"floor":14.0,"key":"Fire Potion"}],"is_trial":false,"path_per_floor":["M","?","?","M","$","R","E","R","T","M","?","R","E","M","R","B",null,"M","M","?","M"],"character_chosen":"IRONCLAD","items_purchased":["Bandage Up"],"campfire_rested":2,"item_purchase_floors":[5],"current_hp_per_floor":[79,79,74,71,71,71,22,44,44,48,48,70,66,59,59,7,76,58,49,49,0],"gold":548,"neow_bonus":"BOSS_RELIC","is_prod":false,"is_daily":false,"chose_seed":false,"campfire_upgraded":2,"win_rate":0,"timestamp":1548399510,"path_taken":["M","?","?","M","$","R","E","R","T","M","?","R","E","M","R","BOSS","M","M","?","M"],"build_version":"2019-01-23","purchased_purges":0,"victory":false,"max_hp_per_floor":[80,80,74,74,74,74,74,74,74,74,74,74,74,76,76,76,76,76,78,78,78],"card_choices":[{"not_picked":["Body Slam","Twin Strike"],"picked":"Cleave","floor":1.0},{"not_picked":["Cleave","Heavy Blade"],"picked":"Thunderclap","floor":4.0},{"not_picked":["Searing Blow","Armaments"],"picked":"Power Through","floor":7.0},{"not_picked":["Inflame","Perfected Strike"],"picked":"Bludgeon","floor":10.0},{"not_picked":["Flex","Warcry"],"picked":"Clothesline","floor":13.0},{"not_picked":["Body Slam","Twin Strike","Anger"],"picked":"Singing Bowl","floor":14.0},{"not_picked":["Brutality","Berserk"],"picked":"Impervious","floor":16.0},{"not_picked":["Hemokinesis","Perfected Strike+1"],"picked":"Armaments","floor":18},{"not_picked":["Entrench+1","Anger","Dual Wield+1"],"picked":"Singing Bowl","floor":19}],"player_experience":134670,"relics_obtained":[{"floor":7.0,"key":"Boot"},{"floor":9.0,"key":"Bag of Preparation"},{"floor":13.0,"key":"Singing Bowl"}],"event_choices":[{"cards_removed":["Defend_R"],"damage_healed":0.0,"max_hp_gain":0.0,"max_hp_loss":0.0,"gold_gain":0.0,"event_name":"The Cleric","player_choice":"Card Removal","floor":2.0,"gold_loss":50.0,"damage_taken":0.0},{"damage_healed":0.0,"max_hp_gain":0.0,"max_hp_loss":6.0,"gold_gain":0.0,"event_name":"Golden Idol","player_choice":"Lose Max HP","floor":3.0,"gold_loss":0.0,"damage_taken":0.0,"relics_obtained":["Golden Idol"]},{"damage_healed":0.0,"max_hp_gain":0.0,"max_hp_loss":0.0,"gold_gain":175.0,"event_name":"Liars Game","player_choice":"AGREE","floor":11.0,"gold_loss":0.0,"damage_taken":0.0,"cards_obtained":["Doubt"]},{"damage_healed":0,"gold_gain":99,"player_choice":"Stole From Cult","damage_taken":0,"max_hp_gain":0,"max_hp_loss":0,"event_name":"Nest","floor":20,"gold_loss":0}],"is_beta":false,"boss_relics":[{"not_picked":["Lizard Tail","Orrery"],"picked":"Black Star"}],"items_purged_floors":[],"is_endless":false,"potions_floor_spawned":[4,7,14],"killed_by":"Cultist and Chosen","ascension_level":4}