{"path_per_floor":["M","T","M","M","M","R","M","?","T","$","M","E","M","?","R","B",null,"M","?","M","?","$","R","T","R","T","M","M","$","?","M","R","B",null,"M","M","?","?","?","R","E","?","T","$","M","M","?","M","R","B"],"character_chosen":"THE_SILENT","items_purchased":["Sadistic Nature","Trip","Terror","Malaise","Du-Vu Doll","Bronze Scales"],"gold_per_floor":[114,138,149,166,184,184,202,302,302,29,46,77,91,91,91,186,186,200,225,245,160,25,25,25,25,25,38,50,11,11,25,25,128,128,143,162,162,122,122,122,155,508,535,102,115,131,131,143,143,143],"floor_reached":51,"campfire_rested":4,"playtime":2392,"current_hp_per_floor":[63,70,67,66,56,56,54,54,54,54,54,31,29,29,52,49,70,52,52,52,52,52,52,52,52,66,54,46,46,46,39,66,22,74,70,73,63,63,52,79,61,58,58,58,63,61,61,71,91,16],"items_purged":["Regret"],"gold":143,"score":1027,"play_id":"b3eab6ce-3c72-4d78-89b7-8869baca3eff","local_time":"20180408163753","is_prod":false,"is_daily":false,"is_ascension_mode":true,"campfire_upgraded":1,"timestamp":1523219873,"path_taken":["M","?","M","M","M","R","M","?","T","?","?","E","M","?","R","BOSS","M","?","?","?","$","R","?","R","T","M","?","?","?","?","R","BOSS","M","M","?","?","?","R","E","?","T","$","?","M","?","M","R","BOSS"],"build_version":"2018-04-05","purchased_purges":1,"victory":true,"master_deck":["Survivor","Neutralize+1","PiercingWail","Noxious Fumes","Bouncing Flask","Backflip","Endless Agony","Sadistic Nature","Dagger Spray","Backflip","Malaise","Corpse Explosion","Calculated Gamble","Riddle With Holes+1","Backflip+1","Trip","Terror","Regret","Injury","Acrobatics+1","Acrobatics","Malaise","Writhe","Poisoned Stab","Tactician","Escape Plan","Outmaneuver","Well Laid Plans","Backflip","Flying Knee","Outmaneuver","Outmaneuver","Deflect","Deadly Poison","Acrobatics","Deadly Poison+1","Enlightenment","Mind Blast","Apotheosis","Madness","Madness","Infinite Blades+1","Acrobatics+1","Clumsy","Tools of the Trade","Catalyst+1","Skewer"],"max_hp_per_floor":[70,77,77,77,77,77,77,77,77,77,77,77,77,77,77,77,77,77,77,77,77,77,77,77,77,91,91,91,91,91,91,91,91,91,91,91,91,91,91,91,91,91,91,91,91,91,91,91,91,91],"relics":["Cursed Key","Strawberry","Girya","Paper Crane","Sozu","Red Mask","Anchor","Bird Faced Urn","Mango","Gambling Chip","Pandora\u0027s Box","Dream Catcher","Old Coin","Oddly Smooth Stone","Du-Vu Doll","Bronze Scales"],"card_choices":[{"not_picked":["Slice","Bane"],"picked":"PiercingWail","floor":1},{"not_picked":["Dodge and Roll","Backflip"],"picked":"Noxious Fumes","floor":3},{"not_picked":["Endless Agony","Slice"],"picked":"Bouncing Flask","floor":4},{"not_picked":["Masterful Stab","Outmaneuver"],"picked":"Backflip","floor":5},{"not_picked":["Deflect","Outmaneuver"],"picked":"Endless Agony","floor":7},{"not_picked":["Sucker Punch","Deadly Poison"],"picked":"Dagger Spray","floor":11},{"not_picked":["Distraction","Unload"],"picked":"Backflip","floor":12},{"not_picked":["PiercingWail","Bane"],"picked":"Malaise","floor":13},{"not_picked":["Wraith Form","Unload"],"picked":"Corpse Explosion","floor":16},{"not_picked":["Acrobatics","Deadly Poison"],"picked":"Calculated Gamble","floor":18},{"not_picked":["Quick Slash","Flying Knee"],"picked":"Riddle With Holes","floor":19},{"not_picked":["Bane","Quick Slash"],"picked":"Backflip","floor":20},{"not_picked":["Deadly Poison","Quick Slash"],"picked":"Acrobatics","floor":27},{"not_picked":["Dodge and Roll","Flying Knee"],"picked":"Acrobatics","floor":28},{"not_picked":["Cloak And Dagger","Heel Hook"],"picked":"Poisoned Stab","floor":31},{"not_picked":["Die Die Die","Night Terror"],"picked":"Tactician","floor":33},{"not_picked":["Sucker Punch","Outmaneuver"],"picked":"Acrobatics","floor":35},{"not_picked":["Outmaneuver","Quick Slash"],"picked":"Deadly Poison","floor":36},{"not_picked":["Swift Strike","Panacea"],"picked":"Enlightenment","floor":37},{"not_picked":["Finesse","Transmutation"],"picked":"Mind Blast","floor":37},{"not_picked":["Purity","Flash of Steel"],"picked":"Apotheosis","floor":37},{"not_picked":["Outmaneuver","Sucker Punch"],"picked":"Infinite Blades","floor":41},{"not_picked":["Bouncing Flask","Quick Slash"],"picked":"Acrobatics","floor":42},{"not_picked":["Dagger Spray","Dagger Throw"],"picked":"Tools of the Trade","floor":46},{"not_picked":["Underhanded Strike","Flying Knee"],"picked":"Catalyst","floor":48},{"not_picked":["Escape Plan","Dagger Spray"],"picked":"Skewer","floor":49}],"player_experience":139328,"potions_floor_usage":[16,19,19,31],"damage_taken":[{"damage":0,"enemies":"Cultist","floor":1,"turns":4},{"damage":3,"enemies":"Jaw Worm","floor":3,"turns":5},{"damage":1,"enemies":"2 Louse","floor":4,"turns":5},{"damage":10,"enemies":"Gremlin Gang","floor":5,"turns":4},{"damage":2,"enemies":"3 Louse","floor":7,"turns":3},{"damage":0,"enemies":"2 Fungi Beasts","floor":11,"turns":3},{"damage":23,"enemies":"Gremlin Nob","floor":12,"turns":4},{"damage":2,"enemies":"Exordium Wildlife","floor":13,"turns":5},{"damage":3,"enemies":"Hexaghost","floor":16,"turns":9},{"damage":18,"enemies":"Chosen","floor":18,"turns":6},{"damage":0,"enemies":"Masked Bandits","floor":19,"turns":5},{"damage":0,"enemies":"3 Byrds","floor":20,"turns":5},{"damage":16,"enemies":"Snake Plant","floor":27,"turns":3},{"damage":12,"enemies":"Slaver and Parasite","floor":28,"turns":5},{"damage":11,"enemies":"Chosen and Byrds","floor":31,"turns":4},{"damage":48,"enemies":"Automaton","floor":33,"turns":11},{"damage":10,"enemies":"3 Shapes","floor":35,"turns":4},{"damage":3,"enemies":"Flame Bruiser 1 Orb","floor":36,"turns":4},{"damage":24,"enemies":"Nemesis","floor":41,"turns":5},{"damage":11,"enemies":"Mysterious Sphere","floor":42,"turns":5},{"damage":3,"enemies":"Maw","floor":45,"turns":6},{"damage":6,"enemies":"Sphere and 2 Shapes","floor":46,"turns":3},{"damage":0,"enemies":"4 Shapes","floor":48,"turns":4},{"damage":81,"enemies":"Donu and Deca","floor":50,"turns":7}],"event_choices":[{"event_name":"Golden Shrine","player_choice":"Pray","floor":8,"damage_taken":0},{"event_name":"Fountain of Cleansing","player_choice":"Removed Curse","floor":14,"damage_taken":0},{"event_name":"Masked Bandits","player_choice":"Fought over 200 gold","floor":19,"damage_taken":0},{"event_name":"Addict","player_choice":"Obtained Relic","floor":21,"damage_taken":0},{"event_name":"The Mausoleum","player_choice":"Yes","floor":30,"damage_taken":0},{"event_name":"SensoryStone","player_choice":"Memory 3","floor":37,"damage_taken":0},{"event_name":"The Woman in Blue","player_choice":"Bought 3 Potions","floor":38,"damage_taken":0},{"event_name":"Winding Halls","player_choice":"Embrace Madness","floor":39,"damage_taken":0},{"event_name":"Mysterious Sphere","player_choice":"Fight","floor":42,"damage_taken":0}],"boss_relics":[{"not_picked":["Ectoplasm","Lizard Tail"],"picked":"Sozu"},{"not_picked":["White Beast Statue","Black Star"],"picked":"Pandora\u0027s Box"}],"potions_floor_spawned":[3,11,12,16,18,19,27,35,42,45,48],"seed_played":"-8100878714021473771","ascension_level":6,"is_trial":false}