{"gold_per_floor":[20,20,38,3,3,3,33,53,53,82,82,82,101,117,117,245,245,269,269,20,40,84,84,84],"floor_reached":24,"playtime":1184,"items_purged":["Strike_B"],"score":316,"play_id":"bff4ae75-298f-4ed4-9c94-522b5eb2a403","local_time":"20181216191243","is_ascension_mode":true,"campfire_choices":[{"data":"Zap","floor":6,"key":"SMITH"},{"data":"Dualcast","floor":11,"key":"SMITH"},{"floor":15,"key":"REST"},{"floor":23,"key":"REST"}],"neow_cost":"NO_GOLD","seed_source_timestamp":112169984390185,"circlet_count":0,"master_deck":["AscendersBane","Strike_B","Strike_B","Defend_B","Defend_B","Defend_B","Zap+1","Dualcast+1","BootSequence","Chaos","Ball Lightning","Tempest","Coolheaded","Core Surge","Go for the Eyes","Leap","Glacier","Buffer","Reinforced Body+1","HandOfGreed","Glacier"],"relics":["Cracked Core","Sundial","Cables","Vajra","Golden Idol","Inserter","Enchiridion"],"potions_floor_usage":[7,16,18],"damage_taken":[{"damage":0,"enemies":"Jaw Worm","floor":1,"turns":3},{"damage":3,"enemies":"Small Slimes","floor":3,"turns":3},{"damage":11,"enemies":"Gremlin Nob","floor":7,"turns":4},{"damage":0,"enemies":"Cultist","floor":8,"turns":4},{"damage":28,"enemies":"Lagavulin","floor":10,"turns":5},{"damage":0,"enemies":"Blue Slaver","floor":13,"turns":2},{"damage":0,"enemies":"3 Louse","floor":14,"turns":3},{"damage":2,"enemies":"The Guardian","floor":16,"turns":10},{"damage":27,"enemies":"3 Byrds","floor":18,"turns":5},{"damage":18,"enemies":"Colosseum Slavers","floor":21,"turns":5},{"damage":0,"enemies":"Spheric Guardian","floor":22,"turns":3},{"damage":47,"enemies":"Slavers","floor":24,"turns":4}],"seed_played":"5066341708609802047","potions_obtained":[{"floor":1,"key":"Block Potion"},{"floor":3,"key":"Explosive Potion"},{"floor":13,"key":"LiquidBronze"},{"floor":16,"key":"FairyPotion"}],"is_trial":false,"path_per_floor":["M","?","M","?","$","R","E","M","T","E","R","?","M","M","R","B",null,"M","?","$","?","M","R","E"],"character_chosen":"DEFECT","items_purchased":["HandOfGreed"],"campfire_rested":2,"item_purchase_floors":[20],"current_hp_per_floor":[68,73,70,80,80,80,69,69,69,41,41,41,41,41,63,61,71,44,28,28,10,10,32,0],"gold":84,"neow_bonus":"TRANSFORM_TWO_CARDS","is_prod":false,"is_daily":false,"chose_seed":false,"campfire_upgraded":2,"win_rate":0,"timestamp":1545005563,"path_taken":["M","?","M","?","?","R","E","M","T","E","R","?","?","M","R","BOSS","M","?","$","?","M","R","E"],"build_version":"2018-12-13","purchased_purges":1,"victory":false,"max_hp_per_floor":[75,80,80,80,80,80,80,80,80,80,80,74,74,74,74,74,74,74,74,74,74,74,74,74],"card_choices":[{"not_picked":["Compile Driver","Chill"],"picked":"Ball Lightning","floor":1},{"not_picked":["Beam Cell","Turbo"],"picked":"Tempest","floor":3},{"not_picked":["Aggregate","Beam Cell"],"picked":"Coolheaded","floor":7},{"not_picked":["BootSequence","Auto Shields"],"picked":"Core Surge","floor":8},{"not_picked":["Reprogram","Rebound"],"picked":"Go for the Eyes","floor":10},{"not_picked":["Streamline","Sweeping Beam"],"picked":"Leap","floor":13},{"not_picked":["Go for the Eyes","Fusion"],"picked":"Glacier","floor":14},{"not_picked":["All For One","Machine Learning"],"picked":"Buffer","floor":16},{"not_picked":["Aggregate","Beam Cell"],"picked":"Reinforced Body+1","floor":18},{"not_picked":["Coolheaded","Hello World"],"picked":"Glacier","floor":22}],"player_experience":994533,"relics_obtained":[{"floor":7,"key":"Sundial"},{"floor":9,"key":"Cables"},{"floor":10,"key":"Vajra"},{"floor":19,"key":"Enchiridion"}],"event_choices":[{"damage_healed":0,"gold_gain":0,"player_choice":"Donut","damage_taken":0,"max_hp_gain":5,"max_hp_loss":0,"event_name":"Big Fish","floor":2,"gold_loss":0},{"damage_healed":20,"gold_gain":0,"player_choice":"Healed","damage_taken":0,"max_hp_gain":0,"max_hp_loss":0,"event_name":"The Cleric","floor":4,"gold_loss":35},{"damage_healed":0,"gold_gain":0,"player_choice":"Lose Max HP","damage_taken":0,"relics_obtained":["Golden Idol"],"max_hp_gain":0,"max_hp_loss":6,"event_name":"Golden Idol","floor":12,"gold_loss":0},{"damage_healed":0,"gold_gain":0,"player_choice":"Obtained Book","damage_taken":16,"max_hp_gain":0,"max_hp_loss":0,"event_name":"Cursed Tome","floor":19,"gold_loss":0},{"damage_healed":0,"gold_gain":0,"player_choice":"Fight","damage_taken":0,"max_hp_gain":0,"max_hp_loss":0,"event_name":"Colosseum","floor":21,"gold_loss":0},{"damage_healed":0,"gold_gain":0,"player_choice":"Fled From Nobs","damage_taken":0,"max_hp_gain":0,"max_hp_loss":0,"event_name":"Colosseum","floor":21,"gold_loss":0}],"is_beta":true,"boss_relics":[{"not_picked":["Coffee Dripper","Pandora\u0027s Box"],"picked":"Inserter"}],"items_purged_floors":[20],"is_endless":false,"potions_floor_spawned":[1,3,13,14,16,21],"killed_by":"Slavers","ascension_level":11}