{"gold_per_floor":[114,114,126,141,161,161,188,188,242,259,259,294,313,327,327,425,425,436,436,447,280,295,295,305,305,331,65,65,164,181,199,199,295,295,305,305,321,114,134,134,47,64,64,77,77,77,77,77,77,77,77,77,3,35,35],"floor_reached":56,"playtime":2851,"items_purged":[],"score":1241,"play_id":"159a1162-2606-4f57-a15f-092187c7d11c","local_time":"20181231112113","is_ascension_mode":false,"campfire_choices":[{"data":"Sunder","floor":6,"key":"SMITH"},{"data":"Zap","floor":8,"key":"SMITH"},{"data":"Dualcast","floor":11,"key":"SMITH"},{"data":"Go for the Eyes","floor":15,"key":"SMITH"},{"data":"Creative AI","floor":23,"key":"SMITH"},{"data":"Coolheaded","floor":25,"key":"SMITH"},{"data":"Heatsinks","floor":28,"key":"SMITH"},{"floor":32,"key":"REST"},{"data":"Echo Form","floor":40,"key":"SMITH"},{"data":"Double Energy","floor":47,"key":"SMITH"},{"floor":49,"key":"RECALL"},{"data":"Bandage Up","floor":52,"key":"SMITH"}],"neow_cost":"NONE","seed_source_timestamp":71633240213525,"circlet_count":0,"master_deck":["Strike_B+1","Strike_B+1","Defend_B+1","Defend_B+1","Defend_B+1","Defend_B+1","Zap+1","Dualcast+1","Ball Lightning","Entrench+1","Sunder+1","Coolheaded+1","Cold Snap","Leap","BootSequence","Go for the Eyes+1","Creative AI+1","Sweeping Beam","Hologram","Heatsinks+1","Reinforced Body+1","Echo Form+1","Double Energy+1","Skim+1","Parasite","Defragment+1","Bandage Up+1","Doubt"],"relics":["Cracked Core","NeowsBlessing","Ornamental Fan","Orichalcum","Dream Catcher","Busted Crown","Ancient Tea Set","DataDisk","Cursed Key","ClockworkSouvenir","Nunchaku"],"potions_floor_usage":[16,18,24,31,33,39,44,55,55],"damage_taken":[{"damage":0,"enemies":"2 Louse","floor":1,"turns":1},{"damage":0,"enemies":"Cultist","floor":3,"turns":1},{"damage":0,"enemies":"Small Slimes","floor":4,"turns":1},{"damage":0,"enemies":"3 Louse","floor":5,"turns":2},{"damage":32,"enemies":"Gremlin Nob","floor":7,"turns":5},{"damage":0,"enemies":"2 Fungi Beasts","floor":10,"turns":2},{"damage":2,"enemies":"3 Sentries","floor":12,"turns":6},{"damage":0,"enemies":"Looter","floor":13,"turns":3},{"damage":0,"enemies":"Exordium Thugs","floor":14,"turns":4},{"damage":3,"enemies":"The Guardian","floor":16,"turns":12},{"damage":4,"enemies":"2 Thieves","floor":18,"turns":4},{"damage":1,"enemies":"Spheric Guardian","floor":20,"turns":3},{"damage":5,"enemies":"3 Cultists","floor":22,"turns":5},{"damage":0,"enemies":"Snake Plant","floor":24,"turns":2},{"damage":2,"enemies":"Sentry and Sphere","floor":30,"turns":6},{"damage":3,"enemies":"Chosen and Byrds","floor":31,"turns":4},{"damage":16,"enemies":"Collector","floor":33,"turns":13},{"damage":3,"enemies":"3 Darklings","floor":35,"turns":4},{"damage":0,"enemies":"3 Shapes","floor":37,"turns":4},{"damage":12,"enemies":"Writhing Mass","floor":39,"turns":7},{"damage":34,"enemies":"Sphere and 2 Shapes","floor":42,"turns":5},{"damage":0,"enemies":"Maw","floor":44,"turns":7},{"damage":17,"enemies":"Donu and Deca","floor":50,"turns":8},{"damage":38,"enemies":"Shield and Spear","floor":54,"turns":8},{"damage":42,"enemies":"The Heart","floor":55,"turns":11}],"seed_played":"-2758435515313025832","potions_obtained":[{"floor":3,"key":"FairyPotion"},{"floor":5,"key":"Energy Potion"},{"floor":7,"key":"GamblersBrew"},{"floor":16,"key":"GamblersBrew"},{"floor":20,"key":"FearPotion"},{"floor":24,"key":"AttackPotion"},{"floor":31,"key":"Block Potion"},{"floor":37,"key":"PowerPotion"},{"floor":42,"key":"SteroidPotion"}],"is_trial":false,"path_per_floor":["M","?","M","M","M","R","E","R","T","M","R","E","M","M","R","B",null,"M","?","M","$","M","R","M","R","T","$","R","?","M","M","R","B",null,"M","?","M","$","M","R","$","M","T","M","?","?","R","T","R","B",null,"R","$","E","B",null],"character_chosen":"DEFECT","items_purchased":["Ancient Tea Set","Hologram","DataDisk","Heatsinks","LiquidBronze","ClockworkSouvenir","Bandage Up","FocusPotion"],"campfire_rested":1,"item_purchase_floors":[21,21,27,27,27,38,41,53],"current_hp_per_floor":[75,75,75,75,75,75,43,43,43,43,43,41,41,41,41,38,75,71,71,70,70,65,65,65,65,65,65,65,65,63,60,75,59,75,72,72,72,72,60,60,60,34,34,38,38,75,75,75,75,62,75,75,75,37,1],"gold":35,"neow_bonus":"THREE_ENEMY_KILL","is_prod":false,"is_daily":false,"chose_seed":false,"campfire_upgraded":10,"win_rate":0,"timestamp":1546273273,"path_taken":["M","?","?","M","M","R","E","R","T","M","R","E","M","M","R","BOSS","M","?","M","$","M","R","M","R","T","$","R","?","M","M","R","BOSS","M","?","?","$","M","R","$","M","T","M","?","?","R","?","R","BOSS","R","$","E","BOSS"],"build_version":"2018-12-25","purchased_purges":0,"victory":true,"max_hp_per_floor":[75,75,75,75,75,75,75,75,75,75,75,75,75,75,75,75,75,75,75,75,75,75,75,75,75,75,75,75,75,75,75,75,75,75,75,75,75,75,75,75,75,75,75,75,75,75,75,75,75,75,75,75,75,75,75],"card_choices":[{"not_picked":["Beam Cell","Heatsinks"],"picked":"Ball Lightning","floor":1},{"not_picked":["Rebound","Redo"],"picked":"Sunder","floor":3},{"not_picked":["BootSequence","Loop"],"picked":"Coolheaded","floor":4},{"not_picked":["Beam Cell","Gash"],"picked":"Steam","floor":5},{"not_picked":["Reprogram","Barrage"],"picked":"Cold Snap","floor":7},{"not_picked":["Hologram","Steam Power"],"picked":"Leap","floor":10},{"not_picked":["Streamline","Cold Snap","Beam Cell"],"picked":"SKIP","floor":12},{"not_picked":["Force Field","Fission"],"picked":"BootSequence","floor":13},{"not_picked":["Gash","Recycle"],"picked":"Go for the Eyes","floor":14},{"not_picked":["Hyperbeam","Seek"],"picked":"Creative AI","floor":16},{"not_picked":["Rebound"],"picked":"SKIP","floor":18},{"not_picked":[],"picked":"Sweeping Beam","floor":20},{"not_picked":["Stack"],"picked":"SKIP","floor":22},{"not_picked":["Gash"],"picked":"SKIP","floor":24},{"not_picked":[],"picked":"Reinforced Body+1","floor":30},{"not_picked":["Genetic Algorithm"],"picked":"SKIP","floor":31},{"not_picked":[],"picked":"Echo Form","floor":33},{"not_picked":["Darkness"],"picked":"SKIP","floor":35},{"not_picked":[],"picked":"Skim+1","floor":37},{"not_picked":[],"picked":"Defragment+1","floor":39},{"not_picked":["Reinforced Body"],"picked":"SKIP","floor":42},{"not_picked":["Fusion+1"],"picked":"SKIP","floor":44},{"not_picked":["Rebound"],"picked":"SKIP","floor":54}],"player_experience":1100949,"relics_obtained":[{"floor":7,"key":"Ornamental Fan"},{"floor":9,"key":"Orichalcum"},{"floor":12,"key":"Dream Catcher"},{"floor":54,"key":"Nunchaku"}],"event_choices":[{"cards_removed":["Strike_B"],"damage_healed":0,"gold_gain":0,"player_choice":"Took Card","damage_taken":0,"max_hp_gain":0,"max_hp_loss":0,"event_name":"NoteForYourself","floor":2,"gold_loss":0,"cards_obtained":["Entrench"]},{"damage_healed":0,"gold_gain":0,"player_choice":"Simplicity","damage_taken":0,"max_hp_gain":0,"max_hp_loss":0,"event_name":"Back to Basics","floor":19,"gold_loss":0,"cards_upgraded":["Strike_B","Strike_B","Strike_B","Defend_B","Defend_B","Defend_B","Defend_B"]},{"damage_healed":0,"gold_gain":99,"player_choice":"Stole From Cult","damage_taken":0,"max_hp_gain":0,"max_hp_loss":0,"event_name":"Nest","floor":29,"gold_loss":0},{"damage_healed":0,"gold_gain":0,"cards_transformed":["Strike_B"],"player_choice":"Transformed","damage_taken":0,"max_hp_gain":0,"max_hp_loss":0,"event_name":"Transmorgrifier","floor":36,"gold_loss":0,"cards_obtained":["Double Energy"]},{"cards_removed":["Steam"],"damage_healed":0,"gold_gain":0,"player_choice":"Removed Skill","damage_taken":0,"max_hp_gain":0,"max_hp_loss":0,"event_name":"Falling","floor":45,"gold_loss":0},{"damage_healed":37,"gold_gain":0,"player_choice":"Heal","damage_taken":0,"max_hp_gain":0,"max_hp_loss":0,"event_name":"MindBloom","floor":46,"gold_loss":0,"cards_obtained":["Doubt"]}],"is_beta":true,"boss_relics":[{"not_picked":["Tiny House","Black Star"],"picked":"Busted Crown"},{"not_picked":["White Beast Statue","Velvet Choker"],"picked":"Cursed Key"}],"items_purged_floors":[],"is_endless":false,"potions_floor_spawned":[3,5,7,12,16,20,22,24,31,37,42],"ascension_level":0}