{"path_per_floor":["M","M","?","M","$","R","E","R","T","E","R","M","R","M","R","B",null,"M","?","M","M","?","R","E","R","T","E","$","?","R","M","R","B",null,"M","?","?","$","M","R","M","?","T","M"],"character_chosen":"THE_SILENT","items_purchased":["Footwork","Noxious Fumes","War Paint","Footwork","Deflect","Strange Spoon"],"gold_per_floor":[113,126,126,139,61,61,89,89,89,114,114,133,133,152,152,253,283,297,297,316,336,336,336,370,370,370,398,102,102,102,119,119,222,222,239,239,288,7,24,24,43,43,43,62,62],"floor_reached":45,"campfire_rested":3,"playtime":2959,"current_hp_per_floor":[70,70,70,70,70,70,62,62,62,62,62,53,53,52,52,21,75,75,75,61,61,45,67,37,59,59,74,74,74,74,74,74,23,75,45,45,28,28,28,50,4,66,66,53,0],"items_purged":["Strike_G"],"gold":62,"score":511,"play_id":"4bcbad4f-a9be-4ae0-bb60-eacec607c99d","local_time":"20180331165319","is_prod":false,"is_daily":false,"is_ascension_mode":false,"campfire_upgraded":7,"timestamp":1522529599,"path_taken":["M","M","?","M","$","R","E","R","T","E","R","M","R","M","R","BOSS","M","?","M","M","?","R","E","R","T","E","$","?","R","M","R","BOSS","M","?","?","$","M","R","M","?","T","M","E"],"build_version":"2018-03-29","purchased_purges":1,"victory":false,"master_deck":["Survivor","Neutralize+1","Malaise+1","Dash+1","Deflect","Footwork+1","Dagger Spray+1","Riddle With Holes+1","Heel Hook","Bullet Time+1","Cloak And Dagger","Well Laid Plans+1","Cloak And Dagger+1","Slice","Skewer","Night Terror+1","Noxious Fumes+1","Catalyst+1","Doppelganger","Heel Hook","Flechettes","Heel Hook","Backflip","Acrobatics","Deflect","Backstab","Slice","Cloak And Dagger","Slice+1","Footwork+1","Deflect","Backstab+1","PiercingWail+1"],"max_hp_per_floor":[70,70,70,70,70,70,70,70,70,70,70,70,70,70,70,70,75,75,75,75,75,75,75,75,75,75,75,75,75,75,75,75,75,75,75,75,75,75,75,75,75,66,66,66,66],"relics":["Ring of the Snake","Bag of Preparation","Matryoshka","Whetstone","Pen Nib","Frozen Egg 2","Tiny House","Omamori","Oddly Smooth Stone","Peace Pipe","Lantern","War Paint","Pandora\u0027s Box","Unceasing Top","Strange Spoon","Girya"],"card_choices":[{"not_picked":["Distraction","Backflip"],"picked":"Malaise","floor":1},{"not_picked":["Predator","Outmaneuver"],"picked":"Dash","floor":2},{"not_picked":["Dodge and Roll","Endless Agony"],"picked":"Deflect","floor":4},{"not_picked":["Backflip","Slice"],"picked":"Dagger Spray","floor":7},{"not_picked":["Deadly Poison","All Out Attack"],"picked":"Riddle With Holes","floor":10},{"not_picked":["Poisoned Stab","Prepared"],"picked":"Heel Hook","floor":14},{"not_picked":["Envenom","After Image"],"picked":"Bullet Time","floor":16},{"not_picked":["All Out Attack","Deadly Poison"],"picked":"Cloak And Dagger","floor":17},{"not_picked":["Prepared","Dagger Spray"],"picked":"Well Laid Plans","floor":18},{"not_picked":["Bouncing Flask","Slice"],"picked":"Cloak And Dagger","floor":20},{"not_picked":["Expertise","Cloak And Dagger"],"picked":"Slice","floor":21},{"not_picked":["Distraction","Poisoned Stab"],"picked":"Skewer","floor":24},{"not_picked":["Dodge and Roll","Deflect"],"picked":"Night Terror","floor":27},{"not_picked":["Sucker Punch","All Out Attack"],"picked":"Catalyst","floor":31},{"not_picked":["Die Die Die","Venomology"],"picked":"Doppelganger","floor":33},{"not_picked":["Endless Agony","PiercingWail"],"picked":"Cloak And Dagger","floor":35},{"not_picked":["Cloak And Dagger","Underhanded Strike"],"picked":"Slice","floor":37},{"not_picked":["Dagger Throw","Bouncing Flask"],"picked":"Backstab","floor":41},{"not_picked":["Deflect","Catalyst"],"picked":"PiercingWail","floor":44}],"player_experience":35679,"potions_floor_usage":[7,18,20,21,27,33,45],"damage_taken":[{"damage":0,"enemies":"2 Louse","floor":1,"turns":3},{"damage":0,"enemies":"Cultist","floor":2,"turns":4},{"damage":0,"enemies":"Small Slimes","floor":4,"turns":3},{"damage":8,"enemies":"3 Sentries","floor":7,"turns":13},{"damage":0,"enemies":"Gremlin Nob","floor":10,"turns":5},{"damage":9,"enemies":"Exordium Thugs","floor":12,"turns":6},{"damage":1,"enemies":"Exordium Wildlife","floor":14,"turns":4},{"damage":31,"enemies":"Slime Boss","floor":16,"turns":16},{"damage":0,"enemies":"2 Thieves","floor":18,"turns":4},{"damage":14,"enemies":"Chosen","floor":20,"turns":9},{"damage":0,"enemies":"Snecko","floor":21,"turns":4},{"damage":30,"enemies":"Gremlin Leader","floor":24,"turns":11},{"damage":0,"enemies":"Book of Stabbing","floor":27,"turns":7},{"damage":0,"enemies":"Snake Plant","floor":31,"turns":5},{"damage":51,"enemies":"Champ","floor":33,"turns":16},{"damage":30,"enemies":"3 Darklings","floor":35,"turns":5},{"damage":17,"enemies":"Mysterious Sphere","floor":37,"turns":5},{"damage":0,"enemies":"3 Shapes","floor":39,"turns":5},{"damage":46,"enemies":"Sphere and 2 Shapes","floor":41,"turns":7},{"damage":13,"enemies":"Spire Growth","floor":44,"turns":6},{"damage":58,"enemies":"Giant Head","floor":45,"turns":10}],"event_choices":[{"event_name":"The Lab","player_choice":"Got Potions","floor":3,"damage_taken":0},{"event_name":"Ghosts","player_choice":"Ignored","floor":19,"damage_taken":0},{"event_name":"Knowing Skull","player_choice":"POTION ","floor":22,"damage_taken":0},{"event_name":"Drug Dealer","player_choice":"Ignored","floor":29,"damage_taken":0},{"event_name":"Mysterious Sphere","player_choice":"Fight","floor":37,"damage_taken":0},{"event_name":"The Moai Head","player_choice":"Heal","floor":42,"damage_taken":0}],"boss_relics":[{"not_picked":["The Specimen","White Beast Statue"],"picked":"Tiny House"},{"not_picked":["Eternal Feather","Calling Bell"],"picked":"Pandora\u0027s Box"}],"potions_floor_spawned":[1,2,12,18,20,24,35,44],"seed_played":"1650014878469932362","killed_by":"Giant Head","ascension_level":0,"is_trial":false}