{"gold_per_floor":[110,125,125,136,146,146,174,174,174,203,203,228,228,242,242,340,340,354,354,36,54,74,104,104,137,137,167,167,195,195,230,230,332,332,352,352,377,26,39,69,69,89,89,100,100,118,25,247,247,247,247,247,11,39,39],"floor_reached":55,"playtime":3627,"items_purged":["Pain","Strike_R"],"score":1444,"play_id":"9515ab70-1287-4628-9481-52c60c2ad863","local_time":"20181218195229","is_ascension_mode":true,"campfire_choices":[{"data":"Rampage","floor":6,"key":"SMITH"},{"data":"Feed","floor":8,"key":"SMITH"},{"data":"Metallicize","floor":11,"key":"SMITH"},{"data":"Armaments","floor":15,"key":"SMITH"},{"floor":24,"key":"REST"},{"data":"Body Slam","floor":28,"key":"SMITH"},{"data":"Shrug It Off","floor":32,"key":"SMITH"},{"data":"Impervious","floor":41,"key":"SMITH"},{"data":"Madness","floor":45,"key":"SMITH"},{"floor":49,"key":"RECALL"},{"data":"Madness","floor":52,"key":"SMITH"}],"neow_cost":"NONE","seed_source_timestamp":284926144551027,"circlet_count":0,"master_deck":["AscendersBane","Strike_R","Strike_R","Strike_R","Defend_R","Defend_R","Defend_R","Defend_R","Bash","Rampage+1","Thunderclap","Metallicize+1","Metallicize+1","Feed+1","Shrug It Off+1","Barricade+1","Armaments+1","Immolate","Warcry+1","Warcry","Body Slam+1","Spot Weakness+1","Impervious+1","Madness+1","Madness+1","True Grit","Shrug It Off","Corruption+1","Havoc","Sentinel","Seeing Red","Blind"],"relics":["Burning Blood","NeowsBlessing","Orichalcum","Centennial Puzzle","Frozen Egg 2","Mercury Hourglass","Busted Crown","WarpedTongs","Mummified Hand","PreservedInsect","Darkstone Periapt","Boot","Ancient Tea Set","Dead Branch","Red Mask","Snecko Eye","Happy Flower","Singing Bowl","Du-Vu Doll","War Paint"],"potions_floor_usage":[7,16,22,23,25,27,33,33,54],"damage_taken":[{"damage":0,"enemies":"Jaw Worm","floor":1,"turns":1},{"damage":0,"enemies":"Cultist","floor":2,"turns":1},{"damage":0,"enemies":"2 Louse","floor":4,"turns":1},{"damage":11,"enemies":"2 Fungi Beasts","floor":5,"turns":4},{"damage":16,"enemies":"Lagavulin","floor":7,"turns":6},{"damage":8,"enemies":"Gremlin Nob","floor":10,"turns":4},{"damage":21,"enemies":"Lagavulin","floor":12,"turns":8},{"damage":3,"enemies":"Blue Slaver","floor":14,"turns":3},{"damage":24,"enemies":"Slime Boss","floor":16,"turns":10},{"damage":12,"enemies":"2 Thieves","floor":18,"turns":5},{"damage":10,"enemies":"Shell Parasite","floor":21,"turns":5},{"damage":14,"enemies":"Shelled Parasite and Fungi","floor":22,"turns":6},{"damage":19,"enemies":"Gremlin Leader","floor":23,"turns":5},{"damage":21,"enemies":"Slavers","floor":25,"turns":4},{"damage":13,"enemies":"Gremlin Leader","floor":27,"turns":5},{"damage":13,"enemies":"Slavers","floor":29,"turns":2},{"damage":6,"enemies":"Masked Bandits","floor":31,"turns":2},{"damage":28,"enemies":"Automaton","floor":33,"turns":7},{"damage":3,"enemies":"3 Darklings","floor":35,"turns":4},{"damage":3,"enemies":"Orb Walker","floor":39,"turns":4},{"damage":0,"enemies":"Nemesis","floor":40,"turns":3},{"damage":3,"enemies":"3 Darklings","floor":42,"turns":4},{"damage":20,"enemies":"Jaw Worm Horde","floor":44,"turns":4},{"damage":17,"enemies":"Spire Growth","floor":46,"turns":6},{"damage":6,"enemies":"Awakened One","floor":50,"turns":5},{"damage":42,"enemies":"Shield and Spear","floor":54,"turns":4},{"damage":89,"enemies":"The Heart","floor":55,"turns":6}],"seed_played":"-4050273728974852558","potions_obtained":[{"floor":1,"key":"Dexterity Potion"},{"floor":2,"key":"EssenceOfSteel"},{"floor":7,"key":"BloodPotion"},{"floor":12,"key":"AttackPotion"},{"floor":16,"key":"Explosive Potion"},{"floor":23,"key":"SneckoOil"},{"floor":25,"key":"Explosive Potion"},{"floor":29,"key":"Energy Potion"},{"floor":31,"key":"PowerPotion"},{"floor":40,"key":"SpeedPotion"},{"floor":42,"key":"SteroidPotion"}],"is_trial":false,"path_per_floor":["M","M","?","M","M","R","E","R","T","E","R","E","?","M","R","B",null,"M","?","$","M","M","E","R","E","T","E","R","E","?","?","R","B",null,"M","?","T","$","M","E","R","M","T","M","R","M","$","?","R","B",null,"R","$","E","B"],"character_chosen":"IRONCLAD","items_purchased":["Mummified Hand","Singing Bowl","Corruption+1","Havoc","Sentinel","Seeing Red","Blind"],"campfire_rested":1,"item_purchase_floors":[20,38,47,47,53,53,53],"current_hp_per_floor":[78,80,73,79,74,74,64,64,64,66,66,51,51,58,58,44,80,74,74,74,74,79,70,101,86,86,83,83,76,76,76,76,54,95,98,84,84,84,93,103,103,110,110,102,102,93,93,93,93,93,121,121,121,87,0],"gold":39,"neow_bonus":"THREE_ENEMY_KILL","is_prod":false,"is_daily":false,"chose_seed":false,"campfire_upgraded":9,"win_rate":0,"timestamp":1545180749,"path_taken":["M","M","?","M","M","R","E","R","T","E","R","E","?","M","R","BOSS","M","?","$","?","M","E","R","E","T","E","R","E","?","?","R","BOSS","M","?","?","?","M","E","R","M","T","M","R","?","$","?","R","BOSS","R","$","E","BOSS"],"build_version":"2018-12-17","purchased_purges":2,"victory":false,"max_hp_per_floor":[80,80,80,80,80,80,80,80,80,84,84,84,84,88,88,92,92,92,92,92,96,100,104,104,104,104,108,108,108,108,108,108,108,108,108,108,108,108,114,118,118,122,122,128,128,130,130,130,130,130,130,130,130,132,132],"card_choices":[{"not_picked":["Clash","Iron Wave"],"picked":"Rampage","floor":1},{"not_picked":["Iron Wave","Dropkick"],"picked":"Thunderclap","floor":2},{"not_picked":["Second Wind","Wild Strike"],"picked":"Metallicize","floor":4},{"not_picked":["Perfected Strike","Anger"],"picked":"Metallicize","floor":5},{"not_picked":["Shrug It Off","Corruption"],"picked":"Feed","floor":7},{"not_picked":["Clothesline","Blood for Blood"],"picked":"Shrug It Off","floor":10},{"not_picked":["Thunderclap","Infernal Blade"],"picked":"Barricade+1","floor":12},{"not_picked":["Cleave","Flex"],"picked":"Armaments","floor":14},{"not_picked":["Limit Break","Barricade+1"],"picked":"Immolate","floor":16},{"not_picked":[],"picked":"Warcry","floor":18},{"not_picked":["Heavy Blade"],"picked":"SKIP","floor":21},{"not_picked":[],"picked":"Warcry","floor":22},{"not_picked":[],"picked":"Body Slam","floor":23},{"not_picked":["Infernal Blade+1"],"picked":"SKIP","floor":25},{"not_picked":[],"picked":"Spot Weakness","floor":27},{"not_picked":["Pommel Strike"],"picked":"SKIP","floor":29},{"not_picked":[],"picked":"Impervious","floor":33},{"not_picked":["Hemokinesis"],"picked":"SKIP","floor":35},{"not_picked":["Burning Pact"],"picked":"Singing Bowl","floor":39},{"not_picked":[],"picked":"True Grit","floor":40},{"not_picked":[],"picked":"Shrug It Off","floor":42},{"not_picked":["Twin Strike"],"picked":"Singing Bowl","floor":44},{"not_picked":["Clothesline"],"picked":"Singing Bowl","floor":46},{"not_picked":["Perfected Strike"],"picked":"Singing Bowl","floor":54}],"player_experience":1002921,"relics_obtained":[{"floor":7,"key":"Orichalcum"},{"floor":9,"key":"Centennial Puzzle"},{"floor":10,"key":"Frozen Egg 2"},{"floor":12,"key":"Mercury Hourglass"},{"floor":23,"key":"PreservedInsect"},{"floor":25,"key":"Darkstone Periapt"},{"floor":26,"key":"Boot"},{"floor":27,"key":"Ancient Tea Set"},{"floor":29,"key":"Dead Branch"},{"floor":31,"key":"Red Mask"},{"floor":37,"key":"Happy Flower"},{"floor":40,"key":"Du-Vu Doll"},{"floor":54,"key":"War Paint"}],"event_choices":[{"cards_removed":["Strike_R"],"damage_healed":0,"gold_gain":0,"player_choice":"Card Removal","damage_taken":7,"max_hp_gain":0,"max_hp_loss":0,"event_name":"Golden Wing","floor":3,"gold_loss":0},{"damage_healed":0,"gold_gain":0,"player_choice":"Upgraded","damage_taken":0,"max_hp_gain":0,"max_hp_loss":0,"event_name":"Upgrade Shrine","floor":13,"gold_loss":0,"cards_upgraded":["Metallicize"]},{"damage_healed":0,"gold_gain":0,"player_choice":"Rummage","damage_taken":0,"relics_obtained":["WarpedTongs"],"max_hp_gain":0,"max_hp_loss":0,"event_name":"Accursed Blacksmith","floor":19,"gold_loss":0,"cards_obtained":["Pain"]},{"damage_healed":0,"gold_gain":0,"player_choice":"Ignored","damage_taken":0,"max_hp_gain":0,"max_hp_loss":0,"event_name":"Vampires","floor":30,"gold_loss":0},{"damage_healed":0,"gold_gain":0,"player_choice":"Fought Bandits","damage_taken":0,"max_hp_gain":0,"max_hp_loss":0,"event_name":"Masked Bandits","floor":31,"gold_loss":0},{"damage_healed":0,"gold_gain":0,"player_choice":"Embrace Madness","damage_taken":14,"max_hp_gain":0,"max_hp_loss":0,"event_name":"Winding Halls","floor":36,"gold_loss":0,"cards_obtained":["Madness","Madness"]},{"damage_healed":0,"gold_gain":222,"player_choice":"Wore Mask","damage_taken":0,"max_hp_gain":0,"max_hp_loss":0,"event_name":"Tomb of Lord Red Mask","floor":48,"gold_loss":0}],"is_beta":true,"boss_relics":[{"not_picked":["Eternal Feather","Coffee Dripper"],"picked":"Busted Crown"},{"not_picked":["Empty Cage","Pandora\u0027s Box"],"picked":"Snecko Eye"}],"items_purged_floors":[20,38],"is_endless":false,"potions_floor_spawned":[1,2,7,12,16,18,23,25,29,31,40,42],"killed_by":"The Heart","ascension_level":12}