{"path_per_floor":["M","M","?","M","M","M","R","?","T","E","R","M","E","M","R"],"character_chosen":"IRONCLAD","items_purchased":[],"gold_per_floor":[112,125,75,85,99,111,111,167,213,242,242,252,279,295,295],"floor_reached":16,"campfire_rested":2,"playtime":965,"current_hp_per_floor":[66,64,64,63,59,59,59,33,33,7,31,31,26,17,41],"items_purged":[],"gold":295,"score":137,"play_id":"304fa830-0cae-4429-83f4-e71328b3246b","local_time":"20180308224316","is_prod":false,"is_daily":false,"is_ascension_mode":true,"campfire_upgraded":1,"timestamp":1520566996,"path_taken":["M","M","?","?","?","M","R","?","T","E","R","?","E","M","R","BOSS"],"build_version":"2018-03-01-PROD1","purchased_purges":0,"victory":false,"master_deck":["Strike_R","Strike_R","Strike_R","Strike_R","Defend_R","Defend_R","Defend_R","Defend_R","Bash","Armaments+1","Flex","Pummel","Thunderclap","Wild Strike","Battle Trance","Flex","Dual Wield","Rage","Spot Weakness","Wild Strike"],"max_hp_per_floor":[80,80,80,80,80,80,80,80,80,80,80,80,80,80,80],"relics":["White Beast Statue","Dream Catcher","Art of War","Lantern","Calipers"],"card_choices":[{"not_picked":["Juggernaut","Entrench"],"picked":"Armaments"},{"not_picked":["Shrug It Off","Clothesline"],"picked":"Flex"},{"not_picked":["Exhume","Metallicize"],"picked":"Pummel"},{"not_picked":["Seeing Red","Spot Weakness"],"picked":"Thunderclap"},{"not_picked":["Shrug It Off","Flame Barrier"],"picked":"Wild Strike"},{"not_picked":["Hemokinesis","Blood for Blood"],"picked":"Battle Trance"},{"not_picked":["Cleave","Combust"],"picked":"Flex"},{"not_picked":["Anger","Clothesline"],"picked":"Dual Wield"},{"not_picked":["Sword Boomerang","Anger"],"picked":"Rage"},{"not_picked":["Body Slam","Evolve"],"picked":"Spot Weakness"},{"not_picked":["Twin Strike","Clothesline"],"picked":"Wild Strike"}],"player_experience":449894,"potions_floor_usage":[5,5,8,10,13,13,13,16],"damage_taken":[{"damage":14,"enemies":"Jaw Worm","floor":1,"turns":6},{"damage":2,"enemies":"2 Louse","floor":2,"turns":3},{"damage":1,"enemies":"Cultist","floor":4,"turns":5},{"damage":4,"enemies":"Lots of Slimes","floor":5,"turns":4},{"damage":0,"enemies":"3 Louse","floor":6,"turns":4},{"damage":26,"enemies":"Gremlin Nob","floor":8,"turns":5},{"damage":26,"enemies":"3 Sentries","floor":10,"turns":9},{"damage":0,"enemies":"Large Slime","floor":12,"turns":4},{"damage":17,"enemies":"Lagavulin","floor":13,"turns":5},{"damage":9,"enemies":"Gremlin Gang","floor":14,"turns":5},{"damage":60,"enemies":"Slime Boss","floor":16,"turns":8}],"event_choices":[{"event_name":"The Cleric","player_choice":"Card Removal","floor":3,"damage_taken":0},{"event_name":"Dead Adventurer","player_choice":"Searched \u00272\u0027 times","floor":8,"damage_taken":0}],"boss_relics":[],"potions_floor_spawned":[1,2,4,5,6,8,8,10,12,13,14],"seed_played":"4846299895636980565","killed_by":"Slime Boss","ascension_level":4,"is_trial":false}