{"gold_per_floor":[367,367,642,658,670,670,170,170,170,182,217,217,235,265,265,337,337,353,353,373,392,60,60,90,90,90,90,122,132,161,191,191,266,266,282,293,293,193,293,319,319,351,351,351,351],"floor_reached":45,"playtime":3181,"items_purged":["Regret","Venomology"],"score":1299,"play_id":"1f42c940-9a2c-4302-a48f-92e34ce74b0d","local_time":"20190122192119","is_ascension_mode":true,"campfire_choices":[{"data":"Poisoned Stab","floor":6.0,"key":"SMITH"},{"floor":8.0,"key":"REST"},{"data":"Dagger Spray","floor":12.0,"key":"SMITH"},{"data":"Caltrops","floor":15.0,"key":"SMITH"},{"floor":23.0,"key":"REST"},{"floor":25.0,"key":"REST"},{"data":"Noxious Fumes","floor":32.0,"key":"SMITH"},{"floor":41,"key":"REST"},{"floor":44,"key":"REST"}],"neow_cost":"PERCENT_DAMAGE","seed_source_timestamp":508690246385661,"circlet_count":0,"master_deck":["AscendersBane","Survivor","Neutralize+1","Caltrops+1","Poisoned Stab+1","Dagger Spray+1","Deflect","Leg Sweep","Deadly Poison","Die Die Die+1","Skewer+1","Backflip","Dash+1","Noxious Fumes+1","Leg Sweep+1","Blur+1","Deadly Poison+1","Envenom","All Out Attack+1","Predator+1","Dodge and Roll","Burst","Quick Slash+1","After Image","Distraction","Die Die Die+1","Die Die Die+1","Corpse Explosion","Noxious Fumes"],"special_seed":0,"relics":["Ring of the Snake","Bag of Preparation","Happy Flower","Mummified Hand","Bottled Tornado","Molten Egg 2","Sozu","Kunai","Pen Nib","Bronze Scales","Ginger","Juzu Bracelet","Red Mask","Pandora\u0027s Box","Peace Pipe","Snake Skull","Toxic Egg 2"],"potions_floor_usage":[],"damage_taken":[{"damage":0.0,"enemies":"Jaw Worm","floor":1.0,"turns":8.0},{"damage":1.0,"enemies":"Cultist","floor":4.0,"turns":4.0},{"damage":5.0,"enemies":"Small Slimes","floor":5.0,"turns":5.0},{"damage":8.0,"enemies":"Looter","floor":10.0,"turns":3.0},{"damage":0.0,"enemies":"Lagavulin","floor":11.0,"turns":4.0},{"damage":2.0,"enemies":"Large Slime","floor":13.0,"turns":7.0},{"damage":10.0,"enemies":"3 Sentries","floor":14.0,"turns":7.0},{"damage":0.0,"enemies":"The Guardian","floor":16.0,"turns":9.0},{"damage":7.0,"enemies":"Shell Parasite","floor":18.0,"turns":5.0},{"damage":0.0,"enemies":"Spheric Guardian","floor":20.0,"turns":4.0},{"damage":13.0,"enemies":"Shelled Parasite and Fungi","floor":21.0,"turns":6.0},{"damage":16.0,"enemies":"Slavers","floor":24.0,"turns":5.0},{"damage":9.0,"enemies":"Book of Stabbing","floor":28.0,"turns":4.0},{"damage":0.0,"enemies":"Centurion and Healer","floor":29.0,"turns":4.0},{"damage":0.0,"enemies":"Gremlin Leader","floor":30.0,"turns":3.0},{"damage":0.0,"enemies":"Masked Bandits","floor":31.0,"turns":3.0},{"damage":29,"enemies":"Automaton","floor":33,"turns":8},{"damage":4,"enemies":"Orb Walker","floor":35,"turns":3},{"damage":3,"enemies":"3 Darklings","floor":36,"turns":4},{"damage":0,"enemies":"Mind Bloom Boss Battle","floor":39,"turns":5},{"damage":34,"enemies":"Reptomancer","floor":40,"turns":5},{"damage":26,"enemies":"Nemesis","floor":42,"turns":7},{"damage":31,"enemies":"Giant Head","floor":45,"turns":4}],"seed_played":"-8095922066350171302","potions_obtained":[{"floor":1.0,"key":"SpeedPotion"},{"floor":11.0,"key":"Block Potion"},{"floor":13.0,"key":"Block Potion"}],"is_trial":false,"path_per_floor":["?","?","M","M","?","?","?","?"],"character_chosen":"THE_SILENT","items_purchased":["Bag of Preparation","Happy Flower","Dagger Spray","SteroidPotion","Kunai","Noxious Fumes"],"campfire_rested":5,"item_purchase_floors":[7,7,7,7,22,22],"current_hp_per_floor":[44,44,44,43,38,38,38,57,57,49,49,49,47,37,37,37,59,52,52,52,39,39,58,42,61,61,61,52,52,52,52,52,23,55,51,48,48,48,48,14,33,7,7,26,0],"gold":351,"neow_bonus":"TWO_FIFTY_GOLD","is_prod":false,"is_daily":false,"chose_seed":false,"campfire_upgraded":4,"win_rate":0,"timestamp":1548213679,"path_taken":["M","?","?","M","?","R","$","R","T","?","E","R","M","E","R","BOSS","M","?","M","M","$","R","E","R","T","$","E","M","E","?","R","BOSS","M","M","?","$","?","E","R","E","T","R","E"],"build_version":"2019-01-22","purchased_purges":2,"victory":false,"max_hp_per_floor":[66,66,66,66,66,66,66,66,66,66,66,66,66,66,66,66,66,66,66,66,66,66,66,66,66,66,66,66,66,66,66,66,66,66,66,66,66,66,66,66,66,66,66,66,66],"card_choices":[{"not_picked":["Escape Plan","Sucker Punch"],"picked":"Caltrops","floor":1.0},{"not_picked":["Riddle With Holes","Cloak And Dagger"],"picked":"Terror","floor":4.0},{"not_picked":["Calculated Gamble","Dodge and Roll"],"picked":"Poisoned Stab","floor":5.0},{"not_picked":["Accuracy","Choke"],"picked":"Deflect","floor":10.0},{"not_picked":["Backflip","Dagger Spray"],"picked":"Leg Sweep","floor":11.0},{"not_picked":["Flying Knee","Quick Slash"],"picked":"Deadly Poison","floor":13.0},{"not_picked":["Sucker Punch","Quick Slash","Setup"],"picked":"SKIP","floor":14.0},{"not_picked":["Venomology","Envenom"],"picked":"Die Die Die+1","floor":16.0},{"not_picked":["Bane+1","Accuracy"],"picked":"Skewer+1","floor":18.0},{"not_picked":["Outmaneuver","Bane+1"],"picked":"Backflip","floor":20.0},{"not_picked":["Prepared","Tactician"],"picked":"Dash+1","floor":21.0},{"not_picked":["Deadly Poison","Sucker Punch+1"],"picked":"Leg Sweep+1","floor":24.0},{"not_picked":["Terror","Finisher+1"],"picked":"Blur+1","floor":28.0},{"not_picked":["Acrobatics","Bane+1","Flying Knee+1"],"picked":"SKIP","floor":29.0},{"not_picked":["Dagger Spray+1","Setup"],"picked":"Deadly Poison+1","floor":30.0},{"not_picked":["Die Die Die+1","Glass Knife+1"],"picked":"Envenom","floor":33},{"not_picked":["Concentrate","Predator+1","Quick Slash+1"],"picked":"SKIP","floor":35},{"not_picked":["Slice+1","Terror","Dagger Spray+1"],"picked":"SKIP","floor":36},{"not_picked":["Poisoned Stab+1","Backflip"],"picked":"Corpse Explosion","floor":40},{"not_picked":["Distraction","Bane+1"],"picked":"Noxious Fumes","floor":42}],"player_experience":1277795,"relics_obtained":[{"floor":9.0,"key":"Mummified Hand"},{"floor":11.0,"key":"Bottled Tornado"},{"floor":14.0,"key":"Molten Egg 2"},{"floor":24.0,"key":"Pen Nib"},{"floor":26.0,"key":"Bronze Scales"},{"floor":28.0,"key":"Ginger"},{"floor":30.0,"key":"Juzu Bracelet"},{"floor":31.0,"key":"Red Mask"},{"floor":39,"key":"Peace Pipe"},{"floor":40,"key":"Snake Skull"},{"floor":42,"key":"Toxic Egg 2"}],"event_choices":[{"damage_healed":0.0,"max_hp_gain":0.0,"max_hp_loss":0.0,"gold_gain":0.0,"event_name":"Living Wall","player_choice":"Grow","floor":2.0,"gold_loss":0.0,"damage_taken":0.0,"cards_upgraded":["Neutralize"]},{"damage_healed":0.0,"max_hp_gain":0.0,"max_hp_loss":0.0,"gold_gain":275.0,"event_name":"Golden Shrine","player_choice":"Desecrate","floor":3.0,"gold_loss":0.0,"damage_taken":0.0,"cards_obtained":["Regret"]},{"damage_healed":0.0,"max_hp_gain":0.0,"max_hp_loss":0.0,"gold_gain":0.0,"event_name":"Back to Basics","player_choice":"Simplicity","floor":19.0,"gold_loss":0.0,"damage_taken":0.0,"cards_upgraded":["Defend_G","Defend_G","Defend_G","Defend_G","Defend_G","Strike_G","Strike_G","Strike_G","Strike_G","Strike_G"]},{"damage_healed":0.0,"max_hp_gain":0.0,"max_hp_loss":0.0,"gold_gain":0.0,"event_name":"Masked Bandits","player_choice":"Fought Bandits","floor":31.0,"gold_loss":0.0,"damage_taken":0.0},{"cards_removed":["Terror"],"damage_healed":0,"gold_gain":0,"player_choice":"Removed Skill","damage_taken":0,"max_hp_gain":0,"max_hp_loss":0,"event_name":"Falling","floor":37,"gold_loss":0},{"damage_healed":0,"gold_gain":0,"player_choice":"Fight","damage_taken":0,"max_hp_gain":0,"max_hp_loss":0,"event_name":"MindBloom","floor":39,"gold_loss":0}],"is_beta":true,"boss_relics":[{"not_picked":["Busted Crown","Eternal Feather"],"picked":"Sozu"},{"not_picked":["WristBlade","HoveringKite"],"picked":"Pandora\u0027s Box"}],"items_purged_floors":[7,38],"is_endless":false,"potions_floor_spawned":[1,11,13,24,33,36,39,42],"killed_by":"Giant Head","ascension_level":20}