{"gold_per_floor":[116,116,185,202,217,217,242,6,6,6,35,52,52,52,52,145,145,166,21,21,36,59,59,72,90,90,90,104,104,124,124],"floor_reached":31,"playtime":1413,"items_purged":[],"score":420,"play_id":"f31a9a92-0ed5-4ec3-8893-eecc2b8065ae","local_time":"20190101184714","is_ascension_mode":true,"campfire_choices":[{"data":"Bash","floor":6,"key":"SMITH"},{"floor":10,"key":"REST"},{"floor":13,"key":"REST"},{"data":"Demon Form","floor":15,"key":"SMITH"},{"data":"Fiend Fire","floor":23,"key":"SMITH"},{"floor":27,"key":"REST"}],"neow_cost":"NONE","seed_source_timestamp":80870919671886,"circlet_count":0,"master_deck":["AscendersBane","Strike_R","Strike_R","Strike_R","Strike_R","Strike_R","Defend_R","Defend_R","Defend_R","Defend_R","Bash+1","Exhume","Clothesline","Iron Wave","Shrug It Off","Pommel Strike","Immolate","Demon Form+1","Battle Trance","True Grit","Fiend Fire+1","Ghostly Armor","Armaments","Sword Boomerang","Flame Barrier","Fire Breathing","Dark Embrace","Writhe","True Grit"],"relics":["Burning Blood","Gremlin Horn","Ginger","Golden Idol","Mark of Pain","Bag of Marbles","Question Card","Pantograph"],"potions_floor_usage":[30,31],"damage_taken":[{"damage":6,"enemies":"Cultist","floor":1,"turns":4},{"damage":5,"enemies":"2 Louse","floor":4,"turns":4},{"damage":14,"enemies":"Jaw Worm","floor":5,"turns":5},{"damage":51,"enemies":"Lagavulin","floor":7,"turns":8},{"damage":20,"enemies":"3 Sentries","floor":11,"turns":6},{"damage":3,"enemies":"3 Louse","floor":12,"turns":3},{"damage":29,"enemies":"Hexaghost","floor":16,"turns":9},{"damage":4,"enemies":"Chosen","floor":18,"turns":4},{"damage":1,"enemies":"2 Thieves","floor":21,"turns":3},{"damage":5,"enemies":"Snecko","floor":22,"turns":3},{"damage":25,"enemies":"Sentry and Sphere","floor":24,"turns":5},{"damage":21,"enemies":"3 Cultists","floor":25,"turns":5},{"damage":28,"enemies":"Centurion and Healer","floor":28,"turns":5},{"damage":29,"enemies":"Snake Plant","floor":30,"turns":5},{"damage":15,"enemies":"Cultist and Chosen","floor":31,"turns":4}],"seed_played":"-4693888970937248401","potions_obtained":[{"floor":7,"key":"Dexterity Potion"},{"floor":12,"key":"SpeedPotion"},{"floor":18,"key":"LiquidBronze"}],"is_trial":false,"path_per_floor":["M","?","?","M","M","R","E","$","T","R","E","M","R","?","R","B",null,"M","$","?","M","M","R","M","M","T","R","M","?","M","M"],"character_chosen":"IRONCLAD","items_purchased":["Immolate","Demon Form","Bag of Marbles"],"campfire_rested":3,"item_purchase_floors":[8,8,19],"current_hp_per_floor":[68,68,68,69,61,61,16,16,16,38,24,27,49,49,49,26,58,60,60,60,65,66,66,47,32,32,52,30,30,7,0],"gold":124,"neow_bonus":"ONE_RANDOM_RARE_CARD","is_prod":false,"is_daily":false,"chose_seed":false,"campfire_upgraded":3,"win_rate":0,"timestamp":1546386434,"path_taken":["M","?","?","M","M","R","E","$","T","R","E","M","R","?","R","BOSS","M","$","?","M","M","R","M","M","T","R","M","?","M","M"],"build_version":"2018-12-25","purchased_purges":0,"victory":false,"max_hp_per_floor":[75,75,75,75,75,75,75,75,75,75,75,75,75,69,69,69,69,69,69,69,69,69,69,69,69,69,69,69,69,69,69],"card_choices":[{"not_picked":["Havoc","Searing Blow"],"picked":"Clothesline","floor":1},{"not_picked":["Carnage","Havoc"],"picked":"Iron Wave","floor":4},{"not_picked":["Sword Boomerang","Sever Soul"],"picked":"Shrug It Off","floor":5},{"not_picked":["Double Tap","True Grit"],"picked":"Pommel Strike","floor":7},{"not_picked":["Perfected Strike","Reckless Charge"],"picked":"Battle Trance","floor":11},{"not_picked":["Power Through","Warcry"],"picked":"True Grit","floor":12},{"not_picked":["Barricade","Bludgeon"],"picked":"Fiend Fire","floor":16},{"not_picked":["Thunderclap","Clash"],"picked":"Ghostly Armor","floor":18},{"not_picked":["Body Slam","True Grit"],"picked":"Armaments","floor":21},{"not_picked":["Clothesline","Warcry"],"picked":"Sword Boomerang","floor":22},{"not_picked":["Twin Strike+1","Headbutt"],"picked":"Flame Barrier","floor":24},{"not_picked":["Clothesline","Flex"],"picked":"Fire Breathing","floor":25},{"not_picked":["Twin Strike","Wild Strike+1","Fire Breathing"],"picked":"Dark Embrace","floor":28},{"not_picked":["Pommel Strike","Evolve","Body Slam"],"picked":"True Grit","floor":30}],"player_experience":1129631,"relics_obtained":[{"floor":7,"key":"Gremlin Horn"},{"floor":11,"key":"Ginger"},{"floor":26,"key":"Question Card"}],"event_choices":[{"damage_healed":0,"gold_gain":0,"player_choice":"Leave","damage_taken":0,"max_hp_gain":0,"max_hp_loss":0,"event_name":"The Cleric","floor":2,"gold_loss":0},{"damage_healed":0,"gold_gain":69,"player_choice":"Gained Gold","damage_taken":0,"max_hp_gain":0,"max_hp_loss":0,"event_name":"Golden Wing","floor":3,"gold_loss":0},{"damage_healed":0,"gold_gain":0,"player_choice":"Lose Max HP","damage_taken":0,"relics_obtained":["Golden Idol"],"max_hp_gain":0,"max_hp_loss":6,"event_name":"Golden Idol","floor":14,"gold_loss":0},{"damage_healed":0,"gold_gain":0,"player_choice":"Ignored","damage_taken":0,"max_hp_gain":0,"max_hp_loss":0,"event_name":"Beggar","floor":20,"gold_loss":0},{"damage_healed":0,"gold_gain":0,"player_choice":"Opened","damage_taken":0,"relics_obtained":["Pantograph"],"max_hp_gain":0,"max_hp_loss":0,"event_name":"The Mausoleum","floor":29,"gold_loss":0,"cards_obtained":["Writhe"]}],"is_beta":true,"boss_relics":[{"not_picked":["Pandora\u0027s Box","Fusion Hammer"],"picked":"Mark of Pain"}],"items_purged_floors":[],"is_endless":false,"potions_floor_spawned":[7,12,18,24,25],"killed_by":"Cultist and Chosen","ascension_level":14}