{"path_per_floor":["M","$","M","M","?","E","R","E","T","M","R","M","?","M","R","B",null,"M","$","M","M","M","E","R","$","T","M","M","?","?","T","R"],"character_chosen":"THE_SILENT","items_purchased":["Footwork","Paper Crane","Accuracy","Regal Pillow"],"gold_per_floor":[114,36,46,66,16,51,51,79,105,122,122,137,137,151,151,254,254,274,27,44,62,78,404,404,112,112,130,150,150,150,150,150],"floor_reached":33,"campfire_rested":5,"playtime":2468,"current_hp_per_floor":[67,67,61,61,61,27,48,38,38,29,50,36,22,20,41,35,70,70,70,63,41,40,15,36,36,36,36,24,24,11,11,48],"items_purged":["Strike_G"],"gold":150,"score":307,"play_id":"e8193821-1659-4404-8e59-85631cec0c85","is_prod":false,"is_daily":false,"is_ascension_mode":true,"campfire_upgraded":0,"path_taken":["M","$","M","M","?","E","R","E","T","M","R","M","?","M","R","BOSS","M","$","M","M","M","E","R","?","T","M","M","?","?","?","R","BOSS"],"build_version":"2018-02-22-PROD2","purchased_purges":1,"victory":false,"master_deck":["Defend_G","Defend_G","Defend_G","Defend_G+1","Strike_G","Strike_G","Strike_G+1","Survivor","Neutralize","Dagger Spray","Footwork","Flechettes","Acrobatics","Finisher+1","Dagger Spray+1","Tools of the Trade","Sucker Punch+1","Infinite Blades","Glass Knife+1","Cloak And Dagger","Skewer+1","Blur+1","Backflip","Cloak And Dagger","Accuracy","Night Terror","Dagger Throw+1"],"max_hp_per_floor":[70,70,70,70,70,70,70,70,70,70,70,70,70,70,70,70,70,70,70,70,70,70,70,70,70,70,70,70,70,75,75,75],"relics":["Ring of the Snake","Molten Egg 2","Shovel","Happy Flower","Sozu","Paper Crane","Old Coin","Regal Pillow","Dead Branch","Peace Pipe"],"card_choices":[{"not_picked":["Bane","Blade Dance"],"picked":"Dagger Spray"},{"not_picked":["Deadly Poison","Catalyst"],"picked":"Flechettes"},{"not_picked":["Accuracy","Setup"],"picked":"Acrobatics"},{"not_picked":["Masterful Stab","Reflex"],"picked":"Finisher"},{"not_picked":["Outmaneuver","PiercingWail"],"picked":"Dagger Spray"},{"not_picked":["PiercingWail","Prepared"],"picked":"Tools of the Trade"},{"not_picked":["Dagger Throw","Dagger Spray"],"picked":"Sucker Punch"},{"not_picked":["Outmaneuver","Masterful Stab"],"picked":"Infinite Blades"},{"not_picked":["Tools of the Trade","Corpse Explosion"],"picked":"Glass Knife"},{"not_picked":["Malaise","Riddle With Holes"],"picked":"Cloak And Dagger"},{"not_picked":["Prepared","Flying Knee"],"picked":"Skewer"},{"not_picked":["Acrobatics","Cloak And Dagger"],"picked":"Blur"},{"not_picked":["Cloak And Dagger","Underhanded Strike"],"picked":"Backflip"},{"not_picked":["Bane","Concentrate"],"picked":"Cloak And Dagger"},{"not_picked":["Flying Knee","Slice"],"picked":"Night Terror"},{"not_picked":["Acrobatics","Choke"],"picked":"Dagger Throw"}],"player_experience":297846,"potions_floor_usage":[16,23,23],"damage_taken":[{"damage":3,"enemies":"2 Louse","floor":1,"turns":3},{"damage":6,"enemies":"Jaw Worm","floor":3,"turns":6},{"damage":0,"enemies":"Small Slimes","floor":4,"turns":2},{"damage":34,"enemies":"Lagavulin","floor":6,"turns":11},{"damage":10,"enemies":"Gremlin Nob","floor":8,"turns":4},{"damage":9,"enemies":"Blue Slaver","floor":10,"turns":3},{"damage":14,"enemies":"3 Louse","floor":12,"turns":2},{"damage":2,"enemies":"Lots of Slimes","floor":14,"turns":3},{"damage":6,"enemies":"Slime Boss","floor":16,"turns":8},{"damage":0,"enemies":"Chosen","floor":18,"turns":5},{"damage":7,"enemies":"3 Byrds","floor":20,"turns":3},{"damage":22,"enemies":"Sentry and Sphere","floor":21,"turns":5},{"damage":1,"enemies":"Centurion and Healer","floor":22,"turns":4},{"damage":25,"enemies":"Slavers","floor":23,"turns":8},{"damage":0,"enemies":"Cultist and Chosen","floor":27,"turns":5},{"damage":12,"enemies":"Snecko","floor":28,"turns":4},{"damage":74,"enemies":"Automaton","floor":33,"turns":6}],"event_choices":[{"event_name":"The Cleric","player_choice":"Card Removal","floor":5,"damage_taken":0},{"event_name":"Shining Light","player_choice":"Entered Light","floor":13,"damage_taken":0},{"event_name":"Vampires","player_choice":"Ignored","floor":29,"damage_taken":0},{"event_name":"Forgotten Altar","player_choice":"Shed Blood","floor":30,"damage_taken":0}],"boss_relics":[{"not_picked":["White Beast Statue","Calling Bell"],"picked":"Sozu"}],"potions_floor_spawned":[10,12,16,23,27],"seed_played":"-7487620165904529022","killed_by":"Automaton","ascension_level":2,"is_trial":false}