{"gold_per_floor":[115,130,130,130,153,197,197,210,210,228,3,27,47,72,72,192,192,192,192,38,38,38,38,38,38,38,38,38,38,14,14,14,14,14,14,14,14,14,14,14,14,14,14,14,14,14,14,14,14,14],"floor_reached":51,"playtime":4175,"items_purged":[],"score":1051,"play_id":"e48d03e0-7d50-4973-85b1-b77a5332ff99","local_time":"20180701140909","is_ascension_mode":true,"campfire_choices":[{"floor":7,"key":"REST"},{"floor":15,"key":"REST"},{"floor":29,"key":"REST"},{"data":"1","floor":32,"key":"LIFT"},{"floor":40,"key":"REST"},{"floor":44,"key":"REST"},{"floor":46,"key":"REST"},{"floor":49,"key":"REST"}],"neow_cost":"NONE","seed_source_timestamp":1440753462011073,"circlet_count":0,"master_deck":["Defend_G+1","Defend_G+1","Defend_G+1","Defend_G+1","Defend_G+1","Strike_G+1","Strike_G+1","Strike_G+1","Strike_G+1","Strike_G+1","Survivor","Neutralize","AscendersBane","Backflip","Leg Sweep","Dagger Throw","Infinite Blades","Backflip","Flying Knee","Noxious Fumes","Dagger Spray","Cloak And Dagger","After Image","Adrenaline","Bane+1","A Thousand Cuts","Dodge and Roll+1","Dagger Throw+1","RitualDagger","Deflect+1","Choke+1","Sucker Punch","Dash","Night Terror","Riddle With Holes","Well Laid Plans+1","Dash","Good Instincts","Dark Shackles","Mind Blast","Leg Sweep+1","Terror+1","Blade Dance+1","PiercingWail+1","Infinite Blades+1","Expertise+1"],"relics":["Ring of the Snake","Omamori","Golden Idol","Mango","Mummified Hand","Mercury Hourglass","Bag of Marbles","Ectoplasm","Snake Skull","Potion Belt","Girya","Fusion Hammer","Old Coin","Frozen Egg 2"],"potions_floor_usage":[12,16,23,35,42,45,50,50,50],"damage_taken":[{"damage":0,"enemies":"Small Slimes","floor":1,"turns":5},{"damage":2,"enemies":"Jaw Worm","floor":2,"turns":7},{"damage":3,"enemies":"2 Louse","floor":5,"turns":4},{"damage":26,"enemies":"3 Sentries","floor":6,"turns":10},{"damage":0,"enemies":"Looter","floor":8,"turns":5},{"damage":6,"enemies":"2 Fungi Beasts","floor":10,"turns":2},{"damage":0,"enemies":"Gremlin Gang","floor":12,"turns":1},{"damage":9,"enemies":"Red Slaver","floor":13,"turns":4},{"damage":0,"enemies":"Lots of Slimes","floor":14,"turns":1},{"damage":48,"enemies":"Hexaghost","floor":16,"turns":10},{"damage":7,"enemies":"Shell Parasite","floor":18,"turns":6},{"damage":1,"enemies":"3 Byrds","floor":19,"turns":3},{"damage":0,"enemies":"Centurion and Healer","floor":22,"turns":5},{"damage":0,"enemies":"Gremlin Leader","floor":23,"turns":7},{"damage":2,"enemies":"3 Cultists","floor":25,"turns":4},{"damage":11,"enemies":"Slaver and Parasite","floor":28,"turns":7},{"damage":7,"enemies":"Cultist and Chosen","floor":31,"turns":6},{"damage":39,"enemies":"Collector","floor":33,"turns":12},{"damage":18,"enemies":"3 Darklings","floor":35,"turns":3},{"damage":0,"enemies":"3 Shapes","floor":36,"turns":3},{"damage":3,"enemies":"Flame Bruiser 2 Orb","floor":37,"turns":5},{"damage":19,"enemies":"4 Shapes","floor":39,"turns":4},{"damage":0,"enemies":"Transient","floor":41,"turns":5},{"damage":4,"enemies":"Flame Bruiser 2 Orb","floor":42,"turns":4},{"damage":17,"enemies":"Maw","floor":45,"turns":8},{"damage":6,"enemies":"2 Orb Walkers","floor":47,"turns":3},{"damage":13,"enemies":"Sphere and 2 Shapes","floor":48,"turns":5},{"damage":64,"enemies":"Time Eater","floor":50,"turns":12}],"seed_played":"4417327272983496877","potions_obtained":[{"floor":1,"key":"FearPotion"},{"floor":2,"key":"AttackPotion"},{"floor":16,"key":"Dexterity Potion"},{"floor":19,"key":"Ancient Potion"},{"floor":28,"key":"SpeedPotion"},{"floor":31,"key":"FairyPotion"},{"floor":33,"key":"LiquidBronze"},{"floor":39,"key":"Weak Potion"},{"floor":41,"key":"Block Potion"},{"floor":42,"key":"FairyPotion"},{"floor":45,"key":"Block Potion"},{"floor":47,"key":"GhostInAJar"}],"is_trial":false,"path_per_floor":["M","M","?","?","M","E","R","M","T","M","$","M","M","M","R","B",null,"M","M","$","?","M","E","?","M","T","?","M","R","$","M","R","B",null,"M","M","M","?","M","R","M","M","T","R","M","R","E","M","R","B"],"character_chosen":"THE_SILENT","items_purchased":["Noxious Fumes","Bag of Marbles","Snake Skull","Sucker Punch"],"campfire_rested":7,"item_purchase_floors":[11,11,20,30],"current_hp_per_floor":[63,61,61,57,54,28,51,51,51,45,45,45,36,36,59,11,62,55,54,54,54,54,54,48,46,46,46,35,58,58,51,51,12,62,44,44,41,31,12,35,35,31,31,54,37,60,54,41,64,7],"gold":14,"neow_bonus":"RANDOM_COMMON_RELIC","is_prod":false,"is_daily":false,"chose_seed":false,"campfire_upgraded":0,"win_rate":0,"timestamp":1530468549,"path_taken":["M","M","?","?","?","E","R","M","T","M","?","M","M","M","R","BOSS","M","?","$","?","M","E","?","?","T","?","M","R","$","M","R","BOSS","M","M","?","?","?","R","M","M","T","R","M","R","E","M","R","BOSS"],"build_version":"2018-06-29","purchased_purges":0,"victory":true,"max_hp_per_floor":[70,70,65,79,79,79,79,79,79,79,79,79,79,79,79,79,79,79,79,79,79,79,79,79,79,79,79,79,79,79,79,79,79,79,79,79,79,79,79,79,79,79,79,79,79,79,79,79,79,79],"card_choices":[{"not_picked":["Escape Plan","Outmaneuver"],"picked":"Backflip","floor":1},{"not_picked":["Acrobatics","Sucker Punch"],"picked":"Leg Sweep","floor":2},{"not_picked":["Slice","Sucker Punch"],"picked":"Dagger Throw","floor":5},{"not_picked":["Backstab","Deflect"],"picked":"Infinite Blades","floor":6},{"not_picked":["Sucker Punch","Deadly Poison"],"picked":"Backflip","floor":8},{"not_picked":["Outmaneuver","Quick Slash"],"picked":"Flying Knee","floor":10},{"not_picked":["Endless Agony","Calculated Gamble"],"picked":"Dagger Spray","floor":12},{"not_picked":["Dagger Spray","Deflect"],"picked":"Cloak And Dagger","floor":13},{"not_picked":["Choke","Dagger Throw"],"picked":"After Image","floor":14},{"not_picked":["Corpse Explosion","Wraith Form v2"],"picked":"Adrenaline","floor":16},{"not_picked":["Deadly Poison","Slice+1"],"picked":"Bane+1","floor":18},{"not_picked":["Sucker Punch","Underhanded Strike"],"picked":"A Thousand Cuts","floor":19},{"not_picked":["Dagger Spray","Poisoned Stab"],"picked":"Dodge and Roll+1","floor":22},{"not_picked":["Quick Slash","Deflect"],"picked":"Dagger Throw+1","floor":23},{"not_picked":["Underhanded Strike","Outmaneuver"],"picked":"Deflect+1","floor":25},{"not_picked":["Quick Slash","Slice+1"],"picked":"Choke+1","floor":28},{"not_picked":["Outmaneuver+1","Expertise+1"],"picked":"Dash","floor":31},{"not_picked":["A Thousand Cuts","Corpse Explosion"],"picked":"Night Terror","floor":33},{"not_picked":["Quick Slash","Dagger Spray"],"picked":"Riddle With Holes","floor":35},{"not_picked":["Concentrate+1","Bouncing Flask"],"picked":"Well Laid Plans+1","floor":36},{"not_picked":["Crippling Poison","Sucker Punch+1"],"picked":"Dash","floor":37},{"not_picked":["Swift Strike","Enlightenment"],"picked":"Good Instincts","floor":38},{"not_picked":["Transmutation","Enlightenment"],"picked":"Dark Shackles","floor":38},{"not_picked":["Panache","Trip"],"picked":"Mind Blast","floor":38},{"not_picked":["Setup","Bane"],"picked":"Leg Sweep+1","floor":39},{"not_picked":["Backflip","Acrobatics+1"],"picked":"Terror+1","floor":41},{"not_picked":["Eviscerate+1","Prepared"],"picked":"Blade Dance+1","floor":42},{"not_picked":["Quick Slash+1","Infinite Blades+1"],"picked":"PiercingWail+1","floor":45},{"not_picked":["Well Laid Plans","Reflex+1"],"picked":"Infinite Blades","floor":47},{"not_picked":["Well Laid Plans+1","Sucker Punch+1"],"picked":"Expertise+1","floor":48}],"player_experience":492264,"relics_obtained":[{"floor":6,"key":"Mummified Hand"},{"floor":9,"key":"Mercury Hourglass"},{"floor":23,"key":"Potion Belt"},{"floor":26,"key":"Girya"},{"floor":43,"key":"Old Coin"},{"floor":47,"key":"Frozen Egg 2"}],"event_choices":[{"event_name":"Golden Idol","player_choice":"Lose Max HP","floor":3,"damage_taken":0},{"event_name":"Scrap Ooze","player_choice":"success","floor":4,"damage_taken":18},{"event_name":"Back to Basics","player_choice":"Simplicity","floor":21,"damage_taken":0},{"event_name":"Nest","player_choice":"Joined the Cult","floor":24,"damage_taken":0},{"event_name":"Addict","player_choice":"Ignored","floor":27,"damage_taken":0},{"event_name":"SensoryStone","player_choice":"Memory 3","floor":38,"damage_taken":0}],"boss_relics":[{"not_picked":["Tiny House","Snecko Eye"],"picked":"Ectoplasm"},{"not_picked":["White Beast Statue","Philosopher\u0027s Stone"],"picked":"Fusion Hammer"}],"items_purged_floors":[],"is_endless":false,"potions_floor_spawned":[1,2,16,19,28,31,33,39,41,42,45,47],"ascension_level":10}