{"path_per_floor":["M","M","M","$","M","E","R","E","T","M","R","?","M","$","R","B",null,"M","?","?","$","M","R","E","?","T","M","R","M","M","M","R","B",null,"M","M","T","?","M","R","E","R","T","R","E","?","?","M","R","B"],"character_chosen":"IRONCLAD","items_purchased":["Limit Break","Blood for Blood","Shrug It Off"],"gold_per_floor":[109,127,139,69,83,116,116,147,170,188,188,188,206,96,96,197,197,197,197,97,52,52,52,52,52,52,52,52,52,52,52,52,52,52,52,52,52,52,52,52,52,52,52,52,52,52,22,22,22,22],"floor_reached":51,"campfire_rested":6,"playtime":3766,"current_hp_per_floor":[80,75,80,80,75,64,64,27,27,32,56,56,62,62,62,48,80,80,80,80,80,68,68,50,50,50,36,60,63,59,49,73,35,80,80,71,71,8,21,45,10,34,34,58,13,70,70,70,70,62],"items_purged":["Strike_R"],"gold":22,"score":564,"play_id":"52c3b220-4fc4-418f-a573-4aa10bc271b0","is_prod":false,"is_daily":false,"is_ascension_mode":true,"campfire_upgraded":4,"path_taken":["M","M","M","$","?","E","R","E","T","M","R","?","M","$","R","BOSS","M","?","?","$","M","R","E","?","T","M","R","M","M","M","R","BOSS","M","M","?","?","?","R","E","R","T","R","E","?","?","M","R","BOSS"],"build_version":"2018-02-22-PROD2","purchased_purges":1,"victory":true,"master_deck":["Strike_R","Strike_R","Strike_R","Defend_R","Defend_R","Defend_R","Bash","Cleave","Seeing Red+1","Inflame","Limit Break+1","Ghostly Armor","Shrug It Off+1","Cleave","Blood for Blood","Limit Break+1","Dual Wield","Heavy Blade","J.A.X.+1","Shrug It Off","Headbutt","Headbutt","Heavy Blade","Battle Trance","Double Tap+1","Sentinel+1","Ghostly Armor+1","Armaments+1"],"max_hp_per_floor":[80,80,80,80,80,80,80,80,80,80,80,80,80,80,80,80,80,80,80,80,80,80,80,80,80,80,80,80,80,80,80,80,80,80,80,80,80,80,80,80,80,80,80,80,80,70,70,70,70,70],"relics":["Burning Blood","Bag of Preparation","Bag of Marbles","Ancient Tea Set","Gambling Chip","Ectoplasm","Lantern","Frozen Egg 2","Lizard Tail","Pen Nib","Du-Vu Doll","War Paint","Magic Flower","Old Coin"],"card_choices":[{"not_picked":["Heavy Blade","Sword Boomerang"],"picked":"Cleave"},{"not_picked":["Anger","Corruption"],"picked":"Seeing Red"},{"not_picked":["Sword Boomerang","Anger"],"picked":"Inflame"},{"not_picked":["Bloodletting","Combust"],"picked":"Ghostly Armor"},{"not_picked":["Twin Strike","Anger"],"picked":"Shrug It Off"},{"not_picked":["Warcry","Body Slam"],"picked":"Cleave"},{"not_picked":["Dark Embrace","Demon Form"],"picked":"Limit Break"},{"not_picked":["Twin Strike","Perfected Strike"],"picked":"Dual Wield"},{"not_picked":["Dual Wield","Havoc"],"picked":"Headbutt"},{"not_picked":["Uppercut","Shrug It Off"],"picked":"Headbutt"},{"not_picked":["Berserk","Havoc"],"picked":"Heavy Blade"},{"not_picked":["Corruption","Blood for Blood"],"picked":"Battle Trance"},{"not_picked":["Offering","Brutality"],"picked":"Double Tap"},{"not_picked":["Blood for Blood","Rampage"],"picked":"Sentinel"},{"not_picked":["Disarm","True Grit"],"picked":"Ghostly Armor"},{"not_picked":["Clash","Dual Wield"],"picked":"Armaments"}],"player_experience":273988,"potions_floor_usage":[6,8,10,16,24,33,33,38,39,50,50,50],"damage_taken":[{"damage":1,"enemies":"Cultist","floor":1,"turns":4},{"damage":11,"enemies":"Jaw Worm","floor":2,"turns":5},{"damage":1,"enemies":"2 Louse","floor":3,"turns":2},{"damage":11,"enemies":"Red Slaver","floor":5,"turns":3},{"damage":17,"enemies":"3 Sentries","floor":6,"turns":5},{"damage":43,"enemies":"Lagavulin","floor":8,"turns":9},{"damage":1,"enemies":"Exordium Thugs","floor":10,"turns":3},{"damage":0,"enemies":"Looter","floor":13,"turns":2},{"damage":20,"enemies":"The Guardian","floor":16,"turns":7},{"damage":5,"enemies":"3 Byrds","floor":18,"turns":5},{"damage":18,"enemies":"Shell Parasite","floor":22,"turns":6},{"damage":24,"enemies":"Book of Stabbing","floor":24,"turns":3},{"damage":20,"enemies":"Centurion and Healer","floor":27,"turns":6},{"damage":3,"enemies":"Snake Plant","floor":29,"turns":2},{"damage":10,"enemies":"Snecko","floor":30,"turns":3},{"damage":16,"enemies":"Centurion and Healer","floor":31,"turns":3},{"damage":44,"enemies":"Collector","floor":33,"turns":5},{"damage":3,"enemies":"Orb Walker","floor":35,"turns":2},{"damage":15,"enemies":"3 Shapes","floor":36,"turns":3},{"damage":69,"enemies":"Mysterious Sphere","floor":38,"turns":8},{"damage":8,"enemies":"Sphere and 2 Shapes","floor":39,"turns":6},{"damage":41,"enemies":"2 Orb Walkers","floor":41,"turns":5},{"damage":54,"enemies":"Giant Head","floor":45,"turns":7},{"damage":7,"enemies":"4 Shapes","floor":48,"turns":4},{"damage":85,"enemies":"Donu and Deca","floor":50,"turns":7}],"event_choices":[{"event_name":"Dead Adventurer","player_choice":"Searched \u00271\u0027 times","floor":12,"damage_taken":0},{"event_name":"The Library","player_choice":"Read","floor":19,"damage_taken":0},{"event_name":"Drug Dealer","player_choice":"Got JAXXED","floor":20,"damage_taken":0},{"event_name":"Purifier","player_choice":"One Purge","floor":25,"damage_taken":0},{"event_name":"Mysterious Sphere","player_choice":"Fight","floor":38,"damage_taken":0},{"event_name":"The Moai Head","player_choice":"Heal","floor":46,"damage_taken":0},{"event_name":"The Woman in Blue","player_choice":"Bought 2 Potions","floor":47,"damage_taken":0}],"boss_relics":[{"not_picked":["Runic Dome","Runic Pyramid"],"picked":"Ectoplasm"},{"not_picked":["White Beast Statue","Question Card"],"picked":"Lizard Tail"}],"potions_floor_spawned":[2,3,5,13,22,24,30,35,38,41],"seed_played":"-8515747855668077687","ascension_level":1,"is_trial":false}