{"gold_per_floor":[116,116,134,153,169,169,182,182,182,182,192,220,233,308,308,411,411,426,60,50,67,77,77,106,106,160,160,180,192,247,277,289,403,415,440,40,54,54,68,98,98,112,112,112,126,126,137,137,137,137],"floor_reached":51,"playtime":2810,"items_purged":["Shame"],"score":1154,"play_id":"649d4eea-d407-410f-8739-f29268b43185","local_time":"20180806221428","is_ascension_mode":true,"campfire_choices":[{"data":"Neutralize","floor":6,"key":"SMITH"},{"data":"Blade Dance","floor":8,"key":"SMITH"},{"floor":15,"key":"REST"},{"data":"After Image","floor":23,"key":"SMITH"},{"data":"Cloak And Dagger","floor":25,"key":"SMITH"},{"floor":32,"key":"REST"},{"data":"A Thousand Cuts","floor":41,"key":"SMITH"},{"data":"Cloak And Dagger","floor":46,"key":"SMITH"},{"floor":49,"key":"REST"}],"neow_cost":"NONE","seed_source_timestamp":0,"circlet_count":0,"master_deck":["Defend_G","Defend_G","Defend_G","Defend_G+1","Defend_G","Strike_G+1","Strike_G","Strike_G","Strike_G","Survivor","Neutralize+1","AscendersBane","Poisoned Stab","Poisoned Stab+1","Flying Knee","Flechettes","Blade Dance+1","After Image+1","Cloak And Dagger+1","Footwork","Malaise","Backflip","Cloak And Dagger+1","Infinite Blades","Slice","Accuracy","Dodge and Roll","Doubt","Injury","Finisher","Corpse Explosion","Cloak And Dagger","A Thousand Cuts+1","Accuracy","Infinite Blades","Infinite Blades","Well Laid Plans","Footwork","Footwork","Backflip+1","Cloak And Dagger+1","Slice+1","Infinite Blades","Normality","Cloak And Dagger","Infinite Blades","Acrobatics+1","Madness","Madness"],"relics":["Ring of the Serpent","Meat on the Bone","Bird Faced Urn","Cursed Key","Kunai","The Courier","Happy Flower","MawBank","Pen Nib","Shuriken","Dead Branch"],"potions_floor_usage":[11,16,20,29,31,33,45,50,50],"damage_taken":[{"damage":7,"enemies":"Jaw Worm","floor":1,"turns":5},{"damage":0,"enemies":"Small Slimes","floor":3,"turns":3},{"damage":0,"enemies":"Cultist","floor":4,"turns":3},{"damage":14,"enemies":"Blue Slaver","floor":5,"turns":3},{"damage":4,"enemies":"2 Fungi Beasts","floor":7,"turns":2},{"damage":18,"enemies":"Gremlin Gang","floor":11,"turns":4},{"damage":12,"enemies":"3 Sentries","floor":12,"turns":8},{"damage":3,"enemies":"Blue Slaver","floor":13,"turns":4},{"damage":22,"enemies":"The Guardian","floor":16,"turns":13},{"damage":2,"enemies":"3 Byrds","floor":18,"turns":7},{"damage":3,"enemies":"2 Thieves","floor":20,"turns":4},{"damage":19,"enemies":"Cultist and Chosen","floor":21,"turns":7},{"damage":28,"enemies":"Sentry and Sphere","floor":22,"turns":6},{"damage":11,"enemies":"Book of Stabbing","floor":24,"turns":7},{"damage":36,"enemies":"3 Cultists","floor":28,"turns":8},{"damage":13,"enemies":"Snake Plant","floor":29,"turns":5},{"damage":17,"enemies":"Cultist and Chosen","floor":31,"turns":5},{"damage":59,"enemies":"Collector","floor":33,"turns":12},{"damage":8,"enemies":"Flame Bruiser 1 Orb","floor":35,"turns":8},{"damage":10,"enemies":"3 Shapes","floor":37,"turns":6},{"damage":17,"enemies":"Sphere and 2 Shapes","floor":39,"turns":7},{"damage":11,"enemies":"Nemesis","floor":40,"turns":7},{"damage":3,"enemies":"Spire Growth","floor":42,"turns":6},{"damage":0,"floor":44,"turns":7},{"damage":35,"enemies":"Transient","floor":45,"turns":5},{"damage":15,"enemies":"Maw","floor":47,"turns":6},{"damage":67,"enemies":"Donu and Deca","floor":50,"turns":7}],"seed_played":"-6887432318696554911","potions_obtained":[{"floor":3,"key":"Poison Potion"},{"floor":7,"key":"Ancient Potion"},{"floor":13,"key":"SteroidPotion"},{"floor":18,"key":"Explosive Potion"},{"floor":28,"key":"PowerPotion"},{"floor":29,"key":"Strength Potion"},{"floor":31,"key":"GamblersBrew"},{"floor":35,"key":"Block Potion"},{"floor":42,"key":"Ancient Potion"},{"floor":47,"key":"Poison Potion"}],"is_trial":false,"path_per_floor":["M","?","M","M","M","R","M","R","T","?","M","E","M","?","R","B",null,"M","$","M","M","M","R","E","R","T","?","M","M","T","M","R","B",null,"M","$","M","?","M","E","R","M","T","?","M","R","M","?","R","B"],"character_chosen":"THE_SILENT","items_purchased":["Kunai","Cloak And Dagger","Infinite Blades","Accuracy","Infinite Blades","Infinite Blades","Well Laid Plans","Footwork","Footwork"],"campfire_rested":3,"item_purchase_floors":[19,19,19,36,36,36,36,36,36],"current_hp_per_floor":[56,42,42,42,28,28,24,24,24,24,18,18,29,18,39,33,61,63,63,66,52,44,44,41,41,41,41,25,34,34,33,54,15,56,58,58,66,66,59,65,65,67,67,70,37,37,44,35,56,19],"gold":137,"neow_bonus":"THREE_CARDS","is_prod":false,"is_daily":false,"chose_seed":true,"campfire_upgraded":6,"win_rate":0,"timestamp":1533608068,"path_taken":["M","?","M","?","M","R","M","R","T","?","M","E","?","?","R","BOSS","M","?","M","M","M","R","E","R","T","?","M","M","?","M","R","BOSS","M","$","M","?","M","E","R","M","T","?","M","R","?","?","R","BOSS"],"build_version":"2018-08-01","purchased_purges":1,"victory":true,"max_hp_per_floor":[70,70,70,70,70,70,70,70,70,70,70,70,70,70,70,70,70,70,70,70,70,70,70,70,70,70,70,70,70,70,70,70,70,70,70,70,70,70,70,70,70,70,70,70,70,70,70,70,70,70],"card_choices":[{"not_picked":["PiercingWail","Concentrate"],"picked":"Poisoned Stab","floor":0},{"not_picked":["Dagger Throw","Dodge and Roll"],"picked":"Poisoned Stab","floor":1},{"not_picked":["Choke","Outmaneuver","Bane"],"picked":"SKIP","floor":3},{"not_picked":["Bouncing Flask","Acrobatics"],"picked":"Flying Knee","floor":4},{"not_picked":["Outmaneuver","Sucker Punch"],"picked":"Flechettes","floor":5},{"not_picked":["Slice","Flechettes"],"picked":"Blade Dance","floor":7},{"not_picked":["Setup","Choke"],"picked":"After Image","floor":11},{"not_picked":["Bane","Acrobatics"],"picked":"Cloak And Dagger","floor":12},{"not_picked":["Sucker Punch","All Out Attack"],"picked":"Footwork","floor":13},{"not_picked":["Bullet Time","Doppelganger"],"picked":"Malaise","floor":16},{"not_picked":["Poisoned Stab","Deflect+1"],"picked":"Backflip","floor":18},{"not_picked":["Prepared+1","Concentrate"],"picked":"Slice","floor":20},{"not_picked":["Quick Slash","PiercingWail"],"picked":"Accuracy","floor":21},{"not_picked":["Sucker Punch","Acrobatics"],"picked":"Dodge and Roll","floor":22},{"not_picked":["Masterful Stab+1","Flying Knee","Quick Slash"],"picked":"SKIP","floor":24},{"not_picked":["Catalyst","Dash"],"picked":"Finisher","floor":28},{"not_picked":["Predator+1","Riddle With Holes"],"picked":"Corpse Explosion","floor":29},{"not_picked":["Predator+1","Flying Knee"],"picked":"Cloak And Dagger","floor":31},{"not_picked":["Grand Finale","Tools of the Trade"],"picked":"A Thousand Cuts","floor":33},{"not_picked":["Reflex","Dash+1","Flying Knee"],"picked":"SKIP","floor":35},{"not_picked":["Terror+1","Slice"],"picked":"Backflip+1","floor":37},{"not_picked":["Heel Hook+1","Leg Sweep"],"picked":"Cloak And Dagger","floor":39},{"not_picked":["Backstab","Quick Slash"],"picked":"Slice+1","floor":40},{"not_picked":["Eviscerate","Slice"],"picked":"Infinite Blades","floor":42},{"not_picked":["Sucker Punch","Predator"],"picked":"Cloak And Dagger","floor":44},{"not_picked":["Acrobatics","Bane"],"picked":"Infinite Blades","floor":45},{"not_picked":["Quick Slash+1","Outmaneuver+1"],"picked":"Acrobatics+1","floor":47}],"player_experience":743566,"relics_obtained":[{"floor":9,"key":"Meat on the Bone"},{"floor":12,"key":"Bird Faced Urn"},{"floor":24,"key":"The Courier"},{"floor":26,"key":"Happy Flower"},{"floor":30,"key":"MawBank"},{"floor":40,"key":"Pen Nib"},{"floor":43,"key":"Shuriken"},{"floor":44,"key":"Dead Branch"}],"event_choices":[{"event_name":"Shining Light","player_choice":"Entered Light","floor":2,"damage_taken":0},{"event_name":"Living Wall","player_choice":"Grow","floor":10,"damage_taken":0},{"event_name":"World of Goop","player_choice":"Gather Gold","floor":14,"damage_taken":0},{"event_name":"Accursed Blacksmith","player_choice":"Forge","floor":27,"damage_taken":0},{"event_name":"Falling","player_choice":"Removed Attack","floor":38,"damage_taken":0},{"event_name":"MindBloom","player_choice":"Fight","floor":44,"damage_taken":0},{"event_name":"Winding Halls","player_choice":"Embrace Madness","floor":48,"damage_taken":0}],"is_beta":true,"boss_relics":[{"not_picked":["Tiny House","Eternal Feather"],"picked":"Cursed Key"},{"not_picked":["Lizard Tail","Pandora\u0027s Box"],"picked":"Ring of the Serpent"}],"items_purged_floors":[36],"is_endless":false,"potions_floor_spawned":[3,7,13,18,28,29,31,35,42,47],"ascension_level":11}