{"path_per_floor":["M","?","M","M","M","R","$","R","T","M","?","M","M","M","R","B",null,"M","M","$","?","?","R","E","R","T","?","M","E","M","M","R"],"character_chosen":"THE_SILENT","items_purchased":["Escape Plan","Bandage Up"],"gold_per_floor":[114,114,128,148,167,167,17,17,43,59,59,72,89,102,102,200,200,210,197,6,6,96,96,129,129,129,44,57,87,98,118,118],"floor_reached":33,"campfire_rested":3,"playtime":1383,"current_hp_per_floor":[66,80,80,80,80,80,80,80,80,78,62,62,62,62,62,17,80,69,44,44,44,28,67,28,67,67,67,43,33,20,12,51],"items_purged":["Strike_G","Normality"],"gold":118,"score":281,"play_id":"19c93103-b242-4439-b631-837efd9ec771","local_time":"20180315214827","is_prod":false,"is_daily":false,"is_ascension_mode":false,"campfire_upgraded":3,"timestamp":1521164907,"path_taken":["M","?","M","M","?","R","?","R","T","M","?","M","M","M","R","BOSS","M","M","$","?","?","R","E","R","T","?","M","E","M","M","R","BOSS"],"build_version":"2018-03-15","purchased_purges":2,"victory":false,"master_deck":["Defend_G","Defend_G","Defend_G","Defend_G","Defend_G","Strike_G","Strike_G","Strike_G+1","Strike_G","Survivor+1","Neutralize+1","Unload","Dagger Spray+1","Flying Knee","Quick Slash","Escape Plan","Footwork+1","Heel Hook","Sucker Punch","Predator","Burst","Parasite","Regret","Terror","Bandage Up","Bouncing Flask+1","Blur+1","Dash","Blade Dance+1","PiercingWail+1"],"max_hp_per_floor":[70,80,80,80,80,80,80,80,80,80,80,80,80,80,80,80,80,80,80,80,80,80,80,80,80,80,80,80,80,80,80,80],"relics":["Ring of the Snake","Regal Pillow","Calling Bell","Frozen Eye","Gremlin Horn","Matryoshka","Calipers","Anchor","Blood Vial","Oddly Smooth Stone","Happy Flower"],"card_choices":[{"not_picked":["Slice","Accuracy"],"picked":"Unload"},{"not_picked":["Acrobatics","Malaise"],"picked":"Dagger Spray"},{"not_picked":["Acrobatics","Slice"],"picked":"Flying Knee"},{"not_picked":["Outmaneuver","Choke"],"picked":"Quick Slash"},{"not_picked":["Terror","Quick Slash"],"picked":"Footwork"},{"not_picked":["Slice","Cloak And Dagger"],"picked":"Heel Hook"},{"not_picked":["Slice","Dash"],"picked":"Sucker Punch"},{"not_picked":["Deadly Poison","Bouncing Flask"],"picked":"Predator"},{"not_picked":["Venomology","Tactician"],"picked":"Burst"},{"not_picked":["Outmaneuver","Dodge and Roll"],"picked":"Terror"},{"not_picked":["Backstab","Cloak And Dagger"],"picked":"Bouncing Flask"},{"not_picked":["Dagger Throw","Prepared"],"picked":"Blur"},{"not_picked":["All Out Attack","Flying Knee"],"picked":"Dash"},{"not_picked":["Unload","Flying Knee"],"picked":"Blade Dance"},{"not_picked":["Riddle With Holes","Flying Knee"],"picked":"PiercingWail"}],"player_experience":571053,"potions_floor_usage":[16,18,24,29,29,30,31,33],"damage_taken":[{"damage":4,"enemies":"Cultist","floor":1,"turns":4},{"damage":0,"enemies":"2 Louse","floor":3,"turns":3},{"damage":0,"enemies":"Jaw Worm","floor":4,"turns":3},{"damage":0,"enemies":"3 Louse","floor":5,"turns":3},{"damage":2,"enemies":"Looter","floor":10,"turns":3},{"damage":0,"enemies":"Gremlin Gang","floor":12,"turns":1},{"damage":0,"enemies":"Large Slime","floor":13,"turns":4},{"damage":0,"enemies":"Red Slaver","floor":14,"turns":4},{"damage":45,"enemies":"The Guardian","floor":16,"turns":13},{"damage":11,"enemies":"3 Byrds","floor":18,"turns":4},{"damage":25,"enemies":"2 Thieves","floor":19,"turns":4},{"damage":43,"enemies":"Book of Stabbing","floor":24,"turns":7},{"damage":30,"enemies":"Centurion and Healer","floor":28,"turns":8},{"damage":16,"enemies":"Gremlin Leader","floor":29,"turns":6},{"damage":19,"enemies":"Snecko","floor":30,"turns":6},{"damage":14,"enemies":"Snake Plant","floor":31,"turns":6},{"damage":53,"enemies":"Collector","floor":33,"turns":3}],"event_choices":[{"event_name":"Bonfire Elementals","player_choice":"RARE","floor":2,"damage_taken":0},{"event_name":"Shining Light","player_choice":"Entered Light","floor":11,"damage_taken":0},{"event_name":"Beggar","player_choice":"Ignored","floor":21,"damage_taken":0},{"event_name":"Knowing Skull","player_choice":"GOLD ","floor":22,"damage_taken":0},{"event_name":"Addict","player_choice":"Obtained Relic","floor":27,"damage_taken":0}],"boss_relics":[{"not_picked":["Ectoplasm","Runic Dome"],"picked":"Calling Bell"}],"potions_floor_spawned":[3,5,12,16,24,28,29,31],"seed_played":"-6195835136746767373","killed_by":"Collector","ascension_level":0,"is_trial":false}