{"gold_per_floor":[119,134,5,5,5,37,37,49,49,83,83,100,119,152,152,231,231,245,145,145,161,171,171,189,224,279,293,253,253,287,337,337,337],"floor_reached":33,"playtime":3872,"items_purged":["Strike_B","Strike_B"],"score":610,"play_id":"ed8bbc53-71f2-483b-bdcb-87021ca5144e","local_time":"20190116201949","is_ascension_mode":true,"campfire_choices":[{"floor":7.0,"key":"REST"},{"floor":11.0,"key":"REST"},{"data":"Go for the Eyes","floor":15.0,"key":"SMITH"},{"floor":23.0,"key":"REST"},{"data":"Echo Form","floor":29.0,"key":"SMITH"},{"data":"1","floor":32.0,"key":"LIFT"}],"neow_cost":"TEN_PERCENT_HP_LOSS","seed_source_timestamp":94795136202175,"circlet_count":0,"master_deck":["AscendersBane","Defend_B","Defend_B","Defend_B","Defend_B","Zap","Dualcast","Ball Lightning","Compile Driver","Compile Driver","Go for the Eyes+1","Steam","Glacier","BootSequence","Cold Snap","Electrodynamics","Conserve Battery","Coolheaded","Echo Form+1","Glacier","Coolheaded"],"special_seed":0,"relics":["Cracked Core","Juzu Bracelet","Mercury Hourglass","Ornamental Fan","Mummified Hand","Nuclear Battery","Strawberry","Girya"],"potions_floor_usage":[33],"damage_taken":[{"damage":4.0,"enemies":"Jaw Worm","floor":1.0,"turns":4.0},{"damage":4.0,"enemies":"2 Louse","floor":2.0,"turns":2.0},{"damage":20.0,"enemies":"Lagavulin","floor":6.0,"turns":6.0},{"damage":0.0,"enemies":"Small Slimes","floor":8.0,"turns":2.0},{"damage":28.0,"enemies":"Gremlin Nob","floor":10.0,"turns":4.0},{"damage":0.0,"enemies":"Looter","floor":12.0,"turns":3.0},{"damage":2.0,"enemies":"Gremlin Gang","floor":13.0,"turns":4.0},{"damage":4.0,"enemies":"3 Sentries","floor":14.0,"turns":7.0},{"damage":30.0,"enemies":"The Guardian","floor":16.0,"turns":15.0},{"damage":1.0,"enemies":"3 Byrds","floor":18.0,"turns":2.0},{"damage":0.0,"enemies":"Spheric Guardian","floor":21.0,"turns":4.0},{"damage":2.0,"enemies":"Chosen and Byrds","floor":22.0,"turns":7.0},{"damage":0.0,"enemies":"Snecko","floor":24.0,"turns":4.0},{"damage":6.0,"enemies":"Gremlin Leader","floor":25.0,"turns":6.0},{"damage":0.0,"enemies":"Centurion and Healer","floor":27.0,"turns":3.0},{"damage":1.0,"enemies":"Slavers","floor":30.0,"turns":4.0},{"damage":92,"enemies":"Collector","floor":33,"turns":9}],"seed_played":"-7943978792620545624","potions_obtained":[{"floor":2.0,"key":"Strength Potion"},{"floor":10.0,"key":"SteroidPotion"},{"floor":13.0,"key":"EntropicBrew"},{"floor":16.0,"key":"Dexterity Potion"},{"floor":27.0,"key":"Fire Potion"},{"floor":28.0,"key":"SpeedPotion"}],"is_trial":false,"path_per_floor":["M","M","$","?","?","E","R","M","T","E","R","M","M","E","R","B",null,"M","$","?","M","M","R","M","E","T","M","?","R","E","?","R","B"],"character_chosen":"DEFECT","items_purchased":["Compile Driver"],"campfire_rested":3,"item_purchase_floors":[3],"current_hp_per_floor":[60,56,56,56,56,36,55,55,55,27,46,46,44,40,40,10,51,50,50,50,50,48,64,64,65,65,65,65,65,64,57,57,0],"gold":337,"neow_bonus":"REMOVE_TWO","is_prod":false,"is_daily":false,"chose_seed":false,"campfire_upgraded":2,"win_rate":0,"timestamp":1547698789,"path_taken":["M","M","$","?","?","E","R","M","T","E","R","M","M","E","R","BOSS","M","$","?","M","M","R","M","E","T","M","?","R","E","?","R","BOSS"],"build_version":"2019-01-16","purchased_purges":2,"victory":false,"max_hp_per_floor":[64,64,64,64,64,64,64,64,64,64,64,64,64,64,64,64,64,64,64,64,64,64,64,64,71,71,71,71,71,71,71,71,71],"card_choices":[{"not_picked":["Conserve Battery","Leap"],"picked":"Ball Lightning","floor":1.0},{"not_picked":["Coolheaded","Sweeping Beam"],"picked":"Compile Driver","floor":2.0},{"not_picked":["Undo","Lockon"],"picked":"Go for the Eyes","floor":6.0},{"not_picked":["Streamline","Scrape"],"picked":"Steam","floor":8.0},{"not_picked":["Hyperbeam","Compile Driver"],"picked":"Glacier","floor":10.0},{"not_picked":["Barrage","Recycle","Rebound"],"picked":"SKIP","floor":12.0},{"not_picked":["Rebound","Turbo"],"picked":"BootSequence","floor":13.0},{"not_picked":["Hyperbeam","Steam"],"picked":"Cold Snap","floor":14.0},{"not_picked":["Core Surge","Multi-Cast"],"picked":"Electrodynamics","floor":16.0},{"not_picked":["Turbo","Compile Driver"],"picked":"Conserve Battery","floor":18.0},{"not_picked":["Conserve Battery","Gash"],"picked":"Coolheaded","floor":21.0},{"not_picked":["Defragment","Genetic Algorithm"],"picked":"Echo Form","floor":22.0},{"not_picked":["Stack","Streamline","Ball Lightning"],"picked":"SKIP","floor":24.0},{"not_picked":["Meteor Strike","BootSequence","Rebound"],"picked":"SKIP","floor":25.0},{"not_picked":["Gash+1","Auto Shields"],"picked":"Glacier","floor":27.0},{"not_picked":["Glacier","Lockon"],"picked":"Coolheaded","floor":30.0}],"player_experience":1223174,"relics_obtained":[{"floor":6.0,"key":"Juzu Bracelet"},{"floor":9.0,"key":"Mercury Hourglass"},{"floor":10.0,"key":"Ornamental Fan"},{"floor":14.0,"key":"Mummified Hand"},{"floor":25.0,"key":"Strawberry"},{"floor":30.0,"key":"Girya"}],"event_choices":[{"damage_healed":0.0,"max_hp_gain":0.0,"max_hp_loss":0.0,"gold_gain":0.0,"event_name":"Liars Game","player_choice":"Ignored","floor":4.0,"gold_loss":0.0,"damage_taken":0.0},{"damage_healed":0.0,"max_hp_gain":0.0,"max_hp_loss":0.0,"gold_gain":0.0,"event_name":"Golden Idol","player_choice":"Ignored","floor":5.0,"gold_loss":0.0,"damage_taken":0.0},{"damage_healed":0.0,"max_hp_gain":0.0,"max_hp_loss":0.0,"gold_gain":0.0,"event_name":"Vampires","player_choice":"Ignored","floor":20.0,"gold_loss":0.0,"damage_taken":0.0},{"damage_healed":0.0,"max_hp_gain":0.0,"max_hp_loss":0.0,"gold_gain":0.0,"event_name":"The Woman in Blue","player_choice":"Bought 3 Potions","floor":28.0,"gold_loss":0.0,"damage_taken":0.0},{"damage_healed":0.0,"max_hp_gain":0.0,"max_hp_loss":0.0,"gold_gain":50.0,"event_name":"FaceTrader","player_choice":"Touch","floor":31.0,"gold_loss":0.0,"damage_taken":7.0}],"is_beta":true,"boss_relics":[{"not_picked":["Inserter","Fusion Hammer"],"picked":"Nuclear Battery"}],"items_purged_floors":[3,19],"is_endless":false,"potions_floor_spawned":[2,10,13,16,22,27],"killed_by":"Collector","ascension_level":20}