{"gold_per_floor":[368,368,385,119,137,137,169,188,188,188,203,203,64,74,74,176,176,195,195,212,227,64,389,389,389,438,465,465,476,476,492,492,588,588,598,698,698,698,710,710,710,152,152,152,202,48,48,48,48,48,48,48,10,38,38],"floor_reached":55,"playtime":2526,"items_purged":["Normality","Strike_R","Pain"],"score":709,"play_id":"65056986-fc08-486a-959a-abcb7dcc1115","local_time":"20190107212617","is_ascension_mode":true,"campfire_choices":[{"data":"Armaments","floor":6,"key":"SMITH"},{"data":"Shrug It Off","floor":10,"key":"SMITH"},{"data":"Rampage","floor":12,"key":"SMITH"},{"data":"True Grit","floor":15,"key":"SMITH"},{"data":"Feed","floor":24,"key":"SMITH"},{"data":"Feel No Pain","floor":28,"key":"SMITH"},{"data":"True Grit","floor":30,"key":"SMITH"},{"floor":32,"key":"REST"},{"data":"Sword Boomerang","floor":40,"key":"SMITH"},{"data":"Intimidate","floor":44,"key":"SMITH"},{"data":"Feel No Pain","floor":47,"key":"SMITH"},{"floor":49,"key":"RECALL"},{"data":"Clothesline","floor":52,"key":"SMITH"}],"neow_cost":"CURSE","seed_source_timestamp":607868246867681,"circlet_count":0,"master_deck":["Strike_R","Defend_R","Defend_R","Defend_R","Defend_R","Bash","Uppercut+1","Armaments+1","Shrug It Off+1","True Grit+1","Headbutt","Clothesline+1","Rampage+1","Corruption","Reaper","Intimidate+1","Immolate","Corruption+1","Disarm+1","Headbutt+1","Spot Weakness+1","True Grit+1","Twin Strike+1","Feed+1","Feel No Pain+1","Havoc+1","Limit Break+1","Shrug It Off+1","Sword Boomerang+1","Havoc+1","Injury","Feel No Pain+1","Shrug It Off"],"relics":["Burning Blood","Lantern","Bronze Scales","The Courier","Astrolabe","Enchiridion","Medical Kit","Old Coin","Letter Opener","PreservedInsect","Pocketwatch","Cursed Key","Magic Flower","Gambling Chip","Mummified Hand","Red Skull","Nunchaku"],"potions_floor_usage":[11,16,18,27,29,33,33,33,50,55,55,55],"damage_taken":[{"damage":6,"enemies":"Jaw Worm","floor":1,"turns":4},{"damage":0,"enemies":"Cultist","floor":3,"turns":3},{"damage":2,"enemies":"2 Louse","floor":5,"turns":2},{"damage":37,"enemies":"3 Sentries","floor":7,"turns":15},{"damage":0,"enemies":"Lots of Slimes","floor":8,"turns":5},{"damage":2,"enemies":"Large Slime","floor":11,"turns":5},{"damage":2,"enemies":"Blue Slaver","floor":14,"turns":3},{"damage":28,"enemies":"The Guardian","floor":16,"turns":9},{"damage":7,"enemies":"3 Byrds","floor":18,"turns":5},{"damage":0,"enemies":"Chosen","floor":20,"turns":4},{"damage":0,"enemies":"Sentry and Sphere","floor":21,"turns":3},{"damage":15,"enemies":"Book of Stabbing","floor":23,"turns":5},{"damage":25,"enemies":"Slavers","floor":27,"turns":5},{"damage":5,"enemies":"3 Cultists","floor":29,"turns":5},{"damage":0,"enemies":"Snecko","floor":31,"turns":3},{"damage":63,"enemies":"Automaton","floor":33,"turns":12},{"damage":10,"enemies":"3 Darklings","floor":35,"turns":6},{"damage":0,"enemies":"Mind Bloom Boss Battle","floor":36,"turns":7},{"damage":9,"enemies":"3 Shapes","floor":39,"turns":3},{"damage":65,"enemies":"Time Eater","floor":50,"turns":10},{"damage":68,"enemies":"Shield and Spear","floor":54,"turns":6},{"damage":40,"enemies":"The Heart","floor":55,"turns":3}],"seed_played":"6182647589576358074","potions_obtained":[{"floor":3,"key":"Fire Potion"},{"floor":7,"key":"EssenceOfSteel"},{"floor":8,"key":"BloodPotion"},{"floor":11,"key":"PowerPotion"},{"floor":16,"key":"FearPotion"},{"floor":27,"key":"Block Potion"},{"floor":29,"key":"Weak Potion"},{"floor":31,"key":"Weak Potion"},{"floor":35,"key":"FearPotion"},{"floor":36,"key":"Dexterity Potion"},{"floor":54,"key":"GamblersBrew"}],"is_trial":false,"path_per_floor":["M","?","M","$","M","R","E","M","T","R","M","R","$","M","R","B",null,"M","?","M","M","$","E","R","T","T","E","R","M","R","M","R","B",null,"M","?","?","?","M","R","?","$","T","R","T","$","R","?","R","B",null,"R","$","E","B"],"character_chosen":"IRONCLAD","items_purchased":["Lantern","Shrug It Off","Corruption","Reaper","Medical Kit","Gambling Chip","Mummified Hand","Strength Potion","Feel No Pain","Dexterity Potion"],"campfire_rested":1,"item_purchase_floors":[4,4,13,13,22,42,42,42,46,53],"current_hp_per_floor":[80,80,80,80,80,80,49,55,55,55,67,67,67,71,71,49,80,80,64,70,76,76,67,67,67,67,52,52,57,57,63,88,31,88,88,92,92,92,92,92,87,87,87,87,87,87,87,79,79,74,87,87,87,34,0],"gold":38,"neow_bonus":"TWO_FIFTY_GOLD","is_prod":false,"is_daily":false,"chose_seed":false,"campfire_upgraded":11,"win_rate":0,"timestamp":1546914377,"path_taken":["M","?","M","$","M","R","E","M","T","R","M","R","$","M","R","BOSS","M","?","M","M","$","E","R","?","T","E","R","M","R","M","R","BOSS","M","?","?","?","?","R","?","$","T","R","?","$","R","?","R","BOSS","R","$","E","BOSS"],"build_version":"2019-01-03v4","purchased_purges":3,"victory":false,"max_hp_per_floor":[80,80,80,80,80,80,80,80,80,80,80,80,80,80,80,80,80,80,80,80,80,80,80,80,80,80,84,84,88,88,88,88,88,88,92,92,92,92,92,92,87,87,87,87,87,87,87,87,87,87,87,87,87,87,87],"card_choices":[{"not_picked":["Warcry","Dual Wield"],"picked":"Uppercut","floor":1},{"not_picked":["Second Wind","Bloodletting"],"picked":"Armaments","floor":3},{"not_picked":["Shrug It Off","Clothesline"],"picked":"True Grit","floor":5},{"not_picked":["Shrug It Off","Thunderclap"],"picked":"Headbutt","floor":7},{"not_picked":["Body Slam","Warcry"],"picked":"Clothesline","floor":8},{"not_picked":["Thunderclap","Pommel Strike"],"picked":"Rampage","floor":11},{"not_picked":["Brutality","Hemokinesis"],"picked":"Intimidate","floor":14},{"not_picked":["Berserk","Exhume"],"picked":"Immolate","floor":16},{"not_picked":["Heavy Blade+1","Perfected Strike+1"],"picked":"Spot Weakness+1","floor":18},{"not_picked":["Power Through","Twin Strike"],"picked":"True Grit","floor":20},{"not_picked":["Armaments","Hemokinesis+1"],"picked":"Twin Strike+1","floor":21},{"not_picked":["Cleave+1","Spot Weakness"],"picked":"Feed","floor":23},{"not_picked":["Wild Strike","Reckless Charge+1"],"picked":"Feel No Pain","floor":27},{"not_picked":["Cleave","Entrench"],"picked":"Havoc+1","floor":29},{"not_picked":["Entrench","Dropkick","Searing Blow+1"],"picked":"SKIP","floor":31},{"not_picked":["Immolate","Impervious"],"picked":"Limit Break","floor":33},{"not_picked":["Twin Strike","Corruption"],"picked":"Shrug It Off+1","floor":35},{"not_picked":["Rage","Wild Strike"],"picked":"Sword Boomerang","floor":36},{"not_picked":["Burning Pact+1","Pommel Strike+1"],"picked":"Havoc+1","floor":39},{"not_picked":["Bludgeon","Havoc"],"picked":"Shrug It Off","floor":54}],"player_experience":1207845,"relics_obtained":[{"floor":7,"key":"Bronze Scales"},{"floor":9,"key":"The Courier"},{"floor":19,"key":"Enchiridion"},{"floor":23,"key":"Old Coin"},{"floor":25,"key":"Letter Opener"},{"floor":26,"key":"PreservedInsect"},{"floor":27,"key":"Pocketwatch"},{"floor":36,"key":"Magic Flower"},{"floor":45,"key":"Red Skull"},{"floor":54,"key":"Nunchaku"}],"event_choices":[{"damage_healed":0,"gold_gain":0,"player_choice":"Grow","damage_taken":0,"max_hp_gain":0,"max_hp_loss":0,"event_name":"Living Wall","floor":2,"gold_loss":0,"cards_upgraded":["Uppercut"]},{"damage_healed":0,"gold_gain":0,"player_choice":"Obtained Book","damage_taken":16,"max_hp_gain":0,"max_hp_loss":0,"event_name":"Cursed Tome","floor":19,"gold_loss":0},{"damage_healed":0,"gold_gain":0,"player_choice":"Fight","damage_taken":0,"max_hp_gain":0,"max_hp_loss":0,"event_name":"MindBloom","floor":36,"gold_loss":0},{"damage_healed":0,"gold_gain":0,"player_choice":"Ignored","damage_taken":0,"max_hp_gain":0,"max_hp_loss":0,"event_name":"Tomb of Lord Red Mask","floor":37,"gold_loss":0},{"damage_healed":0,"gold_gain":0,"player_choice":"Forge","damage_taken":0,"max_hp_gain":0,"max_hp_loss":0,"event_name":"Accursed Blacksmith","floor":38,"gold_loss":0,"cards_upgraded":["Limit Break"]},{"damage_healed":0,"gold_gain":0,"player_choice":"Max HP","damage_taken":0,"max_hp_gain":0,"max_hp_loss":5,"event_name":"Winding Halls","floor":41,"gold_loss":0},{"damage_healed":0,"gold_gain":0,"player_choice":"Damaged","damage_taken":8,"max_hp_gain":0,"max_hp_loss":0,"event_name":"Wheel of Change","floor":48,"gold_loss":0}],"is_beta":true,"boss_relics":[{"not_picked":["Runic Pyramid","Empty Cage"],"picked":"Astrolabe"},{"not_picked":["Pandora\u0027s Box","Calling Bell"],"picked":"Cursed Key"}],"items_purged_floors":[4,42,46],"is_endless":false,"potions_floor_spawned":[3,7,8,11,16,27,29,31,35,36,54],"killed_by":"The Heart","ascension_level":1}