{"path_per_floor":["M","?","T","M","?","R","E","R","T","$","M","$","R","M","R","B",null,"M","?","M","?","M"],"character_chosen":"DEFECT","items_purchased":["Genetic Algorithm","Shuriken","Gash","Capacitor"],"gold_per_floor":[115,215,215,233,308,308,340,340,394,37,47,20,20,37,37,139,139,149,64,75,75,94,94],"floor_reached":23,"campfire_rested":0,"playtime":1212,"current_hp_per_floor":[70,70,70,70,59,59,68,68,68,68,68,68,68,68,68,57,92,76,76,32,32,12,0],"items_purged":[],"gold":94,"score":214,"play_id":"846e1d64-f607-465b-a781-b2940d3cff5f","local_time":"20180430211358","is_prod":false,"is_daily":false,"chose_seed":false,"is_ascension_mode":false,"campfire_upgraded":4,"timestamp":1525137238,"path_taken":["M","?","?","M","?","R","E","R","T","$","M","$","R","M","R","BOSS","M","?","?","?","M","E"],"build_version":"2018-04-27v3","seed_source_timestamp":1600023252564957,"purchased_purges":0,"victory":false,"master_deck":["Strike_B","Strike_B","Strike_B","Strike_B","Defend_B","Defend_B","Defend_B","Defend_B","Zap+1","Dualcast","Ball Lightning","Glacier+1","Reprogram","Genetic Algorithm+1","Gash","Hologram","Capacitor","Rebound+1","Seek","Decay","Doubt","Writhe","Streamline","Rebound+1","Streamline+1"],"max_hp_per_floor":[75,75,75,75,75,75,85,85,85,85,85,85,85,85,85,85,92,92,92,92,92,92,92],"relics":["Runic Dome","Pen Nib","Pear","Oddly Smooth Stone","Shuriken","Calling Bell","Strawberry","Mummified Hand","Sundial","Regal Pillow","Molten Egg 2"],"card_choices":[{"not_picked":["Leap","Capacitor"],"picked":"Ball Lightning","floor":1},{"not_picked":["Capacitor","Rebound"],"picked":"Glacier","floor":4},{"not_picked":["Leap","Double Energy"],"picked":"Reprogram","floor":7},{"not_picked":["Barrage","Skim"],"picked":"Hologram","floor":11},{"not_picked":["Barrage","Defragment"],"picked":"Rebound","floor":14},{"not_picked":["Biased Cognition","Fusion"],"picked":"Seek","floor":16},{"not_picked":["Sweeping Beam","Cold Snap"],"picked":"Streamline","floor":18},{"not_picked":["Streamline","Beam Cell"],"picked":"Rebound","floor":20},{"not_picked":["Rebound","Hologram"],"picked":"Streamline","floor":22}],"player_experience":331417,"potions_floor_usage":[18,20,23],"damage_taken":[{"damage":5,"enemies":"Small Slimes","floor":1,"turns":4},{"damage":0,"enemies":"Cultist","floor":4,"turns":3},{"damage":1,"enemies":"3 Sentries","floor":7,"turns":7},{"damage":0,"enemies":"2 Louse","floor":11,"turns":2},{"damage":0,"enemies":"2 Fungi Beasts","floor":14,"turns":4},{"damage":11,"enemies":"Hexaghost","floor":16,"turns":11},{"damage":16,"enemies":"Chosen","floor":18,"turns":7},{"damage":44,"enemies":"2 Thieves","floor":20,"turns":5},{"damage":20,"enemies":"Snake Plant","floor":22,"turns":7},{"damage":17,"enemies":"Slavers","floor":23,"turns":2}],"event_choices":[{"event_name":"Wheel of Change","player_choice":"Gold","floor":2,"damage_taken":0},{"event_name":"World of Goop","player_choice":"Gather Gold","floor":5,"damage_taken":0},{"event_name":"Addict","player_choice":"Obtained Relic","floor":19,"damage_taken":0},{"event_name":"The Mausoleum","player_choice":"Yes","floor":21,"damage_taken":0}],"boss_relics":[{"not_picked":["Black Star","Eternal Feather"],"picked":"Calling Bell"}],"potions_floor_spawned":[4,14,20],"seed_played":"-1384034685665345441","killed_by":"Slavers","ascension_level":0,"is_trial":false}