{"path_per_floor":["M","M","?","$","?","R","E","M","T","?","R","E","R","M","R","B",null,"M","$","M","M","?","E","R","E","T","R","M","R","?","M","R","B",null,"M","?","?","?","$","E","?","R","T","M","M","$","E","?","R","B"],"character_chosen":"IRONCLAD","items_purchased":["Kunai","Oddly Smooth Stone","Feel No Pain","True Grit"],"gold_per_floor":[114,124,374,38,38,38,63,73,97,97,97,132,132,150,150,251,251,263,15,28,44,44,72,72,107,107,107,117,117,32,47,47,149,149,163,216,216,216,81,114,114,114,114,132,150,25,60,0,0,0],"floor_reached":51,"campfire_rested":4,"playtime":3151,"current_hp_per_floor":[87,87,87,87,84,84,71,76,76,59,59,31,31,30,56,26,87,87,87,85,77,77,71,71,65,65,65,62,62,62,68,87,87,87,87,87,76,76,76,27,27,53,53,58,64,64,65,65,87,32],"items_purged":["Regret","Strike_R","Strike_R"],"gold":0,"score":749,"play_id":"b26ba09f-56b4-4e91-baa8-969a2c0bb742","local_time":"20180318184927","is_prod":false,"is_daily":false,"is_ascension_mode":false,"campfire_upgraded":6,"timestamp":1521413367,"path_taken":["M","M","?","$","?","R","E","M","T","?","R","E","R","M","R","BOSS","M","$","M","M","?","E","R","E","T","R","M","R","?","M","R","BOSS","M","?","?","?","$","E","?","R","T","?","M","$","E","?","R","BOSS"],"build_version":"2018-03-15v3","purchased_purges":4,"victory":true,"master_deck":["Strike_R+1","Defend_R+1","Defend_R+1","Defend_R+1","Evolve+1","Power Through+1","Wild Strike+1","Thunderclap+1","Double Tap+1","Wild Strike+1","Dropkick+1","Burning Pact+1","Fire Breathing+1","Whirlwind+1","Seeing Red+1","Headbutt+1","Fiend Fire+1","Demon Form+1","Intimidate+1","Rage+1","Twin Strike+1","Heavy Blade+1","Madness+1","Madness+1","Feel No Pain","True Grit+1","Power Through+1","Sever Soul+1","Twin Strike+1","True Grit+1"],"max_hp_per_floor":[87,87,87,87,87,87,87,87,87,87,87,87,87,87,87,87,87,87,87,87,87,87,87,87,87,87,87,87,87,87,87,87,87,87,87,87,87,87,87,87,87,87,87,87,87,87,87,87,87,87],"relics":["Burning Blood","Strawberry","Kunai","Molten Egg 2","Toxic Egg 2","Whetstone","Mercury Hourglass","Sozu","Oddly Smooth Stone","Lantern","Orichalcum","Ice Cream","Ornamental Fan","Astrolabe","Ginger","Bag of Marbles","Sundial","Shuriken","Red Mask"],"card_choices":[{"not_picked":["Body Slam","Twin Strike"],"picked":"Evolve"},{"not_picked":["Cleave","Heavy Blade"],"picked":"Power Through"},{"not_picked":["Whirlwind","Uppercut"],"picked":"Wild Strike"},{"not_picked":["Flex","Entrench"],"picked":"Thunderclap"},{"not_picked":["Offering","Limit Break"],"picked":"Double Tap"},{"not_picked":["Flex","Iron Wave"],"picked":"Wild Strike"},{"not_picked":["Sword Boomerang","Heavy Blade"],"picked":"Dropkick"},{"not_picked":["Heavy Blade","Thunderclap"],"picked":"Burning Pact"},{"not_picked":["Pommel Strike","Cleave"],"picked":"Fire Breathing"},{"not_picked":["Twin Strike","Impervious"],"picked":"Whirlwind"},{"not_picked":["Heavy Blade","Infernal Blade"],"picked":"Seeing Red"},{"not_picked":["Heavy Blade","Inflame"],"picked":"Headbutt"},{"not_picked":["Bludgeon","Berserk"],"picked":"Fiend Fire"},{"not_picked":["Thunderclap","Wild Strike"],"picked":"Twin Strike"},{"not_picked":["Wild Strike","Havoc"],"picked":"Heavy Blade"},{"not_picked":["Metallicize","Searing Blow"],"picked":"Power Through"},{"not_picked":["Cleave","Dual Wield"],"picked":"Sever Soul"},{"not_picked":["Rupture","Havoc"],"picked":"Twin Strike"},{"not_picked":["Body Slam","Perfected Strike"],"picked":"True Grit"}],"player_experience":593296,"potions_floor_usage":[7,25,33],"damage_taken":[{"damage":0,"enemies":"2 Louse","floor":1,"turns":4},{"damage":1,"enemies":"Cultist","floor":2,"turns":4},{"damage":19,"enemies":"Gremlin Nob","floor":7,"turns":6},{"damage":1,"enemies":"Jaw Worm","floor":8,"turns":3},{"damage":34,"enemies":"3 Sentries","floor":12,"turns":9},{"damage":7,"enemies":"Blue Slaver","floor":14,"turns":3},{"damage":36,"enemies":"Hexaghost","floor":16,"turns":11},{"damage":0,"enemies":"Chosen","floor":18,"turns":4},{"damage":8,"enemies":"Shell Parasite","floor":20,"turns":3},{"damage":14,"enemies":"Snake Plant","floor":21,"turns":2},{"damage":12,"enemies":"Book of Stabbing","floor":23,"turns":4},{"damage":12,"enemies":"Gremlin Leader","floor":25,"turns":3},{"damage":9,"enemies":"Cultist and Chosen","floor":28,"turns":4},{"damage":0,"enemies":"3 Cultists","floor":31,"turns":3},{"damage":1,"enemies":"Champ","floor":33,"turns":9},{"damage":0,"enemies":"3 Shapes","floor":35,"turns":4},{"damage":3,"enemies":"Mysterious Sphere","floor":36,"turns":6},{"damage":55,"enemies":"Giant Head","floor":40,"turns":9},{"damage":1,"enemies":"3 Darklings","floor":44,"turns":2},{"damage":0,"enemies":"4 Shapes","floor":45,"turns":5},{"damage":5,"enemies":"Nemesis","floor":47,"turns":3},{"damage":61,"enemies":"Awakened One","floor":50,"turns":11}],"event_choices":[{"event_name":"Golden Shrine","player_choice":"Desecrate","floor":3,"damage_taken":0},{"event_name":"Scrap Ooze","player_choice":"success","floor":5,"damage_taken":3},{"event_name":"Shining Light","player_choice":"Entered Light","floor":10,"damage_taken":0},{"event_name":"Accursed Blacksmith","player_choice":"Forge","floor":22,"damage_taken":0},{"event_name":"Addict","player_choice":"Obtained Relic","floor":30,"damage_taken":0},{"event_name":"Mysterious Sphere","player_choice":"Fight","floor":36,"damage_taken":0},{"event_name":"Winding Halls","player_choice":"Embrace Madness","floor":37,"damage_taken":0},{"event_name":"The Lab","player_choice":"Got Potions","floor":41,"damage_taken":0},{"event_name":"Tomb of Lord Red Mask","player_choice":"Paid","floor":48,"damage_taken":0}],"boss_relics":[{"not_picked":["Ectoplasm","Question Card"],"picked":"Sozu"},{"not_picked":["Calling Bell","Black Star"],"picked":"Astrolabe"}],"potions_floor_spawned":[1,12,16,25,28,31,33,36,40,44,47],"seed_played":"3617730816084708721","ascension_level":0,"is_trial":false}