{"path_per_floor":["M","M","M","M","$","E","?","R","T","E","M","?","M","?","R","B",null,"M","$","M","M"],"character_chosen":"THE_SILENT","items_purchased":["Oddly Smooth Stone","Well Laid Plans"],"gold_per_floor":[111,122,141,155,1,27,27,27,52,78,90,148,160,160,160,260,260,280,192,202,214],"floor_reached":22,"campfire_rested":1,"playtime":1073,"current_hp_per_floor":[70,70,70,69,69,70,70,70,70,36,36,36,36,36,59,21,77,62,62,54,28],"items_purged":["Defend_G"],"gold":214,"score":238,"play_id":"89f2affb-0e0d-4bb3-b6c4-dfd7c38b68bf","local_time":"20180319231656","is_prod":false,"is_daily":false,"is_ascension_mode":true,"campfire_upgraded":1,"timestamp":1521515816,"path_taken":["M","M","M","M","$","E","?","R","T","E","M","?","M","?","R","BOSS","M","$","M","M","M"],"build_version":"2018-03-15v3","purchased_purges":1,"victory":false,"master_deck":["Defend_G","Defend_G","Defend_G","Defend_G","Strike_G","Strike_G","Survivor","Neutralize","Dagger Spray","Dash","Backflip+1","Dagger Throw","Backstab","Acrobatics","Flying Knee","A Thousand Cuts","Dash+1","Choke+1","Well Laid Plans+1","Terror","Well Laid Plans","Deflect+1","Slice"],"max_hp_per_floor":[70,70,70,70,70,77,77,77,77,77,77,77,77,77,77,77,77,77,77,77,77],"relics":["Ring of the Snake","Happy Flower","Oddly Smooth Stone","Strawberry","Pen Nib","Smiling Mask","Astrolabe"],"card_choices":[{"not_picked":["Crippling Poison","Deflect"],"picked":"Dagger Spray"},{"not_picked":["Blade Dance","Crippling Poison"],"picked":"Dash"},{"not_picked":["Bullet Time","Underhanded Strike"],"picked":"Backflip"},{"not_picked":["Choke","Prepared"],"picked":"Dagger Throw"},{"not_picked":["Deflect","Blur"],"picked":"Backstab"},{"not_picked":["Setup","Reflex"],"picked":"Acrobatics"},{"not_picked":["Calculated Gamble","Underhanded Strike"],"picked":"Flying Knee"},{"not_picked":["Doppelganger","Burst"],"picked":"A Thousand Cuts"},{"not_picked":["Deflect","Prepared"],"picked":"Terror"},{"not_picked":["Terror","Underhanded Strike"],"picked":"Deflect"},{"not_picked":["Underhanded Strike","Bane"],"picked":"Slice"}],"player_experience":617222,"potions_floor_usage":[6,10,13,16,16,20],"damage_taken":[{"damage":0,"enemies":"2 Louse","floor":1,"turns":4},{"damage":0,"enemies":"Small Slimes","floor":2,"turns":4},{"damage":0,"enemies":"Jaw Worm","floor":3,"turns":5},{"damage":1,"enemies":"Looter","floor":4,"turns":4},{"damage":6,"enemies":"Gremlin Nob","floor":6,"turns":3},{"damage":34,"enemies":"Lagavulin","floor":10,"turns":5},{"damage":0,"enemies":"Large Slime","floor":11,"turns":3},{"damage":0,"enemies":"Blue Slaver","floor":13,"turns":2},{"damage":38,"enemies":"The Guardian","floor":16,"turns":12},{"damage":15,"enemies":"Spheric Guardian","floor":18,"turns":5},{"damage":8,"enemies":"2 Thieves","floor":20,"turns":3},{"damage":26,"enemies":"Centurion and Healer","floor":21,"turns":7},{"damage":29,"enemies":"Snake Plant","floor":22,"turns":4}],"event_choices":[{"event_name":"The Cleric","player_choice":"Leave","floor":7,"damage_taken":0},{"event_name":"Golden Wing","player_choice":"Gained Gold","floor":12,"damage_taken":0},{"event_name":"Shining Light","player_choice":"Ignored","floor":14,"damage_taken":0}],"boss_relics":[{"not_picked":["Runic Dome","Calling Bell"],"picked":"Astrolabe"}],"potions_floor_spawned":[1,3,4,10,11,18],"seed_played":"1452255443190292550","killed_by":"Snake Plant","ascension_level":4,"is_trial":false}