{"gold_per_floor":[115,127,143,157,157,157,11,22,99,99,164,54,74,88,88,88],"floor_reached":16,"playtime":648,"items_purged":[],"score":141,"play_id":"91b6b3be-079a-402a-9d73-448ccc94dbc6","local_time":"20180630171701","is_ascension_mode":true,"campfire_choices":[{"floor":6,"key":"REST"},{"data":"Backflip","floor":10,"key":"SMITH"},{"floor":15,"key":"REST"}],"neow_cost":"NONE","seed_source_timestamp":1369222309017845,"circlet_count":0,"master_deck":["Defend_G","Defend_G","Defend_G","Defend_G","Defend_G","Strike_G","Strike_G","Strike_G","Strike_G","Strike_G","Survivor","Neutralize+1","AscendersBane","Deadly Poison","Sucker Punch","Dagger Spray","Leg Sweep","Backflip+1","Predator","Dash","Terror","Cloak And Dagger","Quick Slash"],"relics":["Ring of the Snake","Happy Flower","Kunai","Sundial"],"potions_floor_usage":[8,11,16,16],"damage_taken":[{"damage":6,"enemies":"Cultist","floor":1,"turns":5},{"damage":0,"enemies":"2 Louse","floor":2,"turns":2},{"damage":2,"enemies":"Small Slimes","floor":3,"turns":4},{"damage":11,"enemies":"Looter","floor":4,"turns":3},{"damage":7,"enemies":"Gremlin Gang","floor":8,"turns":4},{"damage":15,"enemies":"Gremlin Nob","floor":11,"turns":5},{"damage":2,"enemies":"Large Slime","floor":13,"turns":5},{"damage":6,"enemies":"Exordium Wildlife","floor":14,"turns":5},{"damage":59,"enemies":"Slime Boss","floor":16,"turns":19}],"seed_played":"-3421443611158106131","potions_obtained":[{"floor":8,"key":"Dexterity Potion"}],"is_trial":false,"path_per_floor":["M","M","M","M","?","R","$","M","T","R","?","$","M","M","R"],"character_chosen":"THE_SILENT","items_purchased":["Happy Flower","Dash","Terror"],"campfire_rested":2,"item_purchase_floors":[7,12,12],"current_hp_per_floor":[57,57,55,44,44,65,65,58,58,58,43,43,41,35,56,0],"gold":88,"neow_bonus":"THREE_SMALL_POTIONS","is_prod":false,"is_daily":false,"chose_seed":false,"campfire_upgraded":1,"win_rate":0,"timestamp":1530393421,"path_taken":["M","M","M","?","?","R","$","M","T","R","?","$","M","M","R","BOSS"],"build_version":"2018-06-29","purchased_purges":0,"victory":false,"max_hp_per_floor":[70,70,70,70,70,70,70,70,70,70,70,70,70,70,70,70],"card_choices":[{"not_picked":["Deflect","Catalyst"],"picked":"Deadly Poison","floor":1},{"not_picked":["Outmaneuver","Dagger Throw"],"picked":"Sucker Punch","floor":2},{"not_picked":["Eviscerate","Deadly Poison"],"picked":"Dagger Spray","floor":3},{"not_picked":["Acrobatics","Flying Knee"],"picked":"Leg Sweep","floor":4},{"not_picked":["Endless Agony","Masterful Stab"],"picked":"Backflip","floor":8},{"not_picked":["Flying Knee","Dagger Spray"],"picked":"Predator","floor":11},{"not_picked":["Poisoned Stab","Catalyst"],"picked":"Cloak And Dagger","floor":13},{"not_picked":["Sucker Punch","All Out Attack"],"picked":"Quick Slash","floor":14}],"player_experience":487190,"relics_obtained":[{"floor":9,"key":"Kunai"},{"floor":11,"key":"Sundial"}],"event_choices":[{"event_name":"Upgrade Shrine","player_choice":"Upgraded","floor":5,"damage_taken":0},{"event_name":"Dead Adventurer","player_choice":"Searched \u00272\u0027 times","floor":11,"damage_taken":0}],"boss_relics":[],"items_purged_floors":[],"is_endless":false,"potions_floor_spawned":[3,4,8],"killed_by":"Slime Boss","ascension_level":10}