{"path_per_floor":["M","M","M","?","M","R","M","E","T","R","M","R","?","M","R","B",null,"M","$","?","M","?","R","M","$","T","R","M","M","R","E","R","B",null,"M","$","?","?","?","R","E","M","T","R","?","?","M","M","R"],"character_chosen":"THE_SILENT","items_purchased":["Pen Nib","Cloak And Dagger","Madness","Infinite Blades","Dark Shackles","Riddle With Holes"],"gold_per_floor":[114,125,139,139,155,155,169,199,199,199,214,214,234,244,244,345,345,362,168,168,150,150,150,168,80,80,80,90,108,108,143,143,243,273,286,1,47,47,147,147,179,190,190,190,190,190,209,224,224,224],"floor_reached":50,"campfire_rested":1,"playtime":3259,"current_hp_per_floor":[70,70,70,75,62,62,62,45,45,45,45,45,37,37,59,11,75,73,73,73,70,70,75,73,73,73,75,67,53,63,50,60,4,80,80,80,75,65,65,79,46,45,45,59,59,59,57,57,71,0],"items_purged":["Strike_G"],"gold":224,"score":591,"play_id":"0051822d-556b-472b-8f11-95cb60bbb0dc","local_time":"20180406234622","is_prod":false,"is_daily":false,"is_ascension_mode":true,"campfire_upgraded":10,"timestamp":1523072782,"path_taken":["M","M","M","?","M","R","?","E","T","R","M","R","?","M","R","BOSS","M","$","?","M","?","R","M","?","T","R","?","M","R","E","R","BOSS","M","$","?","?","?","R","E","M","T","R","?","?","M","M","R","BOSS"],"build_version":"2018-04-05","purchased_purges":1,"victory":false,"master_deck":["Defend_G","Defend_G","Defend_G","Defend_G","Defend_G","Strike_G","Strike_G","Survivor+1","Neutralize+1","Escape Plan","Skewer","Leg Sweep","Dagger Spray+1","Sucker Punch+1","Bullet Time+1","Terror+1","Dagger Spray","Riddle With Holes","Cloak And Dagger+1","Cloak And Dagger+1","Slice","Expertise","Backflip+1","Madness+1","PiercingWail+1","Dagger Spray+1","Blade Dance+1","After Image+1","Endless Agony+1","Well Laid Plans","Infinite Blades","Dark Shackles","Riddle With Holes","Mind Blast+1","Mind Blast+1","Panache","Malaise+1","Skewer+1"],"max_hp_per_floor":[70,70,70,75,75,75,75,75,75,75,75,75,75,75,75,75,75,75,75,75,75,75,75,75,75,75,75,75,75,75,75,75,75,80,80,80,80,80,80,80,80,80,80,80,80,80,80,80,80,80],"relics":["Ring of the Snake","NeowsBlessing","Paper Crane","Torii","Odd Mushroom","Eternal Feather","Pen Nib","Bag of Preparation","Toolbox","Tiny House","Sundial","Whetstone","Juzu Bracelet"],"card_choices":[{"not_picked":["Slice","Well Laid Plans"],"picked":"Escape Plan","floor":1},{"not_picked":["Deadly Poison","Bane"],"picked":"Skewer","floor":2},{"not_picked":["Skewer","Distraction"],"picked":"Leg Sweep","floor":3},{"not_picked":["Sucker Punch","PiercingWail"],"picked":"Dagger Spray","floor":5},{"not_picked":["Deflect","Acrobatics"],"picked":"Sucker Punch","floor":7},{"not_picked":["Deadly Poison","Poisoned Stab"],"picked":"Bullet Time","floor":8},{"not_picked":["Bouncing Flask","Quick Slash"],"picked":"Terror","floor":11},{"not_picked":["Poisoned Stab","Underhanded Strike"],"picked":"Dagger Spray","floor":13},{"not_picked":["Poisoned Stab","Dagger Throw"],"picked":"Riddle With Holes","floor":14},{"not_picked":["Infinite Blades","Calculated Gamble"],"picked":"Cloak And Dagger","floor":18},{"not_picked":["Reflex","Calculated Gamble"],"picked":"Slice","floor":21},{"not_picked":["Bane","Underhanded Strike"],"picked":"Backflip","floor":24},{"not_picked":["Underhanded Strike","Backstab"],"picked":"PiercingWail","floor":28},{"not_picked":["Prepared","Terror"],"picked":"Dagger Spray","floor":29},{"not_picked":["Calculated Gamble","All Out Attack"],"picked":"Blade Dance","floor":31},{"not_picked":["Tools of the Trade","Die Die Die"],"picked":"After Image","floor":33},{"not_picked":["Acrobatics","Dagger Throw"],"picked":"Endless Agony","floor":34},{"not_picked":["Deflect","Deadly Poison"],"picked":"Well Laid Plans","floor":35},{"not_picked":["Master of Strategy","Enlightenment"],"picked":"Mind Blast","floor":38},{"not_picked":["Blind","Dramatic Entrance"],"picked":"Mind Blast","floor":38},{"not_picked":["Sadistic Nature","Transmutation"],"picked":"Panache","floor":38},{"not_picked":["Dagger Spray","PiercingWail"],"picked":"Malaise","floor":42},{"not_picked":["Backflip","Dagger Spray"],"picked":"Skewer","floor":47}],"player_experience":96795,"potions_floor_usage":[13,16,16,28,29,29,33,33,37,50],"damage_taken":[{"damage":0,"enemies":"Jaw Worm","floor":1,"turns":1},{"damage":0,"enemies":"Small Slimes","floor":2,"turns":1},{"damage":0,"enemies":"Cultist","floor":3,"turns":1},{"damage":13,"enemies":"Blue Slaver","floor":5,"turns":6},{"damage":0,"enemies":"Looter","floor":7,"turns":4},{"damage":17,"enemies":"3 Sentries","floor":8,"turns":9},{"damage":0,"enemies":"2 Fungi Beasts","floor":11,"turns":2},{"damage":8,"enemies":"The Mushroom Lair","floor":13,"turns":4},{"damage":0,"enemies":"Exordium Wildlife","floor":14,"turns":3},{"damage":48,"enemies":"Slime Boss","floor":16,"turns":10},{"damage":2,"enemies":"Shell Parasite","floor":18,"turns":6},{"damage":3,"enemies":"2 Thieves","floor":21,"turns":5},{"damage":2,"enemies":"Centurion and Healer","floor":24,"turns":10},{"damage":8,"enemies":"3 Cultists","floor":28,"turns":5},{"damage":14,"enemies":"Chosen and Byrds","floor":29,"turns":7},{"damage":13,"enemies":"Book of Stabbing","floor":31,"turns":8},{"damage":56,"enemies":"Collector","floor":33,"turns":10},{"damage":0,"enemies":"3 Shapes","floor":35,"turns":4},{"damage":5,"enemies":"Mysterious Sphere","floor":37,"turns":5},{"damage":33,"enemies":"Giant Head","floor":41,"turns":10},{"damage":1,"enemies":"3 Darklings","floor":42,"turns":6},{"damage":2,"enemies":"Maw","floor":47,"turns":7},{"damage":0,"enemies":"Spire Growth","floor":48,"turns":4},{"damage":76,"enemies":"Time Eater","floor":50,"turns":11}],"event_choices":[{"event_name":"Big Fish","player_choice":"Donut","floor":4,"damage_taken":0},{"event_name":"Mushrooms","player_choice":"Fought Mushrooms","floor":13,"damage_taken":0},{"event_name":"Back to Basics","player_choice":"Elegance","floor":20,"damage_taken":0},{"event_name":"The Library","player_choice":"Read","floor":22,"damage_taken":0},{"event_name":"Mysterious Sphere","player_choice":"Fight","floor":37,"damage_taken":0},{"event_name":"SensoryStone","player_choice":"Memory 3","floor":38,"damage_taken":0},{"event_name":"Golden Shrine","player_choice":"Pray","floor":39,"damage_taken":0},{"event_name":"SecretPortal","player_choice":"Rejected Portal.","floor":46,"damage_taken":0}],"boss_relics":[{"not_picked":["Astrolabe","Pandora\u0027s Box"],"picked":"Eternal Feather"},{"not_picked":["Velvet Choker","Runic Dome"],"picked":"Tiny House"}],"potions_floor_spawned":[3,5,8,14,16,21,28,31,48],"seed_played":"7017950991256698615","killed_by":"Time Eater","ascension_level":3,"is_trial":false}