{"gold_per_floor":[116,135,148,148,148,148,179,36,36,10,25,25,38,54,54,54],"floor_reached":16,"playtime":745,"items_purged":[],"score":158,"play_id":"4ba689a6-4f1c-4fbd-bb07-4016c710048f","local_time":"20180802225608","is_ascension_mode":true,"campfire_choices":[{"floor":6,"key":"REST"},{"data":"Neutralize","floor":12,"key":"SMITH"},{"data":"Cloak And Dagger","floor":15,"key":"SMITH"}],"neow_cost":"NONE","seed_source_timestamp":1077708482330855,"circlet_count":0,"master_deck":["Defend_G","Defend_G","Defend_G","Defend_G","Defend_G","Strike_G","Strike_G","Strike_G","Strike_G","Survivor","Neutralize+1","AscendersBane","Blur","Escape Plan","Cloak And Dagger+1","Accuracy","Neutralize","Flying Knee","Sucker Punch","Heel Hook","Dash","Crippling Poison"],"relics":["Ring of the Snake","NeowsBlessing","Mummified Hand","Ancient Tea Set","Lantern"],"potions_floor_usage":[7],"damage_taken":[{"damage":0,"enemies":"Cultist","floor":1,"turns":1},{"damage":0,"enemies":"2 Louse","floor":2,"turns":1},{"damage":0,"enemies":"Jaw Worm","floor":3,"turns":1},{"damage":15,"enemies":"3 Sentries","floor":7,"turns":12},{"damage":0,"enemies":"Exordium Wildlife","floor":11,"turns":5},{"damage":6,"enemies":"Lots of Slimes","floor":13,"turns":6},{"damage":0,"enemies":"Blue Slaver","floor":14,"turns":3},{"damage":50,"enemies":"The Guardian","floor":16,"turns":18}],"seed_played":"-2812763263052743582","potions_obtained":[{"floor":2,"key":"LiquidBronze"},{"floor":11,"key":"Weak Potion"},{"floor":13,"key":"Energy Potion"}],"is_trial":false,"path_per_floor":["M","M","M","?","?","R","E","$","T","$","M","R","M","M","R"],"character_chosen":"THE_SILENT","items_purchased":["Ancient Tea Set","Sucker Punch"],"campfire_rested":1,"item_purchase_floors":[8,10],"current_hp_per_floor":[63,63,63,63,63,70,55,55,55,55,55,55,49,49,49,0],"gold":54,"neow_bonus":"THREE_ENEMY_KILL","is_prod":false,"is_daily":false,"chose_seed":false,"campfire_upgraded":2,"win_rate":0,"timestamp":1533264968,"path_taken":["M","M","M","?","?","R","E","$","T","?","M","R","M","M","R","BOSS"],"build_version":"2018-08-01","purchased_purges":0,"victory":false,"max_hp_per_floor":[70,70,70,70,70,70,70,70,70,70,70,70,70,70,70,70],"card_choices":[{"not_picked":["Dodge and Roll","Acrobatics"],"picked":"Blur","floor":1},{"not_picked":["Backflip","Bouncing Flask"],"picked":"Escape Plan","floor":2},{"not_picked":["Flying Knee","Deadly Poison"],"picked":"Cloak And Dagger","floor":3},{"not_picked":["Endless Agony","Tactician"],"picked":"Flying Knee","floor":7},{"not_picked":["Outmaneuver","Phantasmal Killer"],"picked":"Heel Hook","floor":11},{"not_picked":["Blur","Blade Dance"],"picked":"Dash","floor":13},{"not_picked":["Heel Hook","Sucker Punch"],"picked":"Crippling Poison","floor":14}],"player_experience":704378,"relics_obtained":[{"floor":7,"key":"Mummified Hand"},{"floor":9,"key":"Lantern"}],"event_choices":[{"event_name":"Living Wall","player_choice":"Change","floor":4,"damage_taken":0},{"event_name":"Match and Keep!","player_choice":"1 cards matched","floor":5,"damage_taken":0}],"is_beta":true,"boss_relics":[],"items_purged_floors":[],"is_endless":false,"potions_floor_spawned":[2,11,13,14],"killed_by":"The Guardian","ascension_level":11}