{"gold_per_floor":[112,124,141,151,76,76,86,86,86,116,116,116,130,130,130,229,229,244,7,19,19,19],"floor_reached":22,"playtime":798,"items_purged":["Strike_B"],"score":205,"play_id":"b2fde394-b9d6-434f-8251-0af91fc84621","local_time":"20190127122303","is_ascension_mode":true,"campfire_choices":[{"data":"Loop","floor":6,"key":"SMITH"},{"floor":8,"key":"REST"},{"floor":15,"key":"REST"}],"neow_cost":"NONE","seed_source_timestamp":594673507087704,"circlet_count":0,"master_deck":["Strike_B","Strike_B","Strike_B","Defend_B","Defend_B","Defend_B","Defend_B","Zap","Dualcast","Loop+1","Static Discharge","Streamline","Seek","Echo Form","Consume","Seek","Sweeping Beam+1","Defragment","Ball Lightning"],"relics":["Cracked Core","Anchor","Juzu Bracelet","Dodecahedron","Inserter","Lantern"],"potions_floor_usage":[10,13,18,20,22],"damage_taken":[{"damage":0,"enemies":"Cultist","floor":1,"turns":4},{"damage":12,"enemies":"Small Slimes","floor":2,"turns":3},{"damage":6,"enemies":"Jaw Worm","floor":3,"turns":4},{"damage":10,"enemies":"2 Fungi Beasts","floor":4,"turns":3},{"damage":26,"enemies":"Exordium Wildlife","floor":7,"turns":4},{"damage":21,"enemies":"Gremlin Nob","floor":10,"turns":4},{"damage":16,"enemies":"Blue Slaver","floor":13,"turns":4},{"damage":11,"enemies":"Hexaghost","floor":16,"turns":9},{"damage":34,"enemies":"3 Byrds","floor":18,"turns":3},{"damage":17,"enemies":"2 Thieves","floor":20,"turns":4},{"damage":34,"enemies":"Colosseum Slavers","floor":21,"turns":3},{"damage":4,"enemies":"Snake Plant","floor":22,"turns":1}],"seed_played":"-7901149768932496285","potions_obtained":[{"floor":1,"key":"PowerPotion"},{"floor":2,"key":"FearPotion"},{"floor":7,"key":"GamblersBrew"},{"floor":10,"key":"SneckoOil"},{"floor":18,"key":"Block Potion"}],"is_trial":false,"path_per_floor":["M","M","M","M","$","R","M","R","T","E","?","?","M","?","R","B",null,"M","$","M","?","M"],"character_chosen":"DEFECT","items_purchased":["Lantern","Defragment"],"campfire_rested":2,"item_purchase_floors":[19,19],"current_hp_per_floor":[82,70,64,54,54,54,28,52,52,31,31,36,20,2,28,17,87,53,53,36,2,0],"gold":19,"neow_bonus":"TEN_PERCENT_HP_BONUS","is_prod":false,"is_daily":false,"chose_seed":false,"campfire_upgraded":1,"win_rate":0,"timestamp":1548609783,"path_taken":["M","M","M","?","$","R","M","R","T","E","?","?","M","?","R","BOSS","M","$","M","?","M"],"build_version":"2019-01-23","purchased_purges":1,"victory":false,"max_hp_per_floor":[82,82,82,82,82,82,82,82,82,82,82,87,87,87,87,87,87,87,87,87,87,87],"card_choices":[{"not_picked":["Cold Snap","Beam Cell"],"picked":"Loop","floor":1},{"not_picked":["Leap","Heatsinks"],"picked":"Static Discharge","floor":2},{"not_picked":["Redo","Aggregate"],"picked":"Streamline","floor":3},{"not_picked":["Storm","Turbo","Streamline"],"picked":"SKIP","floor":4},{"not_picked":["Skim","Barrage"],"picked":"Seek","floor":7},{"not_picked":["Compile Driver","Glacier"],"picked":"Echo Form","floor":10},{"not_picked":["Barrage","Rip and Tear"],"picked":"Consume","floor":13},{"not_picked":["Creative AI","Reboot"],"picked":"Seek","floor":16},{"not_picked":["Lockon","Turbo"],"picked":"Sweeping Beam+1","floor":18},{"not_picked":["Stack","Streamline"],"picked":"Ball Lightning","floor":20}],"player_experience":1320894,"relics_obtained":[{"floor":9,"key":"Anchor"},{"floor":10,"key":"Juzu Bracelet"},{"floor":11,"key":"Dodecahedron"}],"event_choices":[{"damage_healed":0,"gold_gain":0,"player_choice":"Relic","damage_taken":0,"max_hp_gain":0,"max_hp_loss":0,"event_name":"Wheel of Change","floor":11,"gold_loss":0},{"damage_healed":0,"gold_gain":0,"player_choice":"Donut","damage_taken":0,"max_hp_gain":5,"max_hp_loss":0,"event_name":"Big Fish","floor":12,"gold_loss":0},{"damage_healed":0,"gold_gain":0,"player_choice":"Fled","damage_taken":18,"max_hp_gain":0,"max_hp_loss":0,"event_name":"Scrap Ooze","floor":14,"gold_loss":0},{"damage_healed":0,"gold_gain":0,"player_choice":"Fight","damage_taken":0,"max_hp_gain":0,"max_hp_loss":0,"event_name":"Colosseum","floor":21,"gold_loss":0},{"damage_healed":0,"gold_gain":0,"player_choice":"Fled From Nobs","damage_taken":0,"max_hp_gain":0,"max_hp_loss":0,"event_name":"Colosseum","floor":21,"gold_loss":0}],"is_beta":true,"boss_relics":[{"not_picked":["Empty Cage","Astrolabe"],"picked":"Inserter"}],"items_purged_floors":[5],"is_endless":false,"potions_floor_spawned":[1,2,7,10,18],"killed_by":"Snake Plant","ascension_level":2}