{"path_per_floor":["M","?","M","?","$","R","M","M","T","E","R","M","?","E","R","B",null,"M","?","M","$","M","E","R","M","T","R","?","M","M","?","R"],"character_chosen":"THE_SILENT","items_purchased":["Die Die Die","Cloak And Dagger","Caltrops","Blade Dance","Flash of Steel"],"gold_per_floor":[110,110,125,225,13,13,31,55,55,95,95,119,119,154,154,274,274,287,287,302,53,72,103,103,123,123,123,46,70,85,85,85,85],"floor_reached":33,"campfire_rested":2,"playtime":1536,"current_hp_per_floor":[60,60,60,60,60,60,60,60,60,39,58,58,58,56,56,56,65,48,45,45,45,44,45,45,43,43,43,43,41,28,28,41,0],"items_purged":[],"gold":85,"score":377,"play_id":"d8b14af1-72e6-4d79-a427-4e3e55158b0b","local_time":"20180426212234","is_prod":false,"is_daily":false,"chose_seed":false,"is_ascension_mode":false,"campfire_upgraded":4,"timestamp":1524792154,"path_taken":["M","?","M","?","$","R","?","M","T","E","R","M","?","E","R","BOSS","M","?","M","$","M","E","R","M","T","R","?","M","?","?","R","BOSS"],"build_version":"2018-04-26","seed_source_timestamp":1254569709367395,"purchased_purges":0,"victory":false,"master_deck":["Defend_G","Defend_G","Defend_G","Defend_G","Defend_G","Survivor","Neutralize+1","Flying Knee","Acrobatics","Die Die Die","Cloak And Dagger+1","Infinite Blades","Cloak And Dagger","Malaise+1","Terror+1","Dash","Storm of Steel","Backflip","Bite","Bite+1","Bite","Bite","Bite","Backflip+1","Caltrops","Blade Dance","Flash of Steel","Blade Dance","Crippling Poison","Acrobatics","Regret","J.A.X.","Backflip","Catalyst+1"],"max_hp_per_floor":[70,65,65,65,65,65,65,65,65,65,65,65,65,65,65,65,65,65,45,45,45,45,45,45,45,45,45,45,45,45,45,45,45],"relics":["Ring of the Snake","Anchor","Bloody Idol","Peace Pipe","Du-Vu Doll","Orichalcum","Cursed Key","Bottled Tornado","Toolbox"],"card_choices":[{"not_picked":["Quick Slash","Acrobatics"],"picked":"Flying Knee","floor":1},{"not_picked":["Prepared","Masterful Stab"],"picked":"Acrobatics","floor":3},{"not_picked":["Dodge and Roll","Concentrate"],"picked":"Infinite Blades","floor":7},{"not_picked":["Slice","Escape Plan"],"picked":"Cloak And Dagger","floor":8},{"not_picked":["Caltrops","Outmaneuver"],"picked":"Malaise","floor":10},{"not_picked":["Outmaneuver","Flying Knee"],"picked":"Terror","floor":12},{"not_picked":["Cloak And Dagger","Prepared"],"picked":"Dash","floor":14},{"not_picked":["Grand Finale","Unload"],"picked":"Storm of Steel","floor":16},{"not_picked":["Accuracy","Catalyst"],"picked":"Backflip","floor":18},{"not_picked":["Cloak And Dagger","Underhanded Strike"],"picked":"Backflip","floor":20},{"not_picked":["Endless Agony","Heel Hook"],"picked":"Blade Dance","floor":22},{"not_picked":["Endless Agony","PiercingWail"],"picked":"Crippling Poison","floor":23},{"not_picked":["Masterful Stab","Bane"],"picked":"Acrobatics","floor":25},{"not_picked":["Quick Slash","Skewer"],"picked":"Backflip","floor":29},{"not_picked":["Reflex","Dagger Spray"],"picked":"Catalyst","floor":30}],"player_experience":296762,"potions_floor_usage":[10,14,23,25,33,33],"damage_taken":[{"damage":10,"enemies":"Cultist","floor":1,"turns":6},{"damage":0,"enemies":"Small Slimes","floor":3,"turns":4},{"damage":0,"enemies":"Jaw Worm","floor":7,"turns":3},{"damage":0,"enemies":"Looter","floor":8,"turns":3},{"damage":21,"enemies":"Lagavulin","floor":10,"turns":6},{"damage":0,"enemies":"Lots of Slimes","floor":12,"turns":3},{"damage":2,"enemies":"3 Sentries","floor":14,"turns":5},{"damage":0,"enemies":"Hexaghost","floor":16,"turns":11},{"damage":17,"enemies":"Spheric Guardian","floor":18,"turns":5},{"damage":6,"enemies":"3 Byrds","floor":20,"turns":7},{"damage":3,"enemies":"Cultist and Chosen","floor":22,"turns":7},{"damage":0,"enemies":"Gremlin Leader","floor":23,"turns":5},{"damage":6,"enemies":"Snecko","floor":25,"turns":4},{"damage":4,"enemies":"Centurion and Healer","floor":29,"turns":5},{"damage":22,"enemies":"Cultist and Chosen","floor":30,"turns":8},{"damage":72,"enemies":"Collector","floor":33,"turns":7}],"event_choices":[{"event_name":"Golden Idol","player_choice":"Lose Max HP","floor":2,"damage_taken":0},{"event_name":"Wheel of Change","player_choice":"Gold","floor":4,"damage_taken":0},{"event_name":"Upgrade Shrine","player_choice":"Upgraded","floor":13,"damage_taken":0},{"event_name":"Vampires","player_choice":"Became a vampire","floor":19,"damage_taken":0},{"event_name":"Drug Dealer","player_choice":"Got JAXXED","floor":28,"damage_taken":0},{"event_name":"Forgotten Altar","player_choice":"Gave Idol","floor":31,"damage_taken":0}],"boss_relics":[{"not_picked":["Runic Pyramid","Eternal Feather"],"picked":"Cursed Key"}],"potions_floor_spawned":[3,7,14,20,22,30],"seed_played":"-3607974088915198606","killed_by":"Collector","ascension_level":0,"is_trial":false}