{"gold_per_floor":[361,361,3,16,82,82,117,3,28,43,98,52,71,71,71,175,175,189,189,288,50,33,33,63,63,63,88,88,88],"floor_reached":29,"playtime":1194,"items_purged":["Strike_G"],"score":360,"play_id":"8ac23356-cf80-4a98-8638-a6a93b7d79df","local_time":"20190201230000","is_ascension_mode":true,"campfire_choices":[{"data":"Neutralize","floor":6,"key":"SMITH"},{"floor":15,"key":"REST"},{"data":"Wraith Form v2","floor":23,"key":"SMITH"},{"floor":25,"key":"REST"},{"floor":28,"key":"REST"}],"neow_cost":"TEN_PERCENT_HP_LOSS","seed_source_timestamp":440076667752809,"circlet_count":0,"master_deck":["Defend_G","Defend_G","Defend_G","Defend_G","Defend_G","Strike_G+1","Strike_G","Strike_G","Strike_G+1","Survivor","Neutralize+1","Dash","Footwork+1","Leg Sweep","Well Laid Plans","Skewer","Dagger Spray","Footwork","Well Laid Plans","Deadly Poison","PiercingWail","Deadly Poison","Wraith Form v2+1","Escape Plan+1","Caltrops","Crippling Poison","Caltrops","PiercingWail","Terror+1","Malaise","PiercingWail"],"relics":["Ring of the Snake","HandDrill","Question Card","PreservedInsect","Pen Nib","HoveringKite","Anchor","Whetstone","Snake Skull"],"potions_floor_usage":[7,13,22,27,29],"damage_taken":[{"damage":0,"enemies":"2 Louse","floor":1,"turns":6},{"damage":0,"enemies":"Small Slimes","floor":4,"turns":3},{"damage":32,"enemies":"Gremlin Nob","floor":7,"turns":6},{"damage":2,"enemies":"Jaw Worm","floor":10,"turns":3},{"damage":24,"enemies":"Lagavulin Event","floor":11,"turns":7},{"damage":0,"enemies":"Looter","floor":13,"turns":4},{"damage":11,"enemies":"Hexaghost","floor":16,"turns":11},{"damage":2,"enemies":"Chosen","floor":18,"turns":7},{"damage":8,"enemies":"2 Thieves","floor":22,"turns":4},{"damage":12,"enemies":"Gremlin Leader","floor":24,"turns":8},{"damage":38,"enemies":"Book of Stabbing","floor":27,"turns":6},{"damage":36,"enemies":"Cultist and Chosen","floor":29,"turns":4}],"seed_played":"760185257520239881","potions_obtained":[{"floor":4,"key":"Poison Potion"},{"floor":7,"key":"Energy Potion"},{"floor":10,"key":"LiquidBronze"},{"floor":16,"key":"Weak Potion"},{"floor":18,"key":"SpeedPotion"},{"floor":27,"key":"Poison Potion"}],"is_trial":false,"path_per_floor":["M","?","$","M","?","R","E","$","T","M","?","$","M","?","R","B",null,"M","?","?","$","M","R","E","R","T","E","R","M"],"character_chosen":"THE_SILENT","items_purchased":["Footwork","Leg Sweep","HandDrill","Dagger Spray","Footwork","PiercingWail","Crippling Poison","Caltrops","PiercingWail"],"campfire_rested":3,"item_purchase_floors":[3,3,3,8,8,12,21,21,21],"current_hp_per_floor":[63,68,68,68,68,68,36,36,36,34,10,10,10,10,30,19,56,54,54,54,54,46,46,34,54,54,16,36,0],"gold":88,"neow_bonus":"TWO_FIFTY_GOLD","is_prod":false,"is_daily":false,"chose_seed":false,"campfire_upgraded":2,"win_rate":0,"timestamp":1549080000,"path_taken":["M","?","$","M","?","R","E","$","T","M","?","$","M","?","R","BOSS","M","?","?","?","M","R","E","R","T","E","R","?"],"build_version":"2019-01-23","purchased_purges":1,"victory":false,"max_hp_per_floor":[63,68,68,68,68,68,68,68,68,68,68,68,68,68,68,68,68,68,68,68,68,68,68,68,68,68,68,68,68],"card_choices":[{"not_picked":["Dagger Spray","Distraction"],"picked":"Dash","floor":1},{"not_picked":["Leg Sweep","Distraction"],"picked":"Well Laid Plans","floor":4},{"not_picked":["Expertise","Bouncing Flask"],"picked":"Skewer","floor":7},{"not_picked":["Poisoned Stab","Acrobatics","Backflip"],"picked":"Well Laid Plans","floor":10},{"not_picked":["Reflex","Footwork","Underhanded Strike"],"picked":"Deadly Poison","floor":11},{"not_picked":["Sucker Punch","Outmaneuver","Tactician"],"picked":"Deadly Poison","floor":13},{"not_picked":["Envenom","Burst","After Image"],"picked":"Wraith Form v2","floor":16},{"not_picked":["Predator","Slice","Deadly Poison"],"picked":"Escape Plan+1","floor":18},{"not_picked":["Concentrate","Escape Plan","Sucker Punch"],"picked":"Terror+1","floor":22},{"not_picked":["All Out Attack+1","Outmaneuver+1","Tactician+1"],"picked":"Malaise","floor":24},{"not_picked":["Bane","Blur","Skewer+1"],"picked":"PiercingWail","floor":27}],"player_experience":1351743,"relics_obtained":[{"floor":7,"key":"Question Card"},{"floor":9,"key":"PreservedInsect"},{"floor":11,"key":"Pen Nib"},{"floor":24,"key":"Anchor"},{"floor":26,"key":"Whetstone"},{"floor":27,"key":"Snake Skull"}],"event_choices":[{"damage_healed":0,"gold_gain":0,"player_choice":"Donut","damage_taken":0,"max_hp_gain":5,"max_hp_loss":0,"event_name":"Big Fish","floor":2,"gold_loss":0},{"damage_healed":0,"gold_gain":66,"player_choice":"Gained Gold","damage_taken":0,"max_hp_gain":0,"max_hp_loss":0,"event_name":"Golden Wing","floor":5,"gold_loss":0},{"damage_healed":0,"gold_gain":0,"player_choice":"Searched \u00272\u0027 times","damage_taken":0,"max_hp_gain":0,"max_hp_loss":0,"event_name":"Dead Adventurer","floor":11,"gold_loss":0},{"damage_healed":0,"gold_gain":0,"player_choice":"Grow","damage_taken":0,"max_hp_gain":0,"max_hp_loss":0,"event_name":"Living Wall","floor":14,"gold_loss":0,"cards_upgraded":["Footwork"]},{"damage_healed":0,"gold_gain":0,"player_choice":"Read","damage_taken":0,"max_hp_gain":0,"max_hp_loss":0,"event_name":"The Library","floor":19,"gold_loss":0,"cards_obtained":["Caltrops"]},{"damage_healed":0,"gold_gain":99,"player_choice":"Stole From Cult","damage_taken":0,"max_hp_gain":0,"max_hp_loss":0,"event_name":"Nest","floor":20,"gold_loss":0}],"is_beta":true,"boss_relics":[{"not_picked":["Lizard Tail","Coffee Dripper"],"picked":"HoveringKite"}],"items_purged_floors":[21],"is_endless":false,"potions_floor_spawned":[4,7,10,16,18,27],"killed_by":"Cultist and Chosen","ascension_level":8}