{"path_per_floor":["M","?","$","M","M","E","R","E","T","E","?","E","?","?","R","B",null,"M","$","?","M","?","R","E","?","T","E","M","M","M","E","R","B",null,"M","?","M","$","?","E","?"],"character_chosen":"THE_SILENT","items_purchased":["Footwork","Whetstone","Ornamental Fan"],"gold_per_floor":[114,114,39,51,65,90,90,115,170,195,160,185,260,260,260,356,356,371,81,81,93,93,93,124,124,124,153,164,183,201,233,233,330,360,371,371,386,5,5,35,35],"floor_reached":42,"campfire_rested":2,"playtime":3181,"current_hp_per_floor":[63,63,63,63,62,50,50,42,42,26,41,33,22,9,27,25,63,63,63,63,63,63,63,63,63,63,63,63,58,58,46,63,63,68,67,58,47,47,47,31,59],"items_purged":["Regret","Strike_G","Strike_G"],"gold":35,"score":641,"play_id":"c272e845-6f7f-4755-b353-f702377d4941","local_time":"20180309224643","is_prod":false,"is_daily":false,"is_ascension_mode":true,"campfire_upgraded":2,"timestamp":1520653603,"path_taken":["M","?","$","M","?","E","R","E","T","E","?","E","?","?","R","BOSS","M","$","?","M","?","R","E","?","T","E","M","M","M","E","R","BOSS","M","?","M","$","?","E","?","E"],"build_version":"2018-03-09","purchased_purges":3,"victory":false,"master_deck":["Defend_G","Defend_G","Defend_G+1","Strike_G+1","Strike_G+1","Survivor","Neutralize+1","Caltrops","Cloak And Dagger","Backflip+1","Acrobatics","Unload+1","PiercingWail","Flechettes","Adrenaline","Slice+1","Footwork","Burst","Cloak And Dagger","Infinite Blades+1","Outmaneuver+1","Footwork+1","Burst","Backflip+1","Envenom","Acrobatics","Prepared+1","Madness","Madness","Dagger Spray+1"],"max_hp_per_floor":[63,63,63,63,63,63,63,63,63,63,63,63,63,63,63,63,63,63,63,63,63,63,63,63,63,63,63,63,63,63,63,63,63,68,68,68,68,68,68,68,59],"relics":["Ring of the Snake","Paper Crane","Shuriken","Toolbox","Juzu Bracelet","Kunai","Omamori","Cursed Key","Whetstone","Orichalcum","Ginger","Calipers","Bag of Marbles","Tiny House","Ornamental Fan","Peace Pipe"],"card_choices":[{"not_picked":["Quick Slash","Terror"],"picked":"Caltrops"},{"not_picked":["Predator","Blur"],"picked":"Cloak And Dagger"},{"not_picked":["Prepared","Deadly Poison"],"picked":"Backflip"},{"not_picked":["Crippling Poison","Predator"],"picked":"Acrobatics"},{"not_picked":["Outmaneuver","Deflect"],"picked":"Unload"},{"not_picked":["Flechettes","Flying Knee"],"picked":"PiercingWail"},{"not_picked":["Deflect","Doppelganger"],"picked":"Flechettes"},{"not_picked":["Tactician","Die Die Die"],"picked":"Adrenaline"},{"not_picked":["Predator","Bane"],"picked":"Slice"},{"not_picked":["Bane","Flying Knee"],"picked":"Burst"},{"not_picked":["Endless Agony","Deadly Poison"],"picked":"Cloak And Dagger"},{"not_picked":["Dodge and Roll","Deflect"],"picked":"Outmaneuver"},{"not_picked":["Prepared","Riddle With Holes"],"picked":"Footwork"},{"not_picked":["Footwork","Predator"],"picked":"Burst"},{"not_picked":["Well Laid Plans","Dagger Throw"],"picked":"Backflip"},{"not_picked":["Unload","Bullet Time"],"picked":"Envenom"},{"not_picked":["Masterful Stab","Underhanded Strike"],"picked":"Acrobatics"},{"not_picked":["Predator","Endless Agony"],"picked":"Prepared"},{"not_picked":["Adrenaline","PiercingWail"],"picked":"Dagger Spray"}],"player_experience":477299,"potions_floor_usage":[6,28,29,31,33,33,35,37,40,40],"damage_taken":[{"damage":0,"enemies":"2 Louse","floor":1,"turns":3},{"damage":0,"enemies":"Jaw Worm","floor":4,"turns":5},{"damage":1,"enemies":"Cultist","floor":5,"turns":5},{"damage":12,"enemies":"Gremlin Nob","floor":6,"turns":5},{"damage":8,"enemies":"3 Sentries","floor":8,"turns":9},{"damage":16,"enemies":"Gremlin Nob","floor":10,"turns":4},{"damage":8,"enemies":"3 Sentries","floor":12,"turns":11},{"damage":2,"enemies":"The Guardian","floor":16,"turns":11},{"damage":0,"enemies":"3 Byrds","floor":18,"turns":4},{"damage":0,"enemies":"Chosen","floor":21,"turns":5},{"damage":0,"enemies":"Book of Stabbing","floor":24,"turns":6},{"damage":0,"enemies":"Gremlin Leader","floor":27,"turns":7},{"damage":0,"enemies":"Snake Plant","floor":28,"turns":4},{"damage":5,"enemies":"Centurion and Healer","floor":29,"turns":5},{"damage":0,"enemies":"3 Cultists","floor":30,"turns":5},{"damage":21,"enemies":"Slavers","floor":31,"turns":7},{"damage":0,"enemies":"Collector","floor":33,"turns":12},{"damage":1,"enemies":"3 Shapes","floor":35,"turns":7},{"damage":26,"enemies":"3 Darklings","floor":37,"turns":7},{"damage":16,"enemies":"Nemesis","floor":40,"turns":9},{"damage":64,"enemies":"2 Orb Walkers","floor":42,"turns":5}],"event_choices":[{"event_name":"Big Fish","player_choice":"Box","floor":2,"damage_taken":0},{"event_name":"The Cleric","player_choice":"Healed","floor":11,"damage_taken":0},{"event_name":"World of Goop","player_choice":"Gather Gold","floor":13,"damage_taken":0},{"event_name":"Shining Light","player_choice":"Entered Light","floor":14,"damage_taken":0},{"event_name":"Drug Dealer","player_choice":"Ignored","floor":20,"damage_taken":0},{"event_name":"Vampires","player_choice":"Ignored","floor":22,"damage_taken":0},{"event_name":"The Library","player_choice":"Read","floor":25,"damage_taken":0},{"event_name":"Winding Halls","player_choice":"Embrace Madness","floor":36,"damage_taken":0},{"event_name":"Purifier","player_choice":"One Purge","floor":39,"damage_taken":0},{"event_name":"The Moai Head","player_choice":"Heal","floor":41,"damage_taken":0}],"boss_relics":[{"not_picked":["Philosopher\u0027s Stone","Question Card"],"picked":"Cursed Key"},{"not_picked":["Pandora\u0027s Box","Orrery"],"picked":"Tiny House"}],"potions_floor_spawned":[4,10,16,18,27,28,31,33,35,37],"seed_played":"-7250003531909282289","killed_by":"2 Orb Walkers","ascension_level":1,"is_trial":false}