{"gold_per_floor":[113,188,188,204,129,129,144,144,170,52,87,33,33,44,44,149,149,169,179,199,81,81,81,106,106,106,106,124,49,26,43,43,148,148,164,182,182,192,206,206,218,218,218,218,218,232,4,15,15,15],"floor_reached":50,"playtime":2436,"items_purged":["Strike_G"],"score":603,"play_id":"c91bb321-6a0e-4d6e-a858-1b0b7e13b112","local_time":"20190107220732","is_ascension_mode":true,"campfire_choices":[{"data":"Trip","floor":6,"key":"SMITH"},{"data":"Neutralize","floor":8,"key":"SMITH"},{"floor":13,"key":"REST"},{"data":"Footwork","floor":15,"key":"SMITH"},{"data":"Footwork","floor":23,"key":"SMITH"},{"floor":25,"key":"REST"},{"data":"Footwork","floor":27,"key":"SMITH"},{"floor":32,"key":"REST"},{"data":"Crippling Poison","floor":40,"key":"SMITH"},{"floor":42,"key":"REST"},{"floor":49,"key":"RECALL"}],"neow_cost":"NONE","seed_source_timestamp":610435049536131,"circlet_count":0,"master_deck":["Survivor","Neutralize+1","Trip+1","Cloak And Dagger","Poisoned Stab","Dodge and Roll","Footwork+1","Dash","Cloak And Dagger","Dagger Spray","Die Die Die","Footwork+1","Underhanded Strike","Deflect","Riddle With Holes","Heel Hook","Doppelganger","Leg Sweep","Backflip","Slice","Dash","Footwork+1","Leg Sweep","Dagger Spray+1","Slice+1","PiercingWail","Caltrops","Adrenaline","Distraction+1","Noxious Fumes+1","Cloak And Dagger","Crippling Poison+1","Glass Knife+1","Finisher+1","Terror","Dagger Spray+1"],"relics":["Ring of the Snake","Anchor","Meat on the Bone","Pandora\u0027s Box","Molten Egg 2","Paper Crane","Runic Dome","Art of War"],"potions_floor_usage":[20,24,31,33,38,39,50,50],"damage_taken":[{"damage":0,"enemies":"Small Slimes","floor":1,"turns":4},{"damage":2,"enemies":"Jaw Worm","floor":4,"turns":4},{"damage":0,"enemies":"Cultist","floor":7,"turns":3},{"damage":50,"enemies":"Lagavulin","floor":11,"turns":14},{"damage":5,"enemies":"Exordium Wildlife","floor":14,"turns":5},{"damage":5,"enemies":"The Guardian","floor":16,"turns":14},{"damage":0,"enemies":"Shell Parasite","floor":18,"turns":10},{"damage":1,"enemies":"Chosen","floor":19,"turns":6},{"damage":13,"enemies":"Shelled Parasite and Fungi","floor":20,"turns":8},{"damage":26,"enemies":"Slavers","floor":24,"turns":8},{"damage":27,"enemies":"Snecko","floor":28,"turns":5},{"damage":19,"enemies":"Snake Plant","floor":31,"turns":7},{"damage":45,"enemies":"Collector","floor":33,"turns":21},{"damage":0,"enemies":"Orb Walker","floor":35,"turns":4},{"damage":0,"enemies":"3 Shapes","floor":36,"turns":5},{"damage":0,"enemies":"3 Darklings","floor":38,"turns":3},{"damage":27,"enemies":"Jaw Worm Horde","floor":39,"turns":5},{"damage":16,"enemies":"Maw","floor":41,"turns":9},{"damage":9,"enemies":"Sphere and 2 Shapes","floor":46,"turns":5},{"damage":29,"enemies":"Jaw Worm Horde","floor":48,"turns":5},{"damage":39,"enemies":"Time Eater","floor":50,"turns":9}],"seed_played":"3823218482344378682","potions_obtained":[{"floor":11,"key":"SkillPotion"},{"floor":14,"key":"FearPotion"},{"floor":16,"key":"PowerPotion"},{"floor":20,"key":"Dexterity Potion"},{"floor":31,"key":"Dexterity Potion"},{"floor":33,"key":"Dexterity Potion"},{"floor":35,"key":"EssenceOfSteel"},{"floor":38,"key":"Strength Potion"},{"floor":41,"key":"Block Potion"}],"is_trial":false,"path_per_floor":["M","?","?","M","$","R","M","R","T","$","E","$","R","M","R","B",null,"M","M","M","$","?","R","E","R","T","R","M","?","$","M","R","B",null,"M","M","?","M","M","R","M","R","T","?","?","M","$","M","R","B"],"character_chosen":"THE_SILENT","items_purchased":["Footwork","Riddle With Holes","Cloak And Dagger","Footwork","Leg Sweep","PiercingWail","Terror","Art of War"],"campfire_rested":4,"item_purchase_floors":[10,10,12,21,21,30,47,47],"current_hp_per_floor":[70,59,59,57,57,57,57,57,57,57,7,7,28,35,35,42,63,63,62,49,49,49,49,35,56,56,56,41,41,41,34,55,22,58,58,58,58,58,43,43,39,60,60,60,60,51,51,34,34,0],"gold":15,"neow_bonus":"RANDOM_COLORLESS","is_prod":false,"is_daily":false,"chose_seed":false,"campfire_upgraded":6,"win_rate":0,"timestamp":1546916852,"path_taken":["M","?","?","M","?","R","M","R","T","$","E","$","R","M","R","BOSS","M","M","M","$","?","R","E","R","T","R","M","?","$","M","R","BOSS","M","M","?","M","M","R","M","R","T","?","?","?","$","M","R","BOSS"],"build_version":"2019-01-03v4","purchased_purges":1,"victory":false,"max_hp_per_floor":[70,70,70,70,70,70,70,70,70,70,70,70,70,70,70,70,70,70,70,70,70,70,70,70,70,70,70,70,70,70,70,70,70,70,70,70,70,70,70,70,70,70,70,66,66,66,66,66,66,66],"card_choices":[{"not_picked":["Dodge and Roll","Bane"],"picked":"Cloak And Dagger","floor":1},{"not_picked":["Dagger Throw","Doppelganger"],"picked":"Poisoned Stab","floor":4},{"not_picked":["Underhanded Strike","Acrobatics"],"picked":"Dodge and Roll","floor":7},{"not_picked":["Quick Slash","Poisoned Stab"],"picked":"Dash","floor":11},{"not_picked":["Cloak And Dagger","Riddle With Holes"],"picked":"Dagger Spray","floor":14},{"not_picked":["Burst","Storm of Steel"],"picked":"Die Die Die","floor":16},{"not_picked":["Reflex","Bouncing Flask","Eviscerate"],"picked":"SKIP","floor":18},{"not_picked":["All Out Attack+1","Bouncing Flask"],"picked":"Slice","floor":19},{"not_picked":["Poisoned Stab","Underhanded Strike"],"picked":"Dash","floor":20},{"not_picked":["Backflip+1","Caltrops"],"picked":"Dagger Spray+1","floor":24},{"not_picked":["Eviscerate+1","Crippling Poison"],"picked":"Slice+1","floor":28},{"not_picked":["Bane+1","All Out Attack+1"],"picked":"Caltrops","floor":31},{"not_picked":["Phantasmal Killer","Tools of the Trade"],"picked":"Adrenaline","floor":33},{"not_picked":["Bane+1","Flying Knee+1"],"picked":"Distraction+1","floor":35},{"not_picked":["Acrobatics+1","Poisoned Stab+1"],"picked":"Noxious Fumes+1","floor":36},{"not_picked":["Accuracy+1","Sucker Punch+1"],"picked":"Cloak And Dagger","floor":38},{"not_picked":["Concentrate","Sucker Punch+1"],"picked":"Crippling Poison","floor":39},{"not_picked":["Underhanded Strike+1","Bouncing Flask+1"],"picked":"Glass Knife+1","floor":41},{"not_picked":["Accuracy+1","Eviscerate+1"],"picked":"Finisher+1","floor":46},{"not_picked":["Sucker Punch+1","Distraction"],"picked":"Dagger Spray+1","floor":48}],"player_experience":1210371,"relics_obtained":[{"floor":9,"key":"Anchor"},{"floor":11,"key":"Meat on the Bone"},{"floor":24,"key":"Molten Egg 2"},{"floor":26,"key":"Paper Crane"}],"event_choices":[{"damage_healed":0,"gold_gain":75,"player_choice":"Gather Gold","damage_taken":11,"max_hp_gain":0,"max_hp_loss":0,"event_name":"World of Goop","floor":2,"gold_loss":0},{"damage_healed":0,"gold_gain":0,"player_choice":"Ignored","damage_taken":0,"max_hp_gain":0,"max_hp_loss":0,"event_name":"Liars Game","floor":3,"gold_loss":0},{"damage_healed":0,"gold_gain":0,"player_choice":"Ignored","damage_taken":0,"max_hp_gain":0,"max_hp_loss":0,"event_name":"Ghosts","floor":22,"gold_loss":0},{"cards_removed":["Accuracy"],"damage_healed":0,"gold_gain":0,"player_choice":"Gave Gold","damage_taken":0,"max_hp_gain":0,"max_hp_loss":0,"event_name":"Beggar","floor":29,"gold_loss":75},{"cards_removed":["Riddle With Holes"],"damage_healed":0,"gold_gain":0,"player_choice":"Removed Attack","damage_taken":0,"max_hp_gain":0,"max_hp_loss":0,"event_name":"Falling","floor":37,"gold_loss":0},{"damage_healed":0,"gold_gain":0,"player_choice":"Max HP","damage_taken":0,"max_hp_gain":0,"max_hp_loss":4,"event_name":"Winding Halls","floor":44,"gold_loss":0},{"damage_healed":0,"gold_gain":0,"player_choice":"Ignored","damage_taken":0,"max_hp_gain":0,"max_hp_loss":0,"event_name":"Tomb of Lord Red Mask","floor":45,"gold_loss":0}],"is_beta":true,"boss_relics":[{"not_picked":["Black Star","Coffee Dripper"],"picked":"Pandora\u0027s Box"},{"not_picked":["White Beast Statue","Lizard Tail"],"picked":"Runic Dome"}],"items_purged_floors":[5],"is_endless":false,"potions_floor_spawned":[11,14,16,20,31,33,35,38,41,46],"killed_by":"Time Eater","ascension_level":5}