{"gold_per_floor":[119,50,125,144,157,157,173,206,229,241,254,254,280,280,280,378,378,397,36,36,61,71,71,71],"floor_reached":24,"playtime":1112,"items_purged":["Strike_B"],"score":344,"play_id":"33d253f8-b8a7-4269-a409-a0320c67cde5","local_time":"20181228193750","is_ascension_mode":true,"campfire_choices":[{"data":"Sunder","floor":6,"key":"SMITH"},{"data":"Barrage","floor":12,"key":"SMITH"},{"floor":15,"key":"REST"},{"data":"Ghostly","floor":23,"key":"SMITH"}],"neow_cost":"NONE","seed_source_timestamp":4963207537334,"circlet_count":0,"master_deck":["AscendersBane","Strike_B","Strike_B","Strike_B","Defend_B","Defend_B","Defend_B","Defend_B","Zap","Dualcast","Barrage+1","Sunder+1","Chill","Compile Driver","Undo+1","Sweeping Beam","Blizzard","Coolheaded","All For One","Steam+1","Capacitor","Ghostly+1","Ghostly","Ghostly","Ghostly","Ghostly","Cold Snap","Self Repair"],"relics":["Cracked Core","NeowsBlessing","Strawberry","Regal Pillow","Vajra","Velvet Choker","Meat on the Bone","Red Mask"],"potions_floor_usage":[16,21,24],"damage_taken":[{"damage":0,"enemies":"Cultist","floor":1,"turns":1},{"damage":0,"enemies":"Small Slimes","floor":4,"turns":1},{"damage":0,"enemies":"Jaw Worm","floor":5,"turns":1},{"damage":0,"enemies":"Exordium Wildlife","floor":7,"turns":4},{"damage":11,"enemies":"3 Sentries","floor":8,"turns":7},{"damage":1,"enemies":"2 Fungi Beasts","floor":10,"turns":3},{"damage":0,"enemies":"Red Slaver","floor":11,"turns":3},{"damage":28,"enemies":"Gremlin Nob","floor":13,"turns":4},{"damage":59,"enemies":"Slime Boss","floor":16,"turns":10},{"damage":23,"enemies":"3 Byrds","floor":18,"turns":6},{"damage":0,"enemies":"Masked Bandits","floor":21,"turns":5},{"damage":0,"enemies":"Spheric Guardian","floor":22,"turns":3},{"damage":42,"enemies":"Gremlin Leader","floor":24,"turns":10}],"seed_played":"-7363438168899975882","potions_obtained":[{"floor":1,"key":"Energy Potion"},{"floor":8,"key":"LiquidBronze"},{"floor":16,"key":"Dexterity Potion"},{"floor":18,"key":"AttackPotion"},{"floor":22,"key":"PowerPotion"}],"is_trial":false,"path_per_floor":["M","$","?","M","M","R","M","E","T","M","M","R","E","?","R","B",null,"M","$","?","?","M","R","E"],"character_chosen":"DEFECT","items_purchased":["Sunder","Meat on the Bone","Capacitor"],"campfire_rested":1,"item_purchase_floors":[2,19,19],"current_hp_per_floor":[68,68,61,61,61,61,61,57,57,56,56,56,28,28,67,8,64,41,41,41,41,41,41,0],"gold":71,"neow_bonus":"THREE_ENEMY_KILL","is_prod":false,"is_daily":false,"chose_seed":false,"campfire_upgraded":3,"win_rate":0,"timestamp":1546043870,"path_taken":["M","?","?","M","?","R","M","E","T","M","M","R","E","?","R","BOSS","M","$","?","?","M","R","E"],"build_version":"2018-12-25","purchased_purges":1,"victory":false,"max_hp_per_floor":[75,75,75,75,75,75,75,82,82,82,82,82,82,82,82,82,82,82,82,41,41,41,41,41],"card_choices":[{"not_picked":["Scrape","Force Field"],"picked":"Barrage","floor":1},{"not_picked":["Heatsinks","Turbo"],"picked":"Chill","floor":4},{"not_picked":["Barrage","Melter"],"picked":"Compile Driver","floor":5},{"not_picked":["Steam","Barrage"],"picked":"Undo","floor":7},{"not_picked":["Barrage","Rebound"],"picked":"Sweeping Beam","floor":8},{"not_picked":["Double Energy","Stack"],"picked":"Blizzard","floor":10},{"not_picked":["Stack","Chaos","Steam"],"picked":"SKIP","floor":11},{"not_picked":["Multi-Cast","FTL"],"picked":"Coolheaded","floor":13},{"not_picked":["Multi-Cast","Reboot"],"picked":"All For One","floor":16},{"not_picked":["Redo+1","Conserve Battery"],"picked":"Steam+1","floor":18},{"not_picked":["Rip and Tear+1","Rebound+1"],"picked":"Cold Snap","floor":21},{"not_picked":["Chill","Gash+1"],"picked":"Self Repair","floor":22}],"player_experience":1048638,"relics_obtained":[{"floor":8,"key":"Strawberry"},{"floor":9,"key":"Regal Pillow"},{"floor":13,"key":"Vajra"},{"floor":21,"key":"Red Mask"}],"event_choices":[{"damage_healed":0,"gold_gain":75,"player_choice":"Touch","damage_taken":7,"max_hp_gain":0,"max_hp_loss":0,"event_name":"FaceTrader","floor":3,"gold_loss":0},{"damage_healed":0,"gold_gain":0,"player_choice":"Grow","damage_taken":0,"max_hp_gain":0,"max_hp_loss":0,"event_name":"Living Wall","floor":14,"gold_loss":0,"cards_upgraded":["Undo"]},{"damage_healed":0,"gold_gain":0,"player_choice":"Became a Ghost","damage_taken":0,"max_hp_gain":0,"max_hp_loss":41,"event_name":"Ghosts","floor":20,"gold_loss":0,"cards_obtained":["Ghostly","Ghostly","Ghostly","Ghostly","Ghostly"]},{"damage_healed":0,"gold_gain":0,"player_choice":"Fought Bandits","damage_taken":0,"max_hp_gain":0,"max_hp_loss":0,"event_name":"Masked Bandits","floor":21,"gold_loss":0}],"is_beta":true,"boss_relics":[{"not_picked":["Astrolabe","FrozenCore"],"picked":"Velvet Choker"}],"items_purged_floors":[19],"is_endless":false,"potions_floor_spawned":[1,8,16,18,22],"killed_by":"Gremlin Leader","ascension_level":11}