{"gold_per_floor":[110,125,125,125,125,168,168,186,186,186,209,222,247,26,26,26],"floor_reached":16,"playtime":669,"items_purged":[],"score":197,"play_id":"5044accf-db09-4c5b-9bd2-9a6d9deead1b","local_time":"20181227184319","is_ascension_mode":true,"campfire_choices":[{"data":"Rainbow","floor":7,"key":"SMITH"},{"data":"Defragment","floor":15,"key":"SMITH"}],"neow_cost":"NONE","seed_source_timestamp":1061344877724937,"circlet_count":0,"master_deck":["AscendersBane","Strike_B","Strike_B","Defend_B","Defend_B","Defend_B","Defend_B","Zap","Dualcast","BootSequence","White Noise","Rainbow+1","Sweeping Beam","Self Repair","Ball Lightning","Sweeping Beam","Self Repair","Glacier","Auto Shields","Capacitor","Defragment+1"],"relics":["Cracked Core","NeowsBlessing","Golden Idol","The Courier","Meat on the Bone"],"potions_floor_usage":[11,13],"damage_taken":[{"damage":0,"enemies":"Jaw Worm","floor":1,"turns":1},{"damage":0,"enemies":"Small Slimes","floor":2,"turns":1},{"damage":0,"enemies":"Lagavulin","floor":6,"turns":1},{"damage":0,"enemies":"Cultist","floor":8,"turns":3},{"damage":32,"enemies":"Lots of Slimes","floor":11,"turns":6},{"damage":20,"enemies":"Red Slaver","floor":12,"turns":5},{"damage":2,"enemies":"Large Slime","floor":13,"turns":4},{"damage":47,"enemies":"Hexaghost","floor":16,"turns":11}],"seed_played":"7676554921371165259","potions_obtained":[{"floor":1,"key":"AttackPotion"},{"floor":8,"key":"LiquidBronze"},{"floor":11,"key":"Explosive Potion"}],"is_trial":false,"path_per_floor":["M","M","?","$","?","E","R","M","T","?","M","M","M","$","R","B"],"character_chosen":"DEFECT","items_purchased":["Glacier","Auto Shields","Capacitor","Defragment"],"campfire_rested":0,"item_purchase_floors":[14,14,14,14],"current_hp_per_floor":[68,68,68,68,68,68,68,68,68,68,43,42,47,47,47,0],"gold":26,"neow_bonus":"THREE_ENEMY_KILL","is_prod":false,"is_daily":false,"chose_seed":false,"campfire_upgraded":2,"win_rate":0,"timestamp":1545954199,"path_taken":["M","M","?","$","?","E","R","M","T","?","M","M","?","$","R","BOSS"],"build_version":"2018-12-25","purchased_purges":0,"victory":false,"max_hp_per_floor":[75,75,69,69,69,69,69,69,69,69,69,69,69,69,69,69],"card_choices":[{"not_picked":["Coolheaded","Stack"],"picked":"BootSequence","floor":1},{"not_picked":["Steam","Coolheaded"],"picked":"White Noise","floor":2},{"not_picked":["Hologram","Hello World"],"picked":"Sweeping Beam","floor":6},{"not_picked":["Turbo","Coolheaded"],"picked":"Self Repair","floor":8},{"not_picked":["Cold Snap","Hello World"],"picked":"Ball Lightning","floor":11},{"not_picked":["Force Field","Rebound"],"picked":"Sweeping Beam","floor":12},{"not_picked":["Beam Cell","Blizzard"],"picked":"Self Repair","floor":13}],"player_experience":1029150,"relics_obtained":[{"floor":6,"key":"The Courier"},{"floor":9,"key":"Meat on the Bone"}],"event_choices":[{"damage_healed":0,"gold_gain":0,"player_choice":"Lose Max HP","damage_taken":0,"relics_obtained":["Golden Idol"],"max_hp_gain":0,"max_hp_loss":6,"event_name":"Golden Idol","floor":3,"gold_loss":0},{"damage_healed":0,"gold_gain":0,"cards_transformed":["Strike_B"],"player_choice":"Change","damage_taken":0,"max_hp_gain":0,"max_hp_loss":0,"event_name":"Living Wall","floor":5,"gold_loss":0,"cards_obtained":["Rainbow"]},{"cards_removed":["Strike_B"],"damage_healed":0,"gold_gain":0,"player_choice":"Purged","damage_taken":0,"max_hp_gain":0,"max_hp_loss":0,"event_name":"Purifier","floor":10,"gold_loss":0}],"is_beta":true,"boss_relics":[],"items_purged_floors":[],"is_endless":false,"potions_floor_spawned":[1,8,11],"killed_by":"Hexaghost","ascension_level":11}