{"path_per_floor":["M","$","M","?","M","E","R","M","T","M","R","?","?","E","R"],"character_chosen":"IRONCLAD","items_purchased":["Wild Strike","Armaments"],"gold_per_floor":[114,45,62,62,77,115,115,130,156,172,172,172,247,282,282,282],"floor_reached":16,"campfire_rested":3,"playtime":762,"current_hp_per_floor":[72,72,72,72,68,25,49,28,28,25,49,75,64,59,80,0],"items_purged":[],"gold":282,"score":138,"play_id":"fc22a1d3-611b-46b7-bac5-88e6e644987f","local_time":"20180324021906","is_prod":false,"is_daily":false,"is_ascension_mode":true,"campfire_upgraded":0,"timestamp":1521872346,"path_taken":["M","$","M","?","M","E","R","M","T","?","R","?","?","E","R","BOSS"],"build_version":"2018-03-22v2","purchased_purges":0,"victory":false,"master_deck":["Strike_R","Strike_R","Strike_R","Strike_R","Strike_R","Defend_R","Defend_R","Defend_R","Defend_R","Bash","Fiend Fire","Wild Strike","Armaments","Metallicize","Injury","Disarm","Shrug It Off","Bloodletting","Wild Strike","Battle Trance","Evolve"],"max_hp_per_floor":[80,80,80,80,80,80,80,80,80,80,80,80,80,80,80,80],"relics":["Black Star","Golden Idol","Ginger","Gambling Chip","Orichalcum","Prayer Wheel","Dream Catcher"],"card_choices":[{"not_picked":["Dual Wield","True Grit"],"picked":"Fiend Fire","floor":1},{"not_picked":["Sever Soul","Pummel"],"picked":"Metallicize","floor":3},{"not_picked":["Perfected Strike","Heavy Blade"],"picked":"Disarm","floor":5},{"not_picked":["Whirlwind","True Grit"],"picked":"Shrug It Off","floor":6},{"not_picked":["Clash","Carnage"],"picked":"Bloodletting","floor":8},{"not_picked":["Pommel Strike","Combust"],"picked":"Wild Strike","floor":10},{"not_picked":["Fire Breathing","Clothesline"],"picked":"Battle Trance","floor":14},{"not_picked":["Body Slam","Shrug It Off"],"picked":"Evolve","floor":15}],"player_experience":668659,"potions_floor_usage":[6,8,10],"damage_taken":[{"damage":8,"enemies":"Jaw Worm","floor":1,"turns":6},{"damage":0,"enemies":"Small Slimes","floor":3,"turns":3},{"damage":4,"enemies":"2 Louse","floor":5,"turns":3},{"damage":43,"enemies":"Lagavulin","floor":6,"turns":7},{"damage":21,"enemies":"Gremlin Gang","floor":8,"turns":6},{"damage":3,"enemies":"Looter","floor":10,"turns":4},{"damage":5,"enemies":"3 Sentries","floor":14,"turns":11},{"damage":80,"enemies":"Hexaghost","floor":16,"turns":11}],"event_choices":[{"event_name":"Golden Idol","player_choice":"Take Wound","floor":4,"damage_taken":0},{"event_name":"Big Fish","player_choice":"Banana","floor":12,"damage_taken":0},{"event_name":"World of Goop","player_choice":"Gather Gold","floor":13,"damage_taken":0}],"boss_relics":[],"potions_floor_spawned":[1,5,8],"seed_played":"-5254748321439380618","killed_by":"Hexaghost","ascension_level":5,"is_trial":false}