{"path_per_floor":["M","M","?","M","M","R","E","R","T","M","?","$","M","?","R","B",null,"M","$","?"],"character_chosen":"IRONCLAD","items_purchased":["Double Tap","Feel No Pain"],"gold_per_floor":[110,121,121,140,153,153,183,183,183,201,231,7,18,18,18,119,119,139,64,64],"floor_reached":21,"campfire_rested":0,"playtime":1734,"current_hp_per_floor":[78,79,63,65,65,65,59,59,59,59,59,59,64,64,64,21,65,20,20,20],"items_purged":["Strike_R"],"gold":64,"score":224,"play_id":"52327664-5920-4565-9f07-6b9e2fa61f66","local_time":"20180320195116","is_prod":false,"is_daily":false,"is_ascension_mode":true,"campfire_upgraded":3,"timestamp":1521589876,"path_taken":["M","M","?","M","M","R","E","R","T","M","?","$","M","?","R","BOSS","M","$","?","M"],"build_version":"2018-03-15v3","purchased_purges":2,"victory":false,"master_deck":["Strike_R","Strike_R+1","Strike_R","Strike_R","Defend_R","Defend_R+1","Defend_R","Defend_R","Bash","Pommel Strike","Spot Weakness","Immolate","Flex+1","True Grit+1","Wild Strike","Double Tap+1","Power Through+1","Fiend Fire","Armaments","Feel No Pain"],"max_hp_per_floor":[80,80,80,80,80,80,80,80,80,80,80,80,80,80,80,80,80,80,80,80],"relics":["Burning Blood","Lantern","Oddly Smooth Stone","Torii","Sozu"],"card_choices":[{"not_picked":["Burning Pact","Warcry"],"picked":"Pommel Strike"},{"not_picked":["Sword Boomerang","Thunderclap"],"picked":"Spot Weakness"},{"not_picked":["Infernal Blade","Body Slam"],"picked":"Immolate"},{"not_picked":["Warcry","Sword Boomerang"],"picked":"Flex"},{"not_picked":["Combust","Warcry"],"picked":"True Grit"},{"not_picked":["Blood for Blood","Rampage"],"picked":"Wild Strike"},{"not_picked":["Headbutt","Entrench"],"picked":"Power Through"},{"not_picked":["Dark Embrace","Double Tap"],"picked":"Fiend Fire"},{"not_picked":["Clothesline","Havoc"],"picked":"Armaments"}],"player_experience":618295,"potions_floor_usage":[16,18],"damage_taken":[{"damage":8,"enemies":"Jaw Worm","floor":1,"turns":7},{"damage":5,"enemies":"Small Slimes","floor":2,"turns":5},{"damage":4,"enemies":"2 Louse","floor":4,"turns":3},{"damage":6,"enemies":"Looter","floor":5,"turns":3},{"damage":12,"enemies":"Gremlin Nob","floor":7,"turns":3},{"damage":6,"enemies":"Large Slime","floor":10,"turns":2},{"damage":1,"enemies":"Exordium Wildlife","floor":13,"turns":5},{"damage":49,"enemies":"Hexaghost","floor":16,"turns":11},{"damage":51,"enemies":"Chosen","floor":18,"turns":5},{"damage":25,"enemies":"Spheric Guardian","floor":21,"turns":5}],"event_choices":[{"event_name":"Shining Light","player_choice":"Entered Light","floor":3,"damage_taken":0},{"event_name":"Dead Adventurer","player_choice":"Searched \u00271\u0027 times","floor":11,"damage_taken":0},{"event_name":"The Cleric","player_choice":"Leave","floor":14,"damage_taken":0},{"event_name":"Upgrade Shrine","player_choice":"Upgraded","floor":20,"damage_taken":0}],"boss_relics":[{"not_picked":["Orrery","Pandora\u0027s Box"],"picked":"Sozu"}],"potions_floor_spawned":[1,5,7,13,18],"seed_played":"-8664169252168355903","killed_by":"Spheric Guardian","ascension_level":5,"is_trial":false}