{"gold_per_floor":[368,443,124,134,147,147,173,173,198,198,232,252,217,235,235,306,306,324,324,324,334,349,349,349],"floor_reached":24,"playtime":910,"items_purged":["Injury"],"score":416,"play_id":"87d372df-9851-436b-b5a1-a1f884c891e8","local_time":"20190214001147","is_ascension_mode":true,"campfire_choices":[{"floor":6.0,"key":"REST"},{"floor":8.0,"key":"REST"},{"data":"Dualcast","floor":10.0,"key":"SMITH"},{"data":"Defragment","floor":15.0,"key":"SMITH"},{"floor":23,"key":"REST"}],"neow_cost":"CURSE","seed_source_timestamp":36921280247251,"circlet_count":0,"master_deck":["AscendersBane","Defend_B","Defend_B","Defend_B","Defend_B","Zap","Dualcast+1","Conserve Battery","Ball Lightning","Coolheaded","Cold Snap","Echo Form","Electrodynamics","Defragment+1","Machine Learning","RitualDagger","Bite","Bite","Bite","Bite","Bite","Consume","Capacitor"],"special_seed":0,"relics":["Cracked Core","Runic Capacitor","Oddly Smooth Stone","Emotion Chip","Velvet Choker"],"potions_floor_usage":[21,24,24],"damage_taken":[{"damage":14.0,"enemies":"Jaw Worm","floor":1.0,"turns":4.0},{"damage":3.0,"enemies":"2 Louse","floor":4.0,"turns":4.0},{"damage":0.0,"enemies":"Small Slimes","floor":5.0,"turns":3.0},{"damage":26.0,"enemies":"3 Sentries","floor":7.0,"turns":8.0},{"damage":9.0,"enemies":"Lagavulin","floor":11.0,"turns":10.0},{"damage":8.0,"enemies":"3 Louse","floor":12.0,"turns":3.0},{"damage":0.0,"enemies":"Looter","floor":14.0,"turns":3.0},{"damage":28.0,"enemies":"Slime Boss","floor":16.0,"turns":5.0},{"damage":17,"enemies":"Shell Parasite","floor":18,"turns":5},{"damage":11,"enemies":"3 Byrds","floor":21,"turns":3},{"damage":16,"enemies":"Centurion and Healer","floor":22,"turns":6},{"damage":73,"enemies":"Book of Stabbing","floor":24,"turns":6}],"seed_played":"-5367009134005115968","potions_obtained":[{"floor":1.0,"key":"FairyPotion"},{"floor":7.0,"key":"SkillPotion"},{"floor":11.0,"key":"Regen Potion"},{"floor":12.0,"key":"EssenceOfSteel"},{"floor":21,"key":"PowerPotion"},{"floor":22,"key":"FearPotion"}],"is_trial":false,"path_per_floor":["M","?","$","M","M","R","E","R","T","R","E","M","?","M","R","B",null,"M","?","?","M","M","R","E"],"character_chosen":"DEFECT","items_purchased":["Runic Capacitor","Ball Lightning"],"campfire_rested":3,"item_purchase_floors":[3,3],"current_hp_per_floor":[50,39,39,36,36,57,31,52,52,52,45,39,56,58,58,32,61,46,40,40,42,42,63,0],"gold":349,"neow_bonus":"TWO_FIFTY_GOLD","is_prod":false,"is_daily":false,"chose_seed":false,"campfire_upgraded":2,"win_rate":0,"timestamp":1550121107,"path_taken":["M","?","$","M","M","R","E","R","T","R","E","M","?","M","R","BOSS","M","?","?","M","M","R","E"],"build_version":"2019-01-23","purchased_purges":1,"victory":false,"max_hp_per_floor":[71,71,71,71,71,71,71,71,71,71,71,71,71,71,71,71,71,71,71,71,71,71,71,71],"card_choices":[{"not_picked":["Compile Driver","Force Field"],"picked":"Conserve Battery","floor":1.0},{"not_picked":["White Noise","Barrage"],"picked":"Coolheaded","floor":4.0},{"not_picked":["Double Energy","Chill"],"picked":"Cold Snap","floor":5.0},{"not_picked":["Loop","Go for the Eyes"],"picked":"Echo Form","floor":7.0},{"not_picked":["Stack","Go for the Eyes"],"picked":"Electrodynamics","floor":11.0},{"not_picked":["Steam Power","Cold Snap"],"picked":"Defragment","floor":12.0},{"not_picked":["Melter","Blizzard","Rebound"],"picked":"SKIP","floor":14.0},{"not_picked":["All For One","Rainbow"],"picked":"Machine Learning","floor":16.0},{"not_picked":["Steam","Streamline","Hologram"],"picked":"SKIP","floor":18},{"not_picked":["Turbo","Leap"],"picked":"Consume","floor":21},{"not_picked":["Redo","Go for the Eyes"],"picked":"Capacitor","floor":22}],"player_experience":278677,"relics_obtained":[{"floor":7.0,"key":"Oddly Smooth Stone"},{"floor":9.0,"key":"Blood Vial"},{"floor":11.0,"key":"Emotion Chip"}],"event_choices":[{"damage_healed":0.0,"max_hp_gain":0.0,"max_hp_loss":0.0,"gold_gain":75.0,"event_name":"World of Goop","player_choice":"Gather Gold","floor":2.0,"gold_loss":0.0,"damage_taken":11.0},{"damage_healed":17.0,"max_hp_gain":0.0,"max_hp_loss":0.0,"gold_gain":0.0,"event_name":"The Cleric","player_choice":"Healed","floor":13.0,"gold_loss":35.0,"damage_taken":0.0},{"damage_healed":0,"gold_gain":0,"player_choice":"Joined the Cult","damage_taken":6,"max_hp_gain":0,"max_hp_loss":0,"event_name":"Nest","floor":19,"gold_loss":0,"cards_obtained":["RitualDagger"]},{"damage_healed":0,"gold_gain":0,"player_choice":"Became a vampire (Vial)","damage_taken":0,"max_hp_gain":0,"max_hp_loss":0,"event_name":"Vampires","floor":20,"relics_lost":["Blood Vial"],"gold_loss":0,"cards_obtained":["Bite","Bite","Bite","Bite","Bite"]}],"is_beta":false,"boss_relics":[{"not_picked":["Cursed Key","Runic Dome"],"picked":"Velvet Choker"}],"items_purged_floors":[3],"is_endless":false,"potions_floor_spawned":[1,7,11,12,14,21,22],"killed_by":"Book of Stabbing","ascension_level":18}