{"path_per_floor":["M","M","M","?","?","R","E","?","T","E","M","$","M","M","R","B",null,"M","M","?","M","?","R","E","$","T","$"],"character_chosen":"IRONCLAD","items_purchased":["Gremlin Horn","Impervious"],"gold_per_floor":[113,128,142,142,217,217,249,214,214,248,260,14,32,44,44,147,147,161,174,174,188,188,188,219,219,219,60,60],"floor_reached":28,"campfire_rested":3,"playtime":906,"current_hp_per_floor":[68,68,66,59,48,72,43,63,63,51,57,57,56,53,77,47,72,40,38,38,38,22,46,28,28,34,34,0],"items_purged":[],"gold":60,"score":335,"play_id":"5f1d7025-6f54-4a95-83a7-2c7a27a808c7","local_time":"20180415195931","is_prod":false,"is_daily":false,"chose_seed":false,"is_ascension_mode":true,"campfire_upgraded":0,"timestamp":1523836771,"path_taken":["M","M","M","?","?","R","E","?","T","E","M","?","?","M","R","BOSS","M","M","?","?","?","R","E","?","T","?","?"],"build_version":"2018-04-13","seed_source_timestamp":299695009612935,"purchased_purges":0,"victory":false,"master_deck":["Strike_R+1","Strike_R","Strike_R","Strike_R","Defend_R","Defend_R","Defend_R","Bash+1","Armaments","Flex","Spot Weakness","Anger","Clothesline","Thunderclap","Seeing Red","Offering","Clash","Headbutt","Infernal Blade","Fire Breathing+1","True Grit","Doubt","True Grit+1","Impervious"],"max_hp_per_floor":[80,80,80,80,80,80,80,80,80,80,80,80,80,80,80,80,80,80,80,80,80,80,80,80,80,86,86,86],"relics":["Burning Blood","Prayer Wheel","Darkstone Periapt","Meat on the Bone","Whetstone","Gremlin Horn","Cursed Key","Nilry\u0027s Codex","Smiling Mask","Self Forming Clay"],"card_choices":[{"not_picked":["Pommel Strike","Anger"],"picked":"Armaments","floor":1},{"not_picked":["Twin Strike","Exhume"],"picked":"Flex","floor":2},{"not_picked":["Clothesline","Heavy Blade"],"picked":"Spot Weakness","floor":3},{"not_picked":["Carnage","Intimidate"],"picked":"Anger","floor":7},{"not_picked":["Twin Strike","Anger"],"picked":"Clothesline","floor":9},{"not_picked":["Metallicize","Twin Strike"],"picked":"Thunderclap","floor":10},{"not_picked":["Spot Weakness","Flex"],"picked":"Seeing Red","floor":11},{"not_picked":["Brutality","Feed"],"picked":"Offering","floor":16},{"not_picked":["Body Slam","Perfected Strike"],"picked":"Clash","floor":18},{"not_picked":["Iron Wave","Thunderclap"],"picked":"Headbutt","floor":19},{"not_picked":["Havoc","Anger"],"picked":"Fire Breathing","floor":21},{"not_picked":["Second Wind","Clash"],"picked":"True Grit","floor":24},{"not_picked":["Iron Wave","Pummel"],"picked":"True Grit","floor":26}],"player_experience":219542,"potions_floor_usage":[19,21,24],"damage_taken":[{"damage":10,"enemies":"Jaw Worm","floor":1,"turns":6},{"damage":6,"enemies":"Cultist","floor":2,"turns":4},{"damage":8,"enemies":"2 Louse","floor":3,"turns":3},{"damage":35,"enemies":"Gremlin Nob","floor":7,"turns":4},{"damage":30,"enemies":"Lagavulin","floor":10,"turns":6},{"damage":0,"enemies":"2 Fungi Beasts","floor":11,"turns":2},{"damage":7,"enemies":"Large Slime","floor":13,"turns":5},{"damage":9,"enemies":"3 Louse","floor":14,"turns":2},{"damage":36,"enemies":"The Guardian","floor":16,"turns":9},{"damage":50,"enemies":"Chosen","floor":18,"turns":6},{"damage":20,"enemies":"2 Thieves","floor":19,"turns":3},{"damage":18,"enemies":"Centurion and Healer","floor":21,"turns":4},{"damage":36,"enemies":"Book of Stabbing","floor":24,"turns":4},{"damage":39,"enemies":"Chosen and Byrds","floor":28,"turns":5}],"event_choices":[{"event_name":"Golden Wing","player_choice":"Card Removal","floor":4,"damage_taken":0},{"event_name":"World of Goop","player_choice":"Gather Gold","floor":5,"damage_taken":0},{"event_name":"The Cleric","player_choice":"Healed","floor":8,"damage_taken":0},{"event_name":"Transmorgrifier","player_choice":"Transform","floor":20,"damage_taken":0},{"event_name":"Cursed Tome","player_choice":"Obtained Book","floor":22,"damage_taken":0}],"boss_relics":[{"not_picked":["Runic Pyramid","Mark of Pain"],"picked":"Cursed Key"}],"potions_floor_spawned":[10,11,13,16,21],"seed_played":"-2580497616117654685","killed_by":"Chosen and Byrds","ascension_level":7,"is_trial":false}