{"gold_per_floor":[114,84,104,104,116,147,147,164,191,249,80,96,96,124,124,196,196,215,215,234,249,48,48,83,83,108,140,160,170,170,189,189,263,263,283,1282,288,288,300,326,326,360,434,446,478,495,495,528,528,528,528,528,528,62,97,97],"floor_reached":57,"playtime":8104,"items_purged":["Strike_B","Normality","Normality"],"score":3110,"play_id":"c224e4f6-264e-40f4-9b93-7e2c33f929d4","local_time":"20190103192434","is_ascension_mode":true,"campfire_choices":[{"data":"Zap","floor":7.0,"key":"SMITH"},{"data":"Defragment","floor":13.0,"key":"SMITH"},{"data":"Defragment","floor":15.0,"key":"SMITH"},{"floor":23.0,"key":"REST"},{"floor":25.0,"key":"REST"},{"data":"Chill","floor":30.0,"key":"SMITH"},{"floor":32.0,"key":"RECALL"},{"data":"Creative AI","floor":41.0,"key":"SMITH"},{"floor":47.0,"key":"REST"},{"floor":49.0,"key":"REST"},{"floor":53.0,"key":"REST"}],"neow_cost":"NONE","seed_source_timestamp":181483769584975,"circlet_count":0,"master_deck":["AscendersBane","Strike_B","Strike_B","Defend_B","Defend_B","Defend_B","Defend_B","Zap+1","Dualcast","Rebound+1","Cold Snap+1","Compile Driver","Doom and Gloom","Steam","Chill+1","Defragment+1","Leap","Defragment+1","Creative AI+1","Ball Lightning+1","Electrodynamics+1","Defragment+1","Skim","Machine Learning+1","Heatsinks+1","Go for the Eyes+1","Apotheosis","Coolheaded","Echo Form+1","Static Discharge+1","Stack+1","Buffer+1","Stack+1"],"special_seed":0,"relics":["Cracked Core","Bag of Marbles","Boot","DataDisk","Tiny Chest","Potion Belt","Velvet Choker","Frozen Egg 2","Regal Pillow","Mummified Hand","Whetstone","Gambling Chip","Nuclear Battery","Mango","Torii","Calipers","Darkstone Periapt","Letter Opener","Pantograph","Oddly Smooth Stone"],"potions_floor_usage":[56,56,56,56],"damage_taken":[{"damage":2.0,"enemies":"2 Louse","floor":1.0,"turns":2.0},{"damage":1.0,"enemies":"Cultist","floor":3.0,"turns":3.0},{"damage":0.0,"enemies":"Small Slimes","floor":5.0,"turns":3.0},{"damage":9.0,"enemies":"Gremlin Nob","floor":6.0,"turns":3.0},{"damage":0.0,"enemies":"2 Fungi Beasts","floor":8.0,"turns":2.0},{"damage":0.0,"enemies":"3 Sentries","floor":10.0,"turns":6.0},{"damage":16.0,"enemies":"Lots of Slimes","floor":12.0,"turns":3.0},{"damage":0.0,"enemies":"Lagavulin","floor":14.0,"turns":5.0},{"damage":13.0,"enemies":"Hexaghost","floor":16.0,"turns":8.0},{"damage":0.0,"enemies":"Chosen","floor":18.0,"turns":4.0},{"damage":0.0,"enemies":"3 Byrds","floor":20.0,"turns":5.0},{"damage":31.0,"enemies":"Shelled Parasite and Fungi","floor":21.0,"turns":5.0},{"damage":27.0,"enemies":"Book of Stabbing","floor":24.0,"turns":4.0},{"damage":0.0,"enemies":"Gremlin Leader","floor":27.0,"turns":3.0},{"damage":0.0,"enemies":"Cultist and Chosen","floor":28.0,"turns":3.0},{"damage":0.0,"enemies":"3 Cultists","floor":29.0,"turns":2.0},{"damage":1.0,"enemies":"Centurion and Healer","floor":31.0,"turns":5.0},{"damage":0.0,"enemies":"Champ","floor":33.0,"turns":10.0},{"damage":3.0,"enemies":"Orb Walker","floor":35.0,"turns":3.0},{"damage":0.0,"enemies":"3 Shapes","floor":39.0,"turns":1.0},{"damage":26.0,"enemies":"Reptomancer","floor":40.0,"turns":7.0},{"damage":16.0,"enemies":"Nemesis","floor":42.0,"turns":7.0},{"damage":7.0,"enemies":"Writhing Mass","floor":44.0,"turns":6.0},{"damage":9.0,"enemies":"Giant Head","floor":45.0,"turns":11.0},{"damage":10.0,"enemies":"Transient","floor":46.0,"turns":6.0},{"damage":15.0,"enemies":"Reptomancer","floor":48.0,"turns":5.0},{"damage":22.0,"enemies":"Time Eater","floor":50.0,"turns":21.0},{"damage":74.0,"enemies":"Donu and Deca","floor":51.0,"turns":6.0},{"damage":17.0,"enemies":"Shield and Spear","floor":55.0,"turns":8.0},{"damage":40,"enemies":"The Heart","floor":56,"turns":12}],"seed_played":"-1189999544051902023","potions_obtained":[{"floor":2.0,"key":"Swift Potion"},{"floor":2.0,"key":"Energy Potion"},{"floor":3.0,"key":"Block Potion"},{"floor":12.0,"key":"PowerPotion"},{"floor":16.0,"key":"Energy Potion"},{"floor":18.0,"key":"FocusPotion"},{"floor":21.0,"key":"SteroidPotion"},{"floor":27.0,"key":"Block Potion"},{"floor":28.0,"key":"Fruit Juice"},{"floor":35.0,"key":"SneckoOil"},{"floor":40.0,"key":"Swift Potion"},{"floor":45.0,"key":"GamblersBrew"},{"floor":46.0,"key":"Block Potion"},{"floor":55.0,"key":"Poison Potion"}],"is_trial":false,"path_per_floor":["M","?","M","?","M","E","R","M","T","E","$","M","R","E","R","B",null,"M","?","M","M","$","R","E","R","T","E","M","M","R","M","R","B",null,"M","?","$","?","M","E","R","E","T","M","E","M","R","E","R","B","B",null,"R","$","E","B",null],"character_chosen":"DEFECT","items_purchased":["Defragment","PowerPotion","Defragment+1","Regal Pillow","Mango","Torii","Apotheosis","Coolheaded","Buffer+1","EntropicBrew","Swift Potion"],"campfire_rested":5,"item_purchase_floors":[11,11,22,22,37,37,37,37,54,54,54],"current_hp_per_floor":[62,62,61,61,61,52,52,52,52,52,52,36,36,36,36,23,59,59,59,59,28,28,64,37,71,71,71,71,71,71,70,70,70,71,68,68,82,82,82,61,61,45,45,38,29,19,61,46,88,68,16,72,90,90,73,50],"gold":97,"neow_bonus":"RANDOM_COMMON_RELIC","is_prod":false,"is_daily":false,"chose_seed":false,"campfire_upgraded":5,"win_rate":0,"timestamp":1546572274,"path_taken":["M","?","?","?","?","E","R","M","T","E","?","M","R","E","R","BOSS","M","?","M","?","$","R","E","R","T","E","M","M","R","M","R","BOSS","M","?","$","?","M","E","R","E","T","M","E","?","R","E","R","BOSS","BOSS","R","$","E","BOSS"],"build_version":"2019-01-02","purchased_purges":3,"victory":true,"max_hp_per_floor":[71,71,71,71,71,71,71,71,71,71,71,71,71,71,71,71,71,71,71,71,71,71,71,71,71,71,71,71,71,71,71,71,71,71,71,71,85,85,85,90,90,90,90,90,90,90,90,90,90,90,90,90,90,90,90,90],"card_choices":[{"not_picked":["Barrage","Turbo"],"picked":"Rebound","floor":1.0},{"not_picked":["Beam Cell","Stack"],"picked":"Cold Snap","floor":3.0},{"not_picked":["Redo","Aggregate"],"picked":"Compile Driver","floor":5.0},{"not_picked":["FTL","Rainbow"],"picked":"Doom and Gloom","floor":6.0},{"not_picked":["Turbo","Auto Shields"],"picked":"Steam","floor":8.0},{"not_picked":["Gash","Skim"],"picked":"Chill","floor":10.0},{"not_picked":["Beam Cell","Cold Snap"],"picked":"Leap","floor":12.0},{"not_picked":["Gash","Lockon"],"picked":"Defragment","floor":14.0},{"not_picked":["Machine Learning","Rainbow"],"picked":"Creative AI","floor":16.0},{"not_picked":["Rebound","Stack+1"],"picked":"Ball Lightning+1","floor":18.0},{"not_picked":["Streamline","Sweeping Beam","Double Energy"],"picked":"SKIP","floor":20.0},{"not_picked":["Turbo","Genetic Algorithm"],"picked":"Electrodynamics+1","floor":21.0},{"not_picked":["Barrage","Skim","Cold Snap"],"picked":"SKIP","floor":24.0},{"not_picked":["Barrage","Skim","Cold Snap"],"picked":"SKIP","floor":24.0},{"not_picked":["Barrage","Cold Snap"],"picked":"Skim","floor":24.0},{"not_picked":["Static Discharge+1","Genetic Algorithm"],"picked":"Machine Learning+1","floor":27.0},{"not_picked":["Ball Lightning","Leap","Turbo"],"picked":"SKIP","floor":28.0},{"not_picked":["Fusion","Conserve Battery","Sweeping Beam"],"picked":"SKIP","floor":29.0},{"not_picked":["Sweeping Beam","Hologram"],"picked":"Heatsinks+1","floor":31.0},{"not_picked":["Gash","Cold Snap"],"picked":"Go for the Eyes+1","floor":35.0},{"not_picked":["Hello World+1","Tempest+1","Aggregate"],"picked":"SKIP","floor":39.0},{"not_picked":["Beam Cell","Redo","Sunder"],"picked":"SKIP","floor":40.0},{"not_picked":["Rip and Tear","Scrape"],"picked":"Echo Form+1","floor":42.0},{"not_picked":["Gash","Coolheaded"],"picked":"Static Discharge+1","floor":44.0},{"not_picked":["Go for the Eyes","Rebound","Compile Driver+1"],"picked":"SKIP","floor":45.0},{"not_picked":["Turbo+1","Streamline"],"picked":"Stack+1","floor":46.0},{"not_picked":["Blizzard","Fusion+1","Heatsinks+1"],"picked":"SKIP","floor":48.0},{"not_picked":["Streamline","Melter"],"picked":"Stack+1","floor":55.0}],"player_experience":1182558,"relics_obtained":[{"floor":6.0,"key":"Boot"},{"floor":9.0,"key":"DataDisk"},{"floor":10.0,"key":"Tiny Chest"},{"floor":14.0,"key":"Potion Belt"},{"floor":24.0,"key":"Mummified Hand"},{"floor":26.0,"key":"Whetstone"},{"floor":27.0,"key":"Gambling Chip"},{"floor":40.0,"key":"Calipers"},{"floor":42.0,"key":"Darkstone Periapt"},{"floor":45.0,"key":"Letter Opener"},{"floor":48.0,"key":"Pantograph"},{"floor":55.0,"key":"Oddly Smooth Stone"}],"event_choices":[{"damage_healed":0.0,"max_hp_gain":0.0,"max_hp_loss":0.0,"gold_gain":0.0,"event_name":"The Woman in Blue","player_choice":"Bought 2 Potions","floor":2.0,"gold_loss":0.0,"damage_taken":0.0},{"cards_removed":["Strike_B"],"damage_healed":0.0,"max_hp_gain":0.0,"max_hp_loss":0.0,"gold_gain":0.0,"event_name":"Bonfire Elementals","player_choice":"Offered Basic","floor":4.0,"gold_loss":0.0,"damage_taken":0.0},{"damage_healed":0.0,"max_hp_gain":0.0,"max_hp_loss":0.0,"gold_gain":0.0,"event_name":"WeMeetAgain","player_choice":"Gave Potion","floor":19.0,"gold_loss":0.0,"damage_taken":0.0,"relics_obtained":["Frozen Egg 2"]},{"damage_healed":0.0,"max_hp_gain":0.0,"max_hp_loss":0.0,"gold_gain":999.0,"event_name":"MindBloom","player_choice":"Gold","floor":36.0,"gold_loss":0.0,"damage_taken":0.0,"cards_obtained":["Normality","Normality"]},{"damage_healed":0.0,"max_hp_gain":0.0,"max_hp_loss":0.0,"gold_gain":0.0,"event_name":"SecretPortal","player_choice":"Ignored","floor":38.0,"gold_loss":0.0,"damage_taken":0.0}],"is_beta":true,"boss_relics":[{"not_picked":["Black Star","Inserter"],"picked":"Velvet Choker"},{"not_picked":["Philosopher\u0027s Stone","Busted Crown"],"picked":"Nuclear Battery"}],"items_purged_floors":[11,37,54],"is_endless":false,"potions_floor_spawned":[3,5,12,16,18,21,27,28,35,40,45,46,55],"ascension_level":20}