{"path_per_floor":["M","?","$","?","M","E","M","E","T","$","M","R","M","M","R"],"character_chosen":"IRONCLAD","items_purchased":["Flex","Pommel Strike"],"gold_per_floor":[116,116,15,15,25,58,68,96,166,39,51,51,63,75,75],"floor_reached":16,"campfire_rested":1,"playtime":717,"current_hp_per_floor":[79,79,79,79,80,54,58,31,31,31,37,61,67,73,73],"items_purged":["Regret","Strike_R"],"gold":75,"score":112,"play_id":"3deafb86-7810-43dd-95de-44d66573dc2d","local_time":"20180310021032","is_prod":false,"is_daily":false,"is_ascension_mode":false,"campfire_upgraded":1,"timestamp":1520665832,"path_taken":["M","?","$","?","M","E","M","E","T","$","M","R","M","?","R","BOSS"],"build_version":"2018-03-09","purchased_purges":3,"victory":false,"master_deck":["Strike_R","Strike_R","Strike_R","Strike_R","Defend_R","Defend_R","Defend_R","Bash","Shrug It Off","Flex","Shrug It Off","Wild Strike","Rampage","Metallicize+1","Pommel Strike","Whirlwind+1","Thunderclap","Bludgeon"],"max_hp_per_floor":[80,80,80,80,80,80,80,80,80,80,80,80,80,80,80],"relics":["Burning Blood","Mummified Hand","Frozen Egg 2","Dodecahedron","Bottled Tornado"],"card_choices":[{"not_picked":["Wild Strike","Blood for Blood"],"picked":"Shrug It Off"},{"not_picked":["True Grit","Heavy Blade"],"picked":"Shrug It Off"},{"not_picked":["Shrug It Off","True Grit"],"picked":"Wild Strike"},{"not_picked":["Thunderclap","Disarm"],"picked":"Rampage"},{"not_picked":["Limit Break","Cleave"],"picked":"Metallicize"},{"not_picked":["Thunderclap","Infernal Blade"],"picked":"Whirlwind"},{"not_picked":["Flame Barrier","Shrug It Off"],"picked":"Thunderclap"},{"not_picked":["Twin Strike","Reckless Charge"],"picked":"Bludgeon"}],"player_experience":491747,"potions_floor_usage":[11,16,16],"damage_taken":[{"damage":7,"enemies":"Small Slimes","floor":1,"turns":4},{"damage":3,"enemies":"2 Louse","floor":5,"turns":3},{"damage":32,"enemies":"Gremlin Nob","floor":6,"turns":5},{"damage":2,"enemies":"Cultist","floor":7,"turns":4},{"damage":33,"enemies":"3 Sentries","floor":8,"turns":10},{"damage":0,"enemies":"Lots of Slimes","floor":11,"turns":2},{"damage":0,"enemies":"Large Slime","floor":13,"turns":5},{"damage":0,"enemies":"Blue Slaver","floor":14,"turns":3},{"damage":85,"enemies":"The Guardian","floor":16,"turns":13}],"event_choices":[{"event_name":"Big Fish","player_choice":"Box","floor":2,"damage_taken":0},{"event_name":"The Cleric","player_choice":"Leave","floor":4,"damage_taken":0}],"boss_relics":[],"potions_floor_spawned":[5,8,11,14],"seed_played":"-3710737316521021331","killed_by":"The Guardian","ascension_level":0,"is_trial":false}