{"gold_per_floor":[115,125,144,162,176,176,176,176,202,202,219,219,251,276,288,300],"floor_reached":16,"playtime":505,"items_purged":[],"score":148,"play_id":"efa5cc0c-492a-43bd-a040-9b585b8e1810","local_time":"20180729011630","is_ascension_mode":true,"campfire_choices":[{"data":"Zap","floor":6,"key":"SMITH"},{"data":"Dualcast","floor":8,"key":"SMITH"},{"data":"Go for the Eyes","floor":10,"key":"SMITH"},{"data":"Conserve Battery","floor":15,"key":"SMITH"}],"neow_cost":"NONE","seed_source_timestamp":654335624399015,"circlet_count":0,"master_deck":["Strike_B","Strike_B","Strike_B","Strike_B","Defend_B","Defend_B","Defend_B","Defend_B","Zap+1","Dualcast+1","Go for the Eyes+1","Hyperbeam","Leap","Beam Cell","Cold Snap","Reinforced Body","Conserve Battery+1"],"relics":["Cracked Core","Vajra","Bag of Marbles","Dream Catcher","MawBank"],"potions_floor_usage":[13,13],"damage_taken":[{"damage":2,"enemies":"Jaw Worm","floor":1,"turns":4},{"damage":1,"enemies":"2 Louse","floor":2,"turns":3},{"damage":0,"enemies":"Small Slimes","floor":3,"turns":3},{"damage":4,"enemies":"3 Louse","floor":4,"turns":2},{"damage":6,"enemies":"Looter","floor":5,"turns":3},{"damage":10,"enemies":"Large Slime","floor":11,"turns":4},{"damage":0,"enemies":"Gremlin Nob","floor":13,"turns":2},{"damage":0,"enemies":"3 Louse","floor":14,"turns":3},{"damage":49,"enemies":"Slime Boss","floor":16,"turns":8}],"seed_played":"-5600696667482386862","potions_obtained":[{"floor":4,"key":"FearPotion"},{"floor":5,"key":"Poison Potion"},{"floor":11,"key":"Ancient Potion"}],"is_trial":false,"path_per_floor":["M","M","M","M","M","R","?","R","T","R","M","?","E","M","R"],"character_chosen":"DEFECT","items_purchased":[],"campfire_rested":0,"item_purchase_floors":[],"current_hp_per_floor":[73,72,72,68,62,62,50,50,50,50,40,45,45,45,45,0],"gold":300,"neow_bonus":"RANDOM_COMMON_RELIC","is_prod":false,"is_daily":false,"chose_seed":false,"campfire_upgraded":4,"win_rate":0,"timestamp":1532841390,"path_taken":["M","M","M","M","M","R","?","R","T","R","M","?","E","M","R","BOSS"],"build_version":"2018-07-26","purchased_purges":0,"victory":false,"max_hp_per_floor":[75,75,75,75,75,75,75,75,75,75,75,80,80,80,80,80],"card_choices":[{"not_picked":["Conserve Battery","Redo"],"picked":"Go for the Eyes","floor":1},{"not_picked":["Turbo","Streamline","Fusion"],"picked":"SKIP","floor":2},{"not_picked":["Leap","Go for the Eyes"],"picked":"Hyperbeam","floor":3},{"not_picked":["Skim","Sweeping Beam"],"picked":"Leap","floor":4},{"not_picked":["Blizzard","Redo"],"picked":"Beam Cell","floor":5},{"not_picked":["Gash","Barrage"],"picked":"Cold Snap","floor":11},{"not_picked":["Meteor Strike","Barrage"],"picked":"Reinforced Body","floor":13},{"not_picked":["Gash","Barrage"],"picked":"Conserve Battery","floor":14}],"player_experience":669922,"relics_obtained":[{"floor":9,"key":"Dream Catcher"},{"floor":13,"key":"MawBank"}],"event_choices":[{"event_name":"Scrap Ooze","player_choice":"success","floor":7,"damage_taken":12},{"event_name":"Big Fish","player_choice":"Donut","floor":12,"damage_taken":0}],"is_beta":true,"boss_relics":[],"items_purged_floors":[],"is_endless":false,"potions_floor_spawned":[4,5,11],"killed_by":"Slime Boss","ascension_level":3}