{"gold_per_floor":[14,14,33,52,52,52,96,96,121,48,92,113,188,202,202,321,321,344,12,28,153,153,153,193,36,36,69,69,85,85,31,31,31],"floor_reached":33,"playtime":1368,"items_purged":[],"score":345,"play_id":"9b359c72-6e75-4f3d-bf5c-46a5a9bd55f2","local_time":"20190112163230","is_ascension_mode":true,"campfire_choices":[{"data":"Perfected Strike","floor":6,"key":"SMITH"},{"floor":15,"key":"REST"},{"data":"Fiend Fire","floor":23,"key":"SMITH"},{"data":"Feel No Pain","floor":30,"key":"SMITH"},{"data":"Corruption","floor":32,"key":"SMITH"}],"neow_cost":"NO_GOLD","seed_source_timestamp":250449156673621,"circlet_count":0,"master_deck":["Strike_R","Strike_R+1","Strike_R","Strike_R","Defend_R","Defend_R","Defend_R","Defend_R+1","Bash","Feel No Pain+1","Twin Strike","Perfected Strike+1","Shrug It Off","Fiend Fire+1","Impervious","Iron Wave","Clothesline","Feed","Wild Strike+1","Corruption+1","Pommel Strike","Power Through","Entrench+1","Shrug It Off","Double Tap","Normality","Dropkick+1","Ghostly","Ghostly","Ghostly","Ghostly","Ghostly","Entrench","Shrug It Off"],"relics":["Burning Blood","Charon\u0027s Ashes","Golden Idol","Art of War","Orichalcum","Centennial Puzzle","Question Card","Cursed Key","PreservedInsect","Calipers","Bottled Tornado","Pen Nib","Happy Flower","Boot","Dream Catcher"],"potions_floor_usage":[11,21,21],"damage_taken":[{"damage":15,"enemies":"Jaw Worm","floor":1,"turns":6},{"damage":3,"enemies":"2 Louse","floor":3,"turns":4},{"damage":1,"enemies":"Cultist","floor":4,"turns":3},{"damage":18,"enemies":"3 Sentries","floor":7,"turns":7},{"damage":11,"enemies":"Lagavulin","floor":11,"turns":5},{"damage":1,"enemies":"Red Slaver","floor":12,"turns":2},{"damage":8,"enemies":"Blue Slaver","floor":14,"turns":3},{"damage":48,"enemies":"Hexaghost","floor":16,"turns":13},{"damage":6,"enemies":"Chosen","floor":18,"turns":5},{"damage":6,"enemies":"Shell Parasite","floor":20,"turns":6},{"damage":5,"enemies":"Colosseum Slavers","floor":21,"turns":4},{"damage":17,"enemies":"Colosseum Nobs","floor":21,"turns":4},{"damage":7,"enemies":"Book of Stabbing","floor":24,"turns":4},{"damage":27,"enemies":"Slavers","floor":27,"turns":4},{"damage":3,"enemies":"Centurion and Healer","floor":29,"turns":3},{"damage":45,"enemies":"Champ","floor":33,"turns":9}],"seed_played":"-6796613711687269382","potions_obtained":[{"floor":1,"key":"SkillPotion"},{"floor":4,"key":"Fire Potion"},{"floor":11,"key":"SkillPotion"},{"floor":29,"key":"Ancient Potion"}],"is_trial":false,"path_per_floor":["M","?","M","M","?","R","E","?","T","$","E","M","T","M","R","B",null,"M","$","M","?","?","R","E","$","T","E","?","M","R","$","R","B"],"character_chosen":"IRONCLAD","items_purchased":["Fiend Fire","Corruption","PreservedInsect","Pommel Strike","Power Through","Happy Flower","Shrug It Off"],"campfire_rested":1,"item_purchase_floors":[10,19,19,19,19,25,31],"current_hp_per_floor":[71,71,74,74,59,59,47,40,40,40,35,40,40,38,60,18,74,74,74,77,66,66,66,65,65,65,47,40,43,43,43,43,0],"gold":31,"neow_bonus":"ONE_RARE_RELIC","is_prod":false,"is_daily":false,"chose_seed":false,"campfire_upgraded":4,"win_rate":0,"timestamp":1547328750,"path_taken":["M","?","M","M","?","R","E","?","T","?","E","?","?","M","R","BOSS","M","$","M","?","?","R","E","$","T","E","?","M","R","$","R","BOSS"],"build_version":"2019-01-10","purchased_purges":0,"victory":false,"max_hp_per_floor":[80,74,74,74,74,74,74,74,74,74,74,74,74,74,74,74,74,74,74,77,77,77,77,77,77,77,80,40,43,43,43,43,43],"card_choices":[{"not_picked":["Bloodletting","Flex"],"picked":"Feel No Pain","floor":1},{"not_picked":["Sword Boomerang","Wild Strike"],"picked":"Twin Strike","floor":3},{"not_picked":["Infernal Blade","True Grit"],"picked":"Perfected Strike","floor":4},{"not_picked":["Warcry","Flex"],"picked":"Shrug It Off","floor":7},{"not_picked":["Reckless Charge","Havoc"],"picked":"Impervious","floor":11},{"not_picked":["Heavy Blade","Entrench"],"picked":"Iron Wave","floor":12},{"not_picked":["Ghostly Armor","Thunderclap","Iron Wave"],"picked":"Clothesline","floor":14},{"not_picked":["Limit Break","Double Tap","Bludgeon"],"picked":"Feed","floor":16},{"not_picked":["Twin Strike","Power Through","Heavy Blade+1"],"picked":"Wild Strike+1","floor":18},{"not_picked":["Blood for Blood","Clothesline","Heavy Blade"],"picked":"Entrench+1","floor":20},{"not_picked":["Inflame","Body Slam","True Grit"],"picked":"Shrug It Off","floor":21},{"not_picked":["Berserk","Perfected Strike+1","Sword Boomerang"],"picked":"Double Tap","floor":24},{"not_picked":["Heavy Blade","Clash","Flex+1"],"picked":"Dropkick+1","floor":27},{"not_picked":["Wild Strike+1","Searing Blow","Iron Wave"],"picked":"Entrench","floor":29}],"player_experience":1248671,"relics_obtained":[{"floor":7,"key":"Art of War"},{"floor":9,"key":"Orichalcum"},{"floor":11,"key":"Centennial Puzzle"},{"floor":13,"key":"Question Card"},{"floor":21,"key":"Calipers"},{"floor":21,"key":"Bottled Tornado"},{"floor":24,"key":"Pen Nib"},{"floor":26,"key":"Boot"},{"floor":27,"key":"Dream Catcher"}],"event_choices":[{"damage_healed":0,"gold_gain":0,"player_choice":"Lose Max HP","damage_taken":0,"relics_obtained":["Golden Idol"],"max_hp_gain":0,"max_hp_loss":6,"event_name":"Golden Idol","floor":2,"gold_loss":0},{"damage_healed":0,"gold_gain":0,"player_choice":"Entered Light","damage_taken":15,"max_hp_gain":0,"max_hp_loss":0,"event_name":"Shining Light","floor":5,"gold_loss":0,"cards_upgraded":["Strike_R","Defend_R"]},{"cards_removed":["Strike_R"],"damage_healed":0,"gold_gain":0,"player_choice":"Card Removal","damage_taken":7,"max_hp_gain":0,"max_hp_loss":0,"event_name":"Golden Wing","floor":8,"gold_loss":0},{"damage_healed":0,"gold_gain":0,"player_choice":"Fight","damage_taken":0,"max_hp_gain":0,"max_hp_loss":0,"event_name":"Colosseum","floor":21,"gold_loss":0},{"damage_healed":0,"gold_gain":0,"player_choice":"Fought Nobs","damage_taken":0,"max_hp_gain":0,"max_hp_loss":0,"event_name":"Colosseum","floor":21,"gold_loss":0},{"damage_healed":0,"gold_gain":0,"player_choice":"Ignored","damage_taken":0,"max_hp_gain":0,"max_hp_loss":0,"event_name":"Vampires","floor":22,"gold_loss":0},{"damage_healed":0,"gold_gain":0,"player_choice":"Became a Ghost","damage_taken":0,"max_hp_gain":0,"max_hp_loss":40,"event_name":"Ghosts","floor":28,"gold_loss":0,"cards_obtained":["Ghostly","Ghostly","Ghostly","Ghostly","Ghostly"]}],"is_beta":true,"boss_relics":[{"not_picked":["Runic Cube","Calling Bell"],"picked":"Cursed Key"}],"items_purged_floors":[],"is_endless":false,"potions_floor_spawned":[1,4,11,21,29],"killed_by":"Champ","ascension_level":2}