{"gold_per_floor":[10,22,22,37,55,55,66,66,66,94,111,111,111,111,111,216,216,228,74,74,94,109,109,138,138,187,102,20,20,20,37,37,133,133,144,144,158,133,133,133,167,179,191,214,243,266,48,65,65,65],"floor_reached":51,"playtime":2547,"items_purged":[],"score":1063,"play_id":"d80265ba-051e-461b-9817-67e664656193","local_time":"20180905193400","is_ascension_mode":true,"campfire_choices":[{"data":"Defragment","floor":6,"key":"SMITH"},{"data":"Buffer","floor":8,"key":"SMITH"},{"floor":13,"key":"REST"},{"floor":15,"key":"DIG"},{"floor":23,"key":"DIG"},{"floor":25,"key":"DIG"},{"floor":32,"key":"DIG"},{"floor":40,"key":"DIG"},{"floor":42,"key":"REST"},{"floor":49,"key":"DIG"}],"neow_cost":"NO_GOLD","seed_source_timestamp":1582111401510814,"circlet_count":0,"master_deck":["Zap","Dualcast","Gash","Scrape","Ball Lightning","Defragment+1","Buffer+1","All For One","Auto Shields","Reboot","Sweeping Beam","BootSequence","Aggregate","Stack","Scrape","Go for the Eyes","Reinforced Body","Sunder+1","FTL","Gash","Capacitor+1","Self Repair+1","Gash","Buffer+1","Auto Shields+1","Scrape+1","Auto Shields+1","Redo","Tempest+1","Rainbow","Gash+1","Static Discharge+1","Consume","Double Energy","Cold Snap","Redo+1"],"relics":["Cracked Core","Meat on the Bone","Smiling Mask","Shovel","Ancient Tea Set","Pandora\u0027s Box","Happy Flower","MutagenicStrength","DataDisk","Juzu Bracelet","Bottled Tornado","Strawberry","Frozen Egg 2","Nunchaku","Sozu","FossilizedHelix","Ornamental Fan","MawBank","Gremlin Horn","Centennial Puzzle"],"potions_floor_usage":[7,10,22,24,33,33],"damage_taken":[{"damage":4,"enemies":"Jaw Worm","floor":1,"turns":5},{"damage":8,"enemies":"2 Louse","floor":2,"turns":4},{"damage":11,"enemies":"Small Slimes","floor":4,"turns":3},{"damage":8,"enemies":"Red Slaver","floor":5,"turns":3},{"damage":10,"enemies":"Gremlin Gang","floor":7,"turns":4},{"damage":25,"enemies":"Lagavulin","floor":10,"turns":4},{"damage":8,"enemies":"Blue Slaver","floor":11,"turns":3},{"damage":31,"enemies":"Slime Boss","floor":16,"turns":9},{"damage":14,"enemies":"3 Byrds","floor":18,"turns":5},{"damage":0,"enemies":"2 Thieves","floor":21,"turns":3},{"damage":6,"enemies":"Centurion and Healer","floor":22,"turns":5},{"damage":15,"enemies":"Book of Stabbing","floor":24,"turns":3},{"damage":0,"enemies":"Snecko","floor":31,"turns":4},{"damage":49,"enemies":"Automaton","floor":33,"turns":8},{"damage":1,"enemies":"3 Shapes","floor":35,"turns":4},{"damage":0,"enemies":"Mind Bloom Boss Battle","floor":36,"turns":7},{"damage":10,"enemies":"3 Darklings","floor":37,"turns":5},{"damage":83,"enemies":"2 Orb Walkers","floor":41,"turns":7},{"damage":0,"enemies":"Spire Growth","floor":44,"turns":5},{"damage":10,"enemies":"4 Shapes","floor":45,"turns":5},{"damage":0,"enemies":"Maw","floor":46,"turns":7},{"damage":0,"enemies":"Spire Growth","floor":48,"turns":5},{"damage":59,"enemies":"Donu and Deca","floor":50,"turns":8}],"seed_played":"850871665779031421","potions_obtained":[{"floor":1,"key":"Block Potion"},{"floor":2,"key":"EssenceOfSteel"},{"floor":5,"key":"FocusPotion"},{"floor":11,"key":"Strength Potion"},{"floor":18,"key":"SteroidPotion"},{"floor":22,"key":"FearPotion"},{"floor":24,"key":"Block Potion"}],"is_trial":false,"path_per_floor":["M","M","?","M","M","R","M","R","T","E","M","?","R","$","R","B",null,"M","$","?","M","M","R","E","R","T","?","$","?","$","M","R","B",null,"M","?","M","$","?","R","E","R","T","M","M","M","$","M","R","B"],"character_chosen":"DEFECT","items_purchased":["Happy Flower","Self Repair+1","Redo","Static Discharge+1","Consume","Double Energy","Cold Snap"],"campfire_rested":2,"item_purchase_floors":[19,28,38,47,47,47,47],"current_hp_per_floor":[78,70,70,59,51,51,41,41,41,28,32,29,55,55,55,36,76,62,62,62,62,56,56,53,53,60,60,60,60,60,60,60,33,80,89,96,86,86,86,86,15,43,43,65,65,75,75,75,75,28],"gold":65,"neow_bonus":"TWENTY_PERCENT_HP_BONUS","is_prod":false,"is_daily":false,"chose_seed":false,"campfire_upgraded":2,"win_rate":0,"timestamp":1536190440,"path_taken":["M","M","?","?","?","R","M","R","T","E","M","?","R","$","R","BOSS","M","$","?","M","?","R","E","R","T","?","$","?","?","M","R","BOSS","M","?","M","$","?","R","E","R","T","M","M","M","$","M","R","BOSS"],"build_version":"2018-09-04-v2","purchased_purges":0,"victory":true,"max_hp_per_floor":[89,89,89,89,89,89,89,89,89,89,89,89,89,89,89,89,89,89,89,89,89,89,89,89,89,96,96,96,96,96,96,96,96,96,96,96,96,96,96,96,96,96,96,96,96,96,96,96,96,96],"card_choices":[{"not_picked":["Reinforced Body","Force Field"],"picked":"Gash","floor":1},{"not_picked":["Cold Snap","Stack"],"picked":"Scrape","floor":2},{"not_picked":["Reprogram","Heatsinks"],"picked":"Ball Lightning","floor":4},{"not_picked":["Rebound","Melter"],"picked":"Defragment","floor":5},{"not_picked":["Rebound","Chill"],"picked":"Buffer","floor":7},{"not_picked":["Sweeping Beam","Go for the Eyes"],"picked":"All For One","floor":10},{"not_picked":["Coolheaded","Beam Cell"],"picked":"Auto Shields","floor":11},{"not_picked":["Multi-Cast","Amplify"],"picked":"Reboot","floor":16},{"not_picked":["FTL","Barrage+1"],"picked":"Sunder+1","floor":18},{"not_picked":["Auto Shields","Force Field"],"picked":"FTL","floor":21},{"not_picked":["Turbo+1","Melter+1"],"picked":"Gash","floor":22},{"not_picked":["Steam","Seek"],"picked":"Capacitor+1","floor":24},{"not_picked":["Turbo+1","Stack+1"],"picked":"Gash","floor":31},{"not_picked":["Multi-Cast","Hyperbeam"],"picked":"Buffer+1","floor":33},{"not_picked":["Force Field+1","Streamline+1"],"picked":"Auto Shields+1","floor":35},{"not_picked":["Compile Driver","Turbo+1"],"picked":"Scrape+1","floor":36},{"not_picked":["Hologram","Compile Driver"],"picked":"Auto Shields+1","floor":37},{"not_picked":["Compile Driver+1","Turbo"],"picked":"Tempest+1","floor":41},{"not_picked":["Rip and Tear","Recycle+1","Doom and Gloom"],"picked":"SKIP","floor":44},{"not_picked":["Fusion+1","Stack"],"picked":"Rainbow","floor":45},{"not_picked":["Storm+1","Beam Cell"],"picked":"Gash+1","floor":46},{"not_picked":["Rip and Tear+1","Recycle"],"picked":"Redo+1","floor":48}],"player_experience":850349,"relics_obtained":[{"floor":9,"key":"Meat on the Bone"},{"floor":10,"key":"Smiling Mask"},{"floor":15,"key":"Ancient Tea Set"},{"floor":23,"key":"DataDisk"},{"floor":24,"key":"Juzu Bracelet"},{"floor":25,"key":"Bottled Tornado"},{"floor":26,"key":"Strawberry"},{"floor":32,"key":"Nunchaku"},{"floor":36,"key":"FossilizedHelix"},{"floor":40,"key":"Ornamental Fan"},{"floor":41,"key":"MawBank"},{"floor":43,"key":"Gremlin Horn"},{"floor":49,"key":"Centennial Puzzle"}],"event_choices":[{"event_name":"The Cleric","player_choice":"Leave","floor":3,"damage_taken":0},{"event_name":"Scrap Ooze","player_choice":"success","floor":12,"damage_taken":3},{"event_name":"Drug Dealer","player_choice":"Inject Mutagens","floor":20,"damage_taken":0},{"event_name":"Addict","player_choice":"Obtained Relic","floor":27,"damage_taken":0},{"event_name":"Beggar","player_choice":"Ignored","floor":29,"damage_taken":0},{"event_name":"MindBloom","player_choice":"Fight","floor":36,"damage_taken":0},{"event_name":"Falling","player_choice":"Removed Attack","floor":39,"damage_taken":0}],"is_beta":true,"boss_relics":[{"not_picked":["Orrery","Black Star"],"picked":"Pandora\u0027s Box"},{"not_picked":["Philosopher\u0027s Stone","Lizard Tail"],"picked":"Sozu"}],"items_purged_floors":[],"is_endless":false,"potions_floor_spawned":[1,2,5,11,18,22,24,35,41,45],"ascension_level":9}