{"gold_per_floor":[213,229,229,241,253,263,263,295,365,394,394,404,419,445,445,540,540,540,540,540,40,40,40,40,0,0,0,0,0,0,0,0,0,0,0,0,0,0,0,0,0,0,0,0,0,0,0,0,0,0],"floor_reached":50,"playtime":3233,"items_purged":[],"score":697,"play_id":"8b0ff4e7-769b-4390-9e40-9e4b354056f9","local_time":"20190105223715","is_ascension_mode":true,"campfire_choices":[{"data":"Neutralize","floor":7,"key":"SMITH"},{"floor":11,"key":"REST"},{"data":"Footwork","floor":15,"key":"SMITH"},{"data":"Footwork","floor":23,"key":"SMITH"},{"data":"Wraith Form v2","floor":28,"key":"SMITH"},{"floor":30,"key":"REST"},{"floor":32,"key":"REST"},{"floor":40,"key":"REST"},{"data":"Bullet Time","floor":42,"key":"SMITH"},{"floor":49,"key":"REST"}],"neow_cost":"NONE","seed_source_timestamp":438553593591055,"circlet_count":0,"master_deck":["Defend_G+1","Defend_G","Defend_G","Defend_G","Defend_G","Strike_G","Strike_G","Strike_G","Strike_G","Strike_G","Survivor","Neutralize+1","Quick Slash","Skewer+1","Blur","Dodge and Roll","Wraith Form v2+1","Cloak And Dagger+1","Blade Dance","Footwork+1","Dagger Spray","Blur","Bullet Time+1","Backflip","Footwork+1","Venomology","Acrobatics+1","PiercingWail","PiercingWail","Night Terror","Blade Dance+1","Catalyst","Phantasmal Killer","Backflip+1","PiercingWail","Noxious Fumes","Night Terror"],"relics":["Ring of the Snake","Vajra","Bottled Tornado","Tough Bandages","Happy Flower","Ectoplasm","MutagenicStrength","FossilizedHelix","Pen Nib","NlothsMask","The Courier","War Paint","Busted Crown","Molten Egg 2","Regal Pillow","Ginger"],"potions_floor_usage":[6,14,19,29,29,31,33,35,39,41,41,44,50,50,50,50],"damage_taken":[{"damage":0,"enemies":"2 Louse","floor":1,"turns":2},{"damage":1,"enemies":"Cultist","floor":2,"turns":4},{"damage":1,"enemies":"Jaw Worm","floor":4,"turns":4},{"damage":4,"enemies":"3 Louse","floor":5,"turns":6},{"damage":10,"enemies":"Lots of Slimes","floor":6,"turns":6},{"damage":10,"enemies":"Gremlin Nob","floor":8,"turns":5},{"damage":8,"enemies":"3 Sentries","floor":10,"turns":9},{"damage":1,"enemies":"Looter","floor":12,"turns":4},{"damage":0,"enemies":"Red Slaver","floor":13,"turns":5},{"damage":9,"enemies":"Gremlin Nob","floor":14,"turns":5},{"damage":39,"enemies":"The Guardian","floor":16,"turns":17},{"damage":7,"enemies":"3 Byrds","floor":18,"turns":7},{"damage":7,"enemies":"Colosseum Slavers","floor":19,"turns":7},{"damage":6,"enemies":"Gremlin Leader","floor":24,"turns":5},{"damage":8,"enemies":"2 Thieves","floor":25,"turns":4},{"damage":0,"enemies":"Shelled Parasite and Fungi","floor":27,"turns":5},{"damage":8,"enemies":"Cultist and Chosen","floor":29,"turns":9},{"damage":17,"enemies":"Book of Stabbing","floor":31,"turns":7},{"damage":16,"enemies":"Collector","floor":33,"turns":23},{"damage":12,"enemies":"3 Darklings","floor":35,"turns":8},{"damage":0,"enemies":"Orb Walker","floor":36,"turns":2},{"damage":11,"enemies":"Jaw Worm Horde","floor":39,"turns":6},{"damage":19,"enemies":"Nemesis","floor":41,"turns":19},{"damage":25,"enemies":"Reptomancer","floor":44,"turns":11},{"damage":7,"enemies":"4 Shapes","floor":45,"turns":8},{"damage":57,"enemies":"Awakened One","floor":50,"turns":20}],"seed_played":"-4009593576830168463","potions_obtained":[{"floor":2,"key":"Fire Potion"},{"floor":5,"key":"GhostInAJar"},{"floor":12,"key":"SpeedPotion"},{"floor":13,"key":"GhostInAJar"},{"floor":14,"key":"SteroidPotion"},{"floor":24,"key":"GhostInAJar"},{"floor":29,"key":"Energy Potion"},{"floor":31,"key":"Weak Potion"},{"floor":33,"key":"GhostInAJar"},{"floor":36,"key":"Dexterity Potion"},{"floor":39,"key":"SteroidPotion"}],"is_trial":false,"path_per_floor":["M","M","?","M","M","M","R","E","T","E","R","M","M","E","R","B",null,"M","?","?","$","?","R","E","M","T","M","R","M","R","E","R","B",null,"M","M","$","?","M","R","E","R","T","E","M","?","?","?","R","B"],"character_chosen":"THE_SILENT","items_purchased":["Footwork","FossilizedHelix","Pen Nib"],"campfire_rested":5,"item_purchase_floors":[21,21,21],"current_hp_per_floor":[70,69,69,68,64,54,54,44,44,36,57,56,56,47,47,8,70,63,56,56,56,56,56,50,42,42,42,42,34,55,38,59,43,70,58,58,58,58,47,68,49,49,49,24,17,17,17,17,51,0],"gold":0,"neow_bonus":"HUNDRED_GOLD","is_prod":false,"is_daily":false,"chose_seed":false,"campfire_upgraded":5,"win_rate":0,"timestamp":1546745835,"path_taken":["M","M","?","?","M","M","R","E","T","E","R","M","?","E","R","BOSS","M","?","?","$","?","R","E","M","T","M","R","M","R","E","R","BOSS","M","?","$","?","M","R","E","R","T","E","?","?","?","?","R","BOSS"],"build_version":"2019-01-03v4","purchased_purges":0,"victory":false,"max_hp_per_floor":[70,70,70,70,70,70,70,70,70,70,70,70,70,70,70,70,70,70,70,70,70,70,70,70,70,70,70,70,70,70,70,70,70,70,70,70,70,70,70,70,70,70,70,70,70,66,66,66,66,66],"card_choices":[{"not_picked":["Prepared","Bane"],"picked":"Quick Slash","floor":1},{"not_picked":["Sucker Punch","Riddle With Holes"],"picked":"Skewer","floor":2},{"not_picked":["Flying Knee","Reflex"],"picked":"Blur","floor":4},{"not_picked":["Expertise","Eviscerate"],"picked":"Dodge and Roll","floor":5},{"not_picked":["Acrobatics","Flying Knee"],"picked":"Wraith Form v2","floor":6},{"not_picked":["Underhanded Strike","Calculated Gamble"],"picked":"Cloak And Dagger","floor":8},{"not_picked":["Outmaneuver","Slice"],"picked":"Blade Dance","floor":10},{"not_picked":["Leg Sweep","Bouncing Flask"],"picked":"Footwork","floor":12},{"not_picked":["Distraction","Eviscerate"],"picked":"Dagger Spray","floor":13},{"not_picked":["Sucker Punch","Deflect"],"picked":"Blur","floor":14},{"not_picked":["Grand Finale","Storm of Steel"],"picked":"Bullet Time","floor":16},{"not_picked":["Outmaneuver","Flying Knee"],"picked":"Backflip","floor":18},{"not_picked":["Outmaneuver","PiercingWail"],"picked":"Venomology","floor":24},{"not_picked":["Dodge and Roll","Deadly Poison+1"],"picked":"Acrobatics+1","floor":25},{"not_picked":["Quick Slash","Skewer"],"picked":"PiercingWail","floor":27},{"not_picked":["Distraction","Masterful Stab"],"picked":"PiercingWail","floor":29},{"not_picked":["Dagger Throw","Quick Slash","Prepared"],"picked":"SKIP","floor":31},{"not_picked":["Wraith Form v2","Storm of Steel"],"picked":"Night Terror","floor":33},{"not_picked":[],"picked":"Blade Dance+1","floor":35},{"not_picked":["Concentrate"],"picked":"SKIP","floor":36},{"not_picked":[],"picked":"Backflip+1","floor":39},{"not_picked":["Setup"],"picked":"SKIP","floor":41},{"not_picked":[],"picked":"PiercingWail","floor":44},{"not_picked":[],"picked":"Noxious Fumes","floor":45}],"player_experience":1190891,"relics_obtained":[{"floor":8,"key":"Vajra"},{"floor":9,"key":"Bottled Tornado"},{"floor":10,"key":"Tough Bandages"},{"floor":14,"key":"Happy Flower"},{"floor":24,"key":"The Courier"},{"floor":31,"key":"War Paint"},{"floor":41,"key":"Molten Egg 2"},{"floor":43,"key":"Regal Pillow"},{"floor":44,"key":"Ginger"}],"event_choices":[{"damage_healed":0,"gold_gain":0,"player_choice":"Upgraded","damage_taken":0,"max_hp_gain":0,"max_hp_loss":0,"event_name":"Upgrade Shrine","floor":3,"gold_loss":0,"cards_upgraded":["Skewer"]},{"damage_healed":0,"gold_gain":0,"player_choice":"Fight","damage_taken":0,"max_hp_gain":0,"max_hp_loss":0,"event_name":"Colosseum","floor":19,"gold_loss":0},{"damage_healed":0,"gold_gain":0,"player_choice":"Fled From Nobs","damage_taken":0,"max_hp_gain":0,"max_hp_loss":0,"event_name":"Colosseum","floor":19,"gold_loss":0},{"damage_healed":0,"gold_gain":0,"player_choice":"Inject Mutagens","damage_taken":0,"relics_obtained":["MutagenicStrength"],"max_hp_gain":0,"max_hp_loss":0,"event_name":"Drug Dealer","floor":20,"gold_loss":0},{"damage_healed":0,"gold_gain":0,"player_choice":"Trade","damage_taken":0,"relics_obtained":["NlothsMask"],"max_hp_gain":0,"max_hp_loss":0,"event_name":"FaceTrader","floor":22,"gold_loss":0},{"damage_healed":0,"gold_gain":0,"player_choice":"2 cards matched","damage_taken":0,"max_hp_gain":0,"max_hp_loss":0,"event_name":"Match and Keep!","floor":38,"gold_loss":0,"cards_obtained":["Catalyst","Phantasmal Killer"]},{"damage_healed":0,"gold_gain":0,"player_choice":"Max HP","damage_taken":0,"max_hp_gain":0,"max_hp_loss":4,"event_name":"Winding Halls","floor":46,"gold_loss":0},{"damage_healed":0,"gold_gain":0,"player_choice":"Ignored","damage_taken":0,"max_hp_gain":0,"max_hp_loss":0,"event_name":"Mysterious Sphere","floor":47,"gold_loss":0},{"damage_healed":0,"gold_gain":0,"player_choice":"Copied","damage_taken":0,"max_hp_gain":0,"max_hp_loss":0,"event_name":"Duplicator","floor":48,"gold_loss":0,"cards_obtained":["Night Terror"]}],"is_beta":true,"boss_relics":[{"not_picked":["Eternal Feather","Snecko Eye"],"picked":"Ectoplasm"},{"not_picked":["WristBlade","White Beast Statue"],"picked":"Busted Crown"}],"items_purged_floors":[],"is_endless":false,"potions_floor_spawned":[2,5,12,13,14,16,24,25,29,31,33,36,39],"killed_by":"Awakened One","ascension_level":4}