{"path_per_floor":["M","M","M","M","?","E","R","M","T","R","E","R","$","M","R","B",null,"M","?","M","?"],"character_chosen":"THE_SILENT","items_purchased":["Adrenaline"],"gold_per_floor":[110,129,139,152,152,183,183,200,200,200,232,232,73,87,87,182,182,192,192,205,205,205],"floor_reached":22,"campfire_rested":3,"playtime":1090,"current_hp_per_floor":[69,58,55,51,51,37,58,43,43,64,34,55,55,55,55,36,62,44,28,6,6,0],"items_purged":[],"gold":205,"score":245,"play_id":"ee01eac5-9e12-4e2f-ae09-1b8ee5fd40d4","local_time":"20180323215029","is_prod":false,"is_daily":false,"is_ascension_mode":true,"campfire_upgraded":1,"timestamp":1521856229,"path_taken":["M","M","M","M","?","E","R","M","T","R","E","R","$","M","R","BOSS","M","?","M","?","?"],"build_version":"2018-03-22v2","purchased_purges":0,"victory":false,"master_deck":["Defend_G+1","Defend_G+1","Defend_G+1","Defend_G+1","Strike_G+1","Strike_G+1","Strike_G+1","Survivor","Neutralize+1","All Out Attack","Cloak And Dagger+1","Poisoned Stab","Riddle With Holes","Blade Dance","Cloak And Dagger","Dodge and Roll+1","Adrenaline+1","Sucker Punch","Bullet Time+1","Blade Dance+1","Skewer+1","Skewer+1","Noxious Fumes","Concentrate+1"],"max_hp_per_floor":[70,70,70,70,70,70,70,70,70,70,70,70,70,70,70,70,70,70,70,70,70,70],"relics":["Runic Pyramid","Lantern","Ice Cream","Toxic Egg 2","Astrolabe"],"card_choices":[{"not_picked":["Slice","Sucker Punch"],"picked":"All Out Attack","floor":1},{"not_picked":["Dagger Spray","Well Laid Plans"],"picked":"Cloak And Dagger","floor":2},{"not_picked":["Outmaneuver","Deflect"],"picked":"Poisoned Stab","floor":3},{"not_picked":["Acrobatics","PiercingWail"],"picked":"Riddle With Holes","floor":4},{"not_picked":["Skewer","Prepared"],"picked":"Blade Dance","floor":6},{"not_picked":["Grand Finale","PiercingWail"],"picked":"Cloak And Dagger","floor":8},{"not_picked":["Poisoned Stab","Eviscerate"],"picked":"Dodge and Roll","floor":11},{"not_picked":["Deadly Poison","Poisoned Stab"],"picked":"Sucker Punch","floor":14},{"not_picked":["Tactician","Burst"],"picked":"Bullet Time","floor":16},{"not_picked":["Cloak And Dagger","Masterful Stab"],"picked":"Noxious Fumes","floor":18},{"not_picked":["Well Laid Plans","Flechettes"],"picked":"Concentrate","floor":20}],"player_experience":654988,"potions_floor_usage":[6,8,16,16,20,22],"damage_taken":[{"damage":1,"enemies":"2 Louse","floor":1,"turns":4},{"damage":11,"enemies":"Jaw Worm","floor":2,"turns":4},{"damage":3,"enemies":"Small Slimes","floor":3,"turns":3},{"damage":4,"enemies":"Red Slaver","floor":4,"turns":5},{"damage":14,"enemies":"Gremlin Nob","floor":6,"turns":5},{"damage":15,"enemies":"Exordium Thugs","floor":8,"turns":5},{"damage":30,"enemies":"Lagavulin","floor":11,"turns":8},{"damage":0,"enemies":"Looter","floor":14,"turns":3},{"damage":19,"enemies":"Slime Boss","floor":16,"turns":9},{"damage":18,"enemies":"Shell Parasite","floor":18,"turns":4},{"damage":22,"enemies":"2 Thieves","floor":20,"turns":3},{"damage":13,"enemies":"Chosen and Byrds","floor":22,"turns":5}],"event_choices":[{"event_name":"Living Wall","player_choice":"Grow","floor":5,"damage_taken":0},{"event_name":"Knowing Skull","player_choice":"POTION ","floor":19,"damage_taken":0},{"event_name":"Back to Basics","player_choice":"Simplicity","floor":21,"damage_taken":0}],"boss_relics":[{"not_picked":["Lizard Tail","White Beast Statue"],"picked":"Astrolabe"}],"potions_floor_spawned":[1,4,8,14,16],"seed_played":"-5515205302820973349","killed_by":"Chosen and Byrds","ascension_level":5,"is_trial":false}