{"path_per_floor":["M","M","M","M","?","E","R","E","T","R","M","M","M","M","R","B",null,"M","M","$","?","?","R","M","?","T","R","M","R","T","M","R","B",null,"M","M","?","?","?","R"],"character_chosen":"IRONCLAD","items_purchased":["Shuriken","Feel No Pain"],"gold_per_floor":[113,133,151,163,163,191,191,221,221,221,237,253,268,286,286,381,381,400,414,5,5,5,5,19,19,97,97,107,107,131,151,151,248,248,263,275,275,275,275,275,275],"floor_reached":41,"campfire_rested":5,"playtime":1431,"current_hp_per_floor":[80,80,79,68,68,55,55,45,45,45,49,51,44,35,59,20,80,39,14,14,14,14,38,18,18,18,30,15,27,27,31,31,7,40,21,26,26,26,26,38,0],"items_purged":["Strike_R"],"gold":275,"score":456,"play_id":"23490735-6258-4650-afea-21989c357ddf","local_time":"20180331160333","is_prod":false,"is_daily":false,"is_ascension_mode":false,"campfire_upgraded":3,"timestamp":1522526613,"path_taken":["M","M","M","M","?","E","R","E","T","R","M","M","M","M","R","BOSS","M","M","$","?","?","R","M","?","T","R","?","R","?","M","R","BOSS","M","M","?","?","?","R","E"],"build_version":"2018-03-29","purchased_purges":1,"victory":false,"master_deck":["Strike_R+1","Strike_R+1","Strike_R+1","Strike_R+1","Defend_R+1","Defend_R+1","Defend_R+1","Defend_R+1","Bash","Impervious","Armaments+1","Thunderclap","Hemokinesis+1","Metallicize","Pommel Strike","Demon Form+1","Sword Boomerang","Entrench","Rupture","Limit Break+1","Inflame","Battle Trance+1","Feel No Pain","Shrug It Off","Ghostly","Ghostly","Ghostly","Ghostly","Ghostly","Anger","Power Through","Feed","True Grit","Evolve","Swift Strike"],"max_hp_per_floor":[80,80,80,80,80,80,80,80,80,80,80,80,80,80,80,80,80,80,80,80,80,80,80,80,40,40,40,40,40,40,40,40,40,40,40,43,43,43,43,43,43],"relics":["Burning Blood","Art of War","Du-Vu Doll","Ancient Tea Set","Mark of Pain","Shuriken","Smiling Mask","Pen Nib","Runic Dome"],"card_choices":[{"not_picked":["Infernal Blade","Perfected Strike"],"picked":"Armaments","floor":1},{"not_picked":["Iron Wave","Dropkick"],"picked":"Thunderclap","floor":2},{"not_picked":["Clothesline","Havoc"],"picked":"Hemokinesis","floor":3},{"not_picked":["Wild Strike","Pummel"],"picked":"Metallicize","floor":4},{"not_picked":["Havoc","Perfected Strike"],"picked":"Pommel Strike","floor":6},{"not_picked":["Blood for Blood","Uppercut"],"picked":"Demon Form","floor":8},{"not_picked":["Armaments","Twin Strike"],"picked":"Sword Boomerang","floor":11},{"not_picked":["Inflame","Pommel Strike"],"picked":"Entrench","floor":12},{"not_picked":["Havoc","Reckless Charge"],"picked":"Hemokinesis","floor":13},{"not_picked":["Evolve","Thunderclap"],"picked":"Rupture","floor":14},{"not_picked":["Double Tap","Juggernaut"],"picked":"Limit Break","floor":16},{"not_picked":["Flex","Clothesline"],"picked":"Inflame","floor":18},{"not_picked":["Havoc","Dropkick"],"picked":"Battle Trance","floor":19},{"not_picked":["Wild Strike","Warcry"],"picked":"Shrug It Off","floor":24},{"not_picked":["Combust","Blood for Blood"],"picked":"Anger","floor":28},{"not_picked":["Clothesline","Armaments"],"picked":"Power Through","floor":31},{"not_picked":["Berserk","Double Tap"],"picked":"Feed","floor":33},{"not_picked":["Pommel Strike","Anger"],"picked":"True Grit","floor":35},{"not_picked":["Seeing Red","Dropkick"],"picked":"Evolve","floor":36},{"not_picked":["Apotheosis","Deep Breath"],"picked":"Swift Strike","floor":37}],"player_experience":34248,"potions_floor_usage":[8,8,13,31],"damage_taken":[{"damage":3,"enemies":"Small Slimes","floor":1,"turns":4},{"damage":2,"enemies":"Cultist","floor":2,"turns":4},{"damage":7,"enemies":"2 Louse","floor":3,"turns":3},{"damage":17,"enemies":"Blue Slaver","floor":4,"turns":3},{"damage":19,"enemies":"Lagavulin","floor":6,"turns":6},{"damage":16,"enemies":"Gremlin Nob","floor":8,"turns":3},{"damage":2,"enemies":"Looter","floor":11,"turns":2},{"damage":4,"enemies":"3 Louse","floor":12,"turns":2},{"damage":13,"enemies":"Large Slime","floor":13,"turns":4},{"damage":15,"enemies":"2 Fungi Beasts","floor":14,"turns":3},{"damage":45,"enemies":"The Guardian","floor":16,"turns":8},{"damage":47,"enemies":"2 Thieves","floor":18,"turns":4},{"damage":31,"enemies":"Shell Parasite","floor":19,"turns":6},{"damage":26,"enemies":"3 Cultists","floor":24,"turns":7},{"damage":21,"enemies":"Slaver and Parasite","floor":28,"turns":6},{"damage":2,"enemies":"Cultist and Chosen","floor":31,"turns":7},{"damage":30,"enemies":"Collector","floor":33,"turns":7},{"damage":25,"enemies":"Flame Bruiser 1 Orb","floor":35,"turns":5},{"damage":4,"enemies":"3 Shapes","floor":36,"turns":5},{"damage":38,"enemies":"Giant Head","floor":41,"turns":9}],"event_choices":[{"event_name":"Upgrade Shrine","player_choice":"Upgraded","floor":5,"damage_taken":0},{"event_name":"Beggar","player_choice":"Ignored","floor":21,"damage_taken":0},{"event_name":"Back to Basics","player_choice":"Simplicity","floor":22,"damage_taken":0},{"event_name":"Ghosts","player_choice":"Became a Ghost","floor":25,"damage_taken":0},{"event_name":"SensoryStone","player_choice":"Memory 1","floor":37,"damage_taken":0},{"event_name":"Tomb of Lord Red Mask","player_choice":"Ignored","floor":38,"damage_taken":0}],"boss_relics":[{"not_picked":["Eternal Feather","White Beast Statue"],"picked":"Mark of Pain"},{"not_picked":["Orrery","Tiny House"],"picked":"Runic Dome"}],"potions_floor_spawned":[1,3,4,6,12,18,31,33],"seed_played":"7050621085720338047","killed_by":"Giant Head","ascension_level":0,"is_trial":false}