{"path_per_floor":["M","M","?","M","$","R","E","R","T","M","M","M","?","$","R","B",null,"M","M","?","M","?","E","M","R","T","E","M","?","$","M","R","B",null,"M","$","?","M","M","R","M","R","T","E","?"],"character_chosen":"THE_SILENT","items_purchased":["Infinite Blades","Escape Plan","Noxious Fumes","Riddle With Holes","Lantern","Backflip","Noxious Fumes"],"gold_per_floor":[214,233,233,246,167,167,197,197,197,216,229,248,248,0,0,101,101,118,132,47,57,57,86,100,100,125,157,167,167,17,34,34,139,139,158,53,53,64,75,75,90,90,90,124,124,124],"floor_reached":46,"campfire_rested":3,"playtime":2507,"current_hp_per_floor":[67,64,64,64,64,64,59,59,59,55,55,55,30,30,51,20,70,67,65,65,64,70,81,55,55,55,23,22,22,22,15,58,13,94,89,89,77,61,32,76,76,76,76,32,32,0],"items_purged":["Strike_G"],"gold":124,"score":542,"play_id":"cf454962-d5b8-4b62-901b-a3327ea8c66e","local_time":"20180324042243","is_prod":false,"is_daily":false,"is_ascension_mode":false,"campfire_upgraded":4,"timestamp":1521879763,"path_taken":["M","M","?","?","$","R","E","R","T","M","M","M","?","$","R","BOSS","M","?","?","M","?","E","M","R","T","E","M","?","$","M","R","BOSS","M","$","?","?","M","R","M","R","T","E","?","?"],"build_version":"2018-03-22v2","purchased_purges":1,"victory":false,"master_deck":["Defend_G","Defend_G","Defend_G","Defend_G","Strike_G","Strike_G","Strike_G","Survivor","Neutralize","Cloak And Dagger","Cloak And Dagger","Noxious Fumes+1","PiercingWail","Infinite Blades","Tools of the Trade+1","Cloak And Dagger","Malaise","Escape Plan","Noxious Fumes","Riddle With Holes","Envenom+1","Escape Plan","Leg Sweep","Catalyst","Writhe","Blade Dance+1","After Image+1","Flying Knee","Backflip","Noxious Fumes","Madness","Madness","Catalyst","Caltrops+1"],"max_hp_per_floor":[70,70,70,70,70,70,70,70,70,70,70,70,70,70,70,70,70,70,70,70,70,76,88,90,90,90,92,92,92,92,94,94,94,94,94,94,94,96,98,98,98,98,98,98,98,98],"relics":["Ring of the Snake","Mercury Hourglass","Sundial","Darkstone Periapt","Black Star","Vajra","Singing Bowl","Letter Opener","Pear","Bag of Marbles","Regal Pillow","Snake Skull","Lantern","The Specimen","Torii","Pen Nib","Oddly Smooth Stone"],"card_choices":[{"not_picked":["Flying Knee","Well Laid Plans"],"picked":"Cloak And Dagger","floor":1},{"not_picked":["Venomology","Backflip"],"picked":"Cloak And Dagger","floor":2},{"not_picked":["Dodge and Roll","Underhanded Strike"],"picked":"PiercingWail","floor":4},{"not_picked":["Terror","Crippling Poison"],"picked":"Tools of the Trade","floor":7},{"not_picked":["Bane","Sucker Punch"],"picked":"Cloak And Dagger","floor":10},{"not_picked":["Dagger Spray","Quick Slash"],"picked":"Malaise","floor":12},{"not_picked":["Unload","Night Terror"],"picked":"Envenom","floor":16},{"not_picked":["Prepared","Quick Slash"],"picked":"Escape Plan","floor":18},{"not_picked":["Dodge and Roll","Cloak And Dagger"],"picked":"Leg Sweep","floor":19},{"not_picked":["Backflip","Dash"],"picked":"Catalyst","floor":21},{"not_picked":["Acrobatics","Infinite Blades"],"picked":"Blade Dance","floor":28},{"not_picked":["Unload","Venomology"],"picked":"After Image","floor":33},{"not_picked":["Slice","Dodge and Roll"],"picked":"Flying Knee","floor":35},{"not_picked":["Poisoned Stab","Dagger Spray"],"picked":"Catalyst","floor":41},{"not_picked":["Dagger Throw","Storm of Steel"],"picked":"Caltrops","floor":44}],"player_experience":673848,"potions_floor_usage":[12,16,16,21,23,28,33,41,44,46],"damage_taken":[{"damage":3,"enemies":"Small Slimes","floor":1,"turns":4},{"damage":3,"enemies":"Cultist","floor":2,"turns":4},{"damage":0,"enemies":"Jaw Worm","floor":4,"turns":5},{"damage":5,"enemies":"3 Sentries","floor":7,"turns":7},{"damage":4,"enemies":"Gremlin Gang","floor":10,"turns":4},{"damage":0,"enemies":"3 Louse","floor":11,"turns":3},{"damage":0,"enemies":"Exordium Wildlife","floor":12,"turns":2},{"damage":31,"enemies":"The Guardian","floor":16,"turns":9},{"damage":3,"enemies":"Shell Parasite","floor":18,"turns":9},{"damage":2,"enemies":"3 Byrds","floor":19,"turns":4},{"damage":16,"enemies":"Slaver and Parasite","floor":21,"turns":9},{"damage":16,"enemies":"Book of Stabbing","floor":23,"turns":8},{"damage":28,"enemies":"Cultist and Chosen","floor":24,"turns":6},{"damage":34,"enemies":"Slavers","floor":27,"turns":5},{"damage":1,"enemies":"Snecko","floor":28,"turns":5},{"damage":9,"enemies":"Centurion and Healer","floor":31,"turns":5},{"damage":45,"enemies":"Automaton","floor":33,"turns":9},{"damage":5,"enemies":"3 Shapes","floor":35,"turns":4},{"damage":18,"enemies":"3 Darklings","floor":38,"turns":5},{"damage":31,"enemies":"Sphere and 2 Shapes","floor":39,"turns":5},{"damage":0,"enemies":"4 Shapes","floor":41,"turns":5},{"damage":44,"enemies":"2 Orb Walkers","floor":44,"turns":4},{"damage":37,"enemies":"Mysterious Sphere","floor":46,"turns":3}],"event_choices":[{"event_name":"Transmorgrifier","player_choice":"Transform","floor":3,"damage_taken":0},{"event_name":"Scrap Ooze","player_choice":"success","floor":13,"damage_taken":25},{"event_name":"Addict","player_choice":"Obtained Relic","floor":20,"damage_taken":0},{"event_name":"The Mausoleum","player_choice":"Yes","floor":22,"damage_taken":0},{"event_name":"Drug Dealer","player_choice":"Ignored","floor":29,"damage_taken":0},{"event_name":"Winding Halls","player_choice":"Embrace Madness","floor":37,"damage_taken":0},{"event_name":"Mysterious Sphere","player_choice":"Fight","floor":46,"damage_taken":0}],"boss_relics":[{"not_picked":["Velvet Choker","Philosopher\u0027s Stone"],"picked":"Black Star"},{"not_picked":["Runic Pyramid","Calling Bell"],"picked":"The Specimen"}],"potions_floor_spawned":[4,7,11,12,18,27,31,39,41,44],"seed_played":"7396273289426104048","killed_by":"Mysterious Sphere","ascension_level":0,"is_trial":false}