{"path_per_floor":["M","M","?","?","M","E","R","$","T","M","R","E","?","M","R","B",null,"M","?","?","$","$","E","M","M","T","E","R","M","R","E","R","B",null,"M","?","M","?","?","R","E","R","T","E","R","?","E","M","R","B"],"character_chosen":"THE_SILENT","items_purchased":["Blur"],"gold_per_floor":[115,134,134,209,222,247,247,172,224,242,242,270,270,288,288,393,393,393,393,393,293,95,95,95,95,95,95,95,95,95,95,95,95,95,95,95,95,95,95,95,95,95,95,95,95,0,0,0,0,0],"floor_reached":51,"campfire_rested":3,"playtime":7358,"current_hp_per_floor":[62,62,49,38,47,41,41,41,41,41,41,35,50,45,45,38,63,63,47,54,54,54,40,36,31,31,33,33,43,43,43,63,53,67,67,59,34,34,34,54,42,42,42,39,62,62,53,53,53,47],"items_purged":["Strike_G","Strike_G","Parasite"],"gold":0,"score":655,"play_id":"2da332e4-982b-4365-88f6-a046627b39ce","is_prod":false,"is_daily":false,"is_ascension_mode":true,"campfire_upgraded":6,"path_taken":["M","M","?","?","M","E","R","$","T","?","R","E","?","?","R","BOSS","M","?","?","?","$","E","?","M","T","E","R","M","R","E","R","BOSS","M","?","?","?","?","R","E","R","T","E","R","?","E","M","R","BOSS"],"build_version":"2018-02-22-PROD2","purchased_purges":3,"victory":true,"master_deck":["Defend_G","Defend_G","Defend_G","Defend_G","Strike_G+1","Strike_G+1","Survivor","Neutralize+1","Backflip+1","All Out Attack+1","Escape Plan","Footwork+1","Calculated Gamble+1","Terror","Sucker Punch+1","Blur","Well Laid Plans+1","Glass Knife","Reflex+1","Caltrops","Madness","Madness","Eviscerate+1","Injury","Acrobatics+1","Slice+1","Acrobatics+1","Skewer+1"],"max_hp_per_floor":[63,63,63,63,63,63,63,63,63,63,63,63,63,63,63,63,63,63,63,70,70,67,67,67,67,67,67,67,67,67,67,67,67,67,67,67,67,67,67,67,77,77,77,77,77,77,77,77,77,77],"relics":["Ring of the Snake","Meat on the Bone","Whetstone","Vajra","Ectoplasm","Enchiridion","Strawberry","Oddly Smooth Stone","Art of War","Girya","Gremlin Horn","Sozu","Pear","Toxic Egg 2","Bag of Marbles","Red Mask","Kunai"],"card_choices":[{"not_picked":["Dodge and Roll","Underhanded Strike"],"picked":"Backflip"},{"not_picked":["Phantasmal Killer","PiercingWail"],"picked":"All Out Attack"},{"not_picked":["Acrobatics","Poisoned Stab"],"picked":"Escape Plan"},{"not_picked":["Prepared","Dodge and Roll"],"picked":"Footwork"},{"not_picked":["Dodge and Roll","Setup"],"picked":"Calculated Gamble"},{"not_picked":["Deadly Poison","Dagger Throw"],"picked":"Terror"},{"not_picked":["Doppelganger","Tactician"],"picked":"Tools of the Trade"},{"not_picked":["Poisoned Stab","Deflect"],"picked":"Sucker Punch"},{"not_picked":["Prepared","Accuracy"],"picked":"Well Laid Plans"},{"not_picked":["Sucker Punch","Eviscerate"],"picked":"Glass Knife"},{"not_picked":["Prepared","Expertise"],"picked":"Reflex"},{"not_picked":["Eviscerate","Blur"],"picked":"Caltrops"},{"not_picked":["PiercingWail","Finisher"],"picked":"Eviscerate"},{"not_picked":["Backstab","Infinite Blades"],"picked":"Acrobatics"},{"not_picked":["Dagger Throw","Deflect"],"picked":"Slice"},{"not_picked":["Malaise","Choke"],"picked":"Acrobatics"},{"not_picked":["Prepared","Dagger Spray"],"picked":"Skewer"}],"player_experience":289462,"potions_floor_usage":[5,6,18,25,35,41],"damage_taken":[{"damage":1,"enemies":"Jaw Worm","floor":1,"turns":6},{"damage":0,"enemies":"2 Louse","floor":2,"turns":2},{"damage":0,"enemies":"Small Slimes","floor":5,"turns":5},{"damage":6,"enemies":"3 Sentries","floor":6,"turns":5},{"damage":0,"enemies":"Looter","floor":10,"turns":2},{"damage":18,"enemies":"Gremlin Nob","floor":12,"turns":5},{"damage":5,"enemies":"Lots of Slimes","floor":14,"turns":5},{"damage":19,"enemies":"The Guardian","floor":16,"turns":10},{"damage":0,"enemies":"Shell Parasite","floor":18,"turns":5},{"damage":14,"enemies":"Slavers","floor":23,"turns":7},{"damage":4,"enemies":"3 Byrds","floor":24,"turns":5},{"damage":17,"enemies":"Slaver and Parasite","floor":25,"turns":7},{"damage":10,"enemies":"Gremlin Leader","floor":27,"turns":4},{"damage":2,"enemies":"Snecko","floor":29,"turns":3},{"damage":0,"enemies":"Book of Stabbing","floor":31,"turns":4},{"damage":10,"enemies":"Automaton","floor":33,"turns":9},{"damage":0,"enemies":"3 Shapes","floor":35,"turns":4},{"damage":25,"enemies":"3 Darklings","floor":37,"turns":5},{"damage":34,"enemies":"2 Orb Walkers","floor":41,"turns":5},{"damage":3,"enemies":"Giant Head","floor":44,"turns":7},{"damage":9,"enemies":"2 Orb Walkers","floor":47,"turns":4},{"damage":0,"enemies":"4 Shapes","floor":48,"turns":3},{"damage":18,"enemies":"Time Eater","floor":50,"turns":13}],"event_choices":[{"event_name":"Shining Light","player_choice":"Entered Light","floor":3,"damage_taken":0},{"event_name":"World of Goop","player_choice":"Gather Gold","floor":4,"damage_taken":0},{"event_name":"Mushrooms","player_choice":"Healed and dodged fight","floor":13,"damage_taken":0},{"event_name":"Cursed Tome","player_choice":"Obtained Book","floor":19,"damage_taken":0},{"event_name":"The Mausoleum","player_choice":"Yes","floor":20,"damage_taken":0},{"event_name":"Winding Halls","player_choice":"Embrace Madness","floor":36,"damage_taken":0},{"event_name":"Accursed Blacksmith","player_choice":"Forge","floor":38,"damage_taken":0},{"event_name":"Tomb of Lord Red Mask","player_choice":"Paid","floor":46,"damage_taken":0}],"boss_relics":[{"not_picked":["Astrolabe","Orrery"],"picked":"Ectoplasm"},{"not_picked":["Pandora\u0027s Box","Question Card"],"picked":"Sozu"}],"potions_floor_spawned":[2,5,16,23,27,31,47,48],"seed_played":"-6603959318791477215","ascension_level":1,"is_trial":false}