{"path_per_floor":["M","M","M","?","?","E","R","M","T","R","M","M","$","E","R","B",null,"M","?","T","M","M","R","M"],"character_chosen":"IRONCLAD","items_purchased":["Armaments","Headbutt"],"gold_per_floor":[109,129,145,145,145,178,178,196,196,196,214,229,78,116,116,240,240,256,256,256,270,289,289,313],"floor_reached":25,"campfire_rested":1,"playtime":919,"current_hp_per_floor":[72,72,72,72,72,35,56,62,62,62,64,60,60,50,50,23,72,72,72,72,67,54,54,40],"items_purged":["Injury"],"gold":313,"score":215,"play_id":"7bddae34-6c0e-48ee-b75e-7316f302a8ff","local_time":"20180307210823","is_prod":false,"is_daily":false,"is_ascension_mode":false,"campfire_upgraded":3,"timestamp":1520474903,"path_taken":["M","M","M","?","?","E","R","M","T","R","M","M","$","E","R","BOSS","M","?","?","M","?","R","M","E"],"build_version":"2018-03-01-PROD1","purchased_purges":1,"victory":false,"master_deck":["Strike_R","Strike_R","Strike_R","Defend_R+1","Defend_R","Defend_R","Bash","Hemokinesis","Offering+1","Thunderclap","Shrug It Off+1","Whirlwind","Demon Form","Whirlwind+1","Armaments+1","Headbutt","Flex","Double Tap","Bloodletting","Writhe","Heavy Blade+1","Havoc"],"max_hp_per_floor":[72,72,72,72,72,72,72,72,72,72,72,72,72,72,72,72,72,72,72,72,72,72,72,72],"relics":["Burning Blood","Golden Idol","Bottled Tornado","Vajra","War Paint","Mark of Pain","Oddly Smooth Stone","The Courier"],"card_choices":[{"not_picked":["Havoc","Second Wind"],"picked":"Thunderclap"},{"not_picked":["Flame Barrier","Warcry"],"picked":"Shrug It Off"},{"not_picked":["Feel No Pain","Juggernaut"],"picked":"Whirlwind"},{"not_picked":["Rage","Twin Strike"],"picked":"Whirlwind"},{"not_picked":["Anger","Perfected Strike"],"picked":"Flex"},{"not_picked":["Barricade","Bludgeon"],"picked":"Double Tap"},{"not_picked":["Armaments","Metallicize"],"picked":"Bloodletting"},{"not_picked":["Spot Weakness","Twin Strike"],"picked":"Heavy Blade"},{"not_picked":["Iron Wave","Disarm"],"picked":"Havoc"}],"player_experience":433034,"potions_floor_usage":[8,14,21,22,22,24],"damage_taken":[{"damage":3,"enemies":"2 Louse","floor":1,"turns":2},{"damage":3,"enemies":"Cultist","floor":2,"turns":2},{"damage":6,"enemies":"Small Slimes","floor":3,"turns":2},{"damage":43,"enemies":"Lagavulin","floor":6,"turns":6},{"damage":9,"enemies":"3 Louse","floor":8,"turns":4},{"damage":4,"enemies":"2 Fungi Beasts","floor":11,"turns":1},{"damage":10,"enemies":"Large Slime","floor":12,"turns":3},{"damage":16,"enemies":"Gremlin Nob","floor":14,"turns":3},{"damage":33,"enemies":"The Guardian","floor":16,"turns":8},{"damage":1,"enemies":"3 Byrds","floor":18,"turns":3},{"damage":11,"enemies":"Chosen","floor":21,"turns":3},{"damage":19,"enemies":"Centurion and Healer","floor":22,"turns":2},{"damage":29,"enemies":"Snake Plant","floor":24,"turns":4},{"damage":44,"enemies":"Slavers","floor":25,"turns":2}],"event_choices":[{"event_name":"Transmorgrifier","player_choice":"Transform","floor":4,"damage_taken":0},{"event_name":"Golden Idol","player_choice":"Take Wound","floor":5,"damage_taken":0},{"event_name":"The Mausoleum","player_choice":"Yes","floor":19,"damage_taken":0}],"boss_relics":[{"not_picked":["Black Blood","Pandora\u0027s Box"],"picked":"Mark of Pain"}],"potions_floor_spawned":[6,8,11,12,18,22],"seed_played":"-7789696860673957165","killed_by":"Slavers","ascension_level":0,"is_trial":false}