{"path_per_floor":["M","M","?","?","M","E","M","R","T","M","?","E","M","M","R","B",null,"M","M","?","$","M","R","M","R","T","M","M","M","M","$","R","B",null,"M","M","?","$","M","R","M","?","T","M"],"character_chosen":"THE_SILENT","items_purchased":["Noxious Fumes","Bullet Time","Dodge and Roll","Acrobatics"],"gold_per_floor":[17,34,34,34,51,86,99,99,99,116,116,150,167,184,184,282,282,296,284,284,129,144,144,154,154,181,200,218,228,239,90,90,192,192,205,217,217,38,50,50,66,118,118,131],"floor_reached":45,"campfire_rested":6,"playtime":5278,"current_hp_per_floor":[70,66,66,59,57,33,26,47,47,44,70,45,32,29,50,26,70,65,35,22,22,6,28,18,40,40,33,23,8,1,1,23,2,75,49,34,34,34,27,49,38,8,8,8],"items_purged":["Strike_G","Strike_G"],"gold":131,"score":486,"play_id":"1ccc4072-604b-4501-b096-693709c6a7ca","local_time":"20180310170051","is_prod":false,"is_daily":false,"is_ascension_mode":false,"campfire_upgraded":0,"timestamp":1520719251,"path_taken":["M","M","?","?","M","E","M","R","T","?","?","E","M","M","R","BOSS","M","M","?","$","M","R","M","R","T","?","M","M","M","?","R","BOSS","M","M","?","$","M","R","M","?","T","M","?"],"build_version":"2018-03-09","purchased_purges":2,"victory":false,"master_deck":["Defend_G","Defend_G","Defend_G","Defend_G","Defend_G","Strike_G","Strike_G","Survivor","Neutralize","A Thousand Cuts","Terror","Cloak And Dagger","Accuracy","Dagger Spray","Envenom","Well Laid Plans","Caltrops","Cloak And Dagger","Leg Sweep","Glass Knife","Adrenaline","Escape Plan+1","Noxious Fumes","Backstab+1","Flying Knee","Caltrops+1","Bouncing Flask","Blade Dance","Poisoned Stab+1","Dodge and Roll","Bullet Time","PiercingWail","Glass Knife","Predator+1","Prepared+1","Dodge and Roll","Acrobatics","Predator+1","Predator","Outmaneuver","Predator+1"],"max_hp_per_floor":[70,70,70,70,70,70,70,70,70,70,70,70,70,70,70,70,70,70,70,75,75,75,75,75,75,75,75,75,75,75,75,75,75,75,75,75,75,75,75,75,75,75,75,75],"relics":["Ring of the Snake","Frozen Eye","Dream Catcher","Torii","Bag of Marbles","White Beast Statue","Snake Skull","Snecko Eye","Ice Cream","Kunai"],"card_choices":[{"not_picked":["Quick Slash","Acrobatics"],"picked":"A Thousand Cuts"},{"not_picked":["Riddle With Holes","Bane"],"picked":"Terror"},{"not_picked":["Deadly Poison","Deflect"],"picked":"Cloak And Dagger"},{"not_picked":["Slice","PiercingWail"],"picked":"Accuracy"},{"not_picked":["Dodge and Roll","Deadly Poison"],"picked":"Dagger Spray"},{"not_picked":["Dagger Spray","Dodge and Roll"],"picked":"Envenom"},{"not_picked":["Deadly Poison","Dodge and Roll"],"picked":"Well Laid Plans"},{"not_picked":["Underhanded Strike","Finisher"],"picked":"Caltrops"},{"not_picked":["Backstab","Acrobatics"],"picked":"Cloak And Dagger"},{"not_picked":["Bane","Reflex"],"picked":"Leg Sweep"},{"not_picked":["Expertise","Dagger Spray"],"picked":"Glass Knife"},{"not_picked":["Tactician","Phantasmal Killer"],"picked":"Adrenaline"},{"not_picked":["Underhanded Strike","Slice"],"picked":"Escape Plan"},{"not_picked":["Calculated Gamble","Corpse Explosion"],"picked":"Backstab"},{"not_picked":["Sucker Punch","Well Laid Plans"],"picked":"Flying Knee"},{"not_picked":["Dagger Throw","Underhanded Strike"],"picked":"Caltrops"},{"not_picked":["Flechettes","Malaise"],"picked":"Bouncing Flask"},{"not_picked":["Distraction","Dagger Throw"],"picked":"Blade Dance"},{"not_picked":["Prepared","Deadly Poison"],"picked":"Poisoned Stab"},{"not_picked":["Heel Hook","Deadly Poison"],"picked":"Dodge and Roll"},{"not_picked":["Endless Agony","Underhanded Strike"],"picked":"PiercingWail"},{"not_picked":["Envenom","Venomology"],"picked":"Glass Knife"},{"not_picked":["Dagger Throw","Poisoned Stab"],"picked":"Predator"},{"not_picked":["Caltrops","Backflip"],"picked":"Prepared"},{"not_picked":["Outmaneuver","Calculated Gamble"],"picked":"Predator"},{"not_picked":["Flying Knee","All Out Attack"],"picked":"Predator"},{"not_picked":["Riddle With Holes","Choke"],"picked":"Outmaneuver"},{"not_picked":["Glass Knife","Quick Slash"],"picked":"Predator"}],"player_experience":509536,"potions_floor_usage":[6,16,16,16,22,24,27,28,29,33,33,33,41,41,42,42],"damage_taken":[{"damage":0,"enemies":"Jaw Worm","floor":1,"turns":7},{"damage":4,"enemies":"2 Louse","floor":2,"turns":3},{"damage":2,"enemies":"Small Slimes","floor":5,"turns":4},{"damage":24,"enemies":"Gremlin Nob","floor":6,"turns":4},{"damage":7,"enemies":"Blue Slaver","floor":7,"turns":6},{"damage":3,"enemies":"Lots of Slimes","floor":10,"turns":4},{"damage":25,"enemies":"3 Sentries","floor":12,"turns":9},{"damage":13,"enemies":"Exordium Wildlife","floor":13,"turns":5},{"damage":3,"enemies":"Exordium Thugs","floor":14,"turns":5},{"damage":24,"enemies":"Slime Boss","floor":16,"turns":10},{"damage":5,"enemies":"3 Byrds","floor":18,"turns":4},{"damage":30,"enemies":"2 Thieves","floor":19,"turns":4},{"damage":16,"enemies":"Snake Plant","floor":22,"turns":5},{"damage":10,"enemies":"Snecko","floor":24,"turns":7},{"damage":7,"enemies":"Sentry and Sphere","floor":27,"turns":6},{"damage":10,"enemies":"Centurion and Healer","floor":28,"turns":9},{"damage":15,"enemies":"Snake Plant","floor":29,"turns":3},{"damage":7,"enemies":"Cultist and Chosen","floor":30,"turns":5},{"damage":21,"enemies":"Collector","floor":33,"turns":7},{"damage":26,"enemies":"3 Shapes","floor":35,"turns":6},{"damage":15,"enemies":"Orb Walker","floor":36,"turns":4},{"damage":7,"enemies":"4 Shapes","floor":39,"turns":6},{"damage":11,"enemies":"Maw","floor":41,"turns":6},{"damage":30,"enemies":"Mysterious Sphere","floor":42,"turns":3},{"damage":0,"enemies":"3 Darklings","floor":44,"turns":2},{"damage":9,"enemies":"Sphere and 2 Shapes","floor":45,"turns":3}],"event_choices":[{"event_name":"The Cleric","player_choice":"Leave","floor":3,"damage_taken":0},{"event_name":"Golden Wing","player_choice":"Card Removal","floor":4,"damage_taken":0},{"event_name":"Wheel of Change","player_choice":"Full Heal","floor":11,"damage_taken":0},{"event_name":"Forgotten Altar","player_choice":"Shed Blood","floor":20,"damage_taken":0},{"event_name":"The Lab","player_choice":"Got Potions","floor":37,"damage_taken":0},{"event_name":"Mysterious Sphere","player_choice":"Fight","floor":42,"damage_taken":0}],"boss_relics":[{"not_picked":["Runic Pyramid","Question Card"],"picked":"White Beast Statue"},{"not_picked":["Runic Dome","Velvet Choker"],"picked":"Snecko Eye"}],"potions_floor_spawned":[5,7,12,13,18,19,22,24,27,28,29,30,33,35,36,39,41,42,44],"seed_played":"7200585181050864644","killed_by":"Sphere and 2 Shapes","ascension_level":0,"is_trial":false}