{"gold_per_floor":[10,24,37,47,47,47,72,72,72,97,112,112,127,73,73,171,171,183,183,183,199,199,199,233,108,135,163,176,226,251,301,301,405,405,415,427,46,46,60,71,71],"floor_reached":41,"playtime":1778,"items_purged":["Strike_R","Strike_R"],"score":686,"play_id":"e12268e6-656c-4f74-927d-34d177aa3dab","local_time":"20190203145826","is_ascension_mode":true,"campfire_choices":[{"floor":6.0,"key":"REST"},{"floor":15.0,"key":"REST"},{"data":"Limit Break","floor":23.0,"key":"SMITH"},{"floor":32.0,"key":"REST"}],"neow_cost":"NO_GOLD","seed_source_timestamp":583231930269242,"circlet_count":0,"master_deck":["Strike_R","Strike_R","Defend_R","Defend_R","Defend_R","Defend_R","Bash","Limit Break+1","True Grit","Perfected Strike","Inflame","Battle Trance","Cleave","Feel No Pain","Sword Boomerang","Shrug It Off","Heavy Blade","Reaper","Headbutt+1","Dual Wield+1","RitualDagger","Thunderclap","Shrug It Off","Juggernaut","Shrug It Off+1","Pommel Strike+1","Limit Break","Seeing Red","Headbutt","Twin Strike+1","Master of Strategy","Shrug It Off","Heavy Blade","Madness","Madness","Twin Strike+1","Headbutt","Intimidate+1","Warcry+1"],"special_seed":0,"relics":["Burning Blood","Red Skull","Dodecahedron","Gremlin Horn","Velvet Choker","Nunchaku","Bag of Preparation","FossilizedHelix","Juzu Bracelet","Prayer Wheel","Mark of Pain"],"potions_floor_usage":[41,41,41],"damage_taken":[{"damage":4.0,"enemies":"Small Slimes","floor":1.0,"turns":4.0},{"damage":1.0,"enemies":"Cultist","floor":2.0,"turns":4.0},{"damage":14.0,"enemies":"Jaw Worm","floor":3.0,"turns":3.0},{"damage":45.0,"enemies":"Exordium Thugs","floor":4.0,"turns":7.0},{"damage":24.0,"enemies":"Gremlin Nob","floor":7.0,"turns":4.0},{"damage":35.0,"enemies":"Lagavulin","floor":10.0,"turns":6.0},{"damage":0.0,"enemies":"Gremlin Gang","floor":11.0,"turns":1.0},{"damage":5.0,"enemies":"3 Sentries","floor":12.0,"turns":2.0},{"damage":0.0,"enemies":"Large Slime","floor":13.0,"turns":3.0},{"damage":33.0,"enemies":"Slime Boss","floor":16.0,"turns":6.0},{"damage":22.0,"enemies":"3 Byrds","floor":18.0,"turns":5.0},{"damage":22.0,"enemies":"2 Thieves","floor":21.0,"turns":3.0},{"damage":5.0,"enemies":"Gremlin Leader","floor":24.0,"turns":5.0},{"damage":34.0,"enemies":"Slavers","floor":27.0,"turns":3.0},{"damage":11.0,"enemies":"Shelled Parasite and Fungi","floor":28.0,"turns":3.0},{"damage":29.0,"enemies":"Gremlin Leader","floor":30.0,"turns":7.0},{"damage":18.0,"enemies":"Automaton","floor":33.0,"turns":7.0},{"damage":11.0,"enemies":"3 Shapes","floor":35.0,"turns":3.0},{"damage":3.0,"enemies":"Orb Walker","floor":36.0,"turns":3.0},{"damage":36.0,"enemies":"Maw","floor":39.0,"turns":8.0},{"damage":30.0,"enemies":"Writhing Mass","floor":40.0,"turns":3.0},{"damage":76,"enemies":"Nemesis","floor":41,"turns":8}],"seed_played":"138623955584515605","potions_obtained":[{"floor":1.0,"key":"Weak Potion"},{"floor":2.0,"key":"SmokeBomb"},{"floor":8.0,"key":"Swift Potion"},{"floor":10.0,"key":"Explosive Potion"},{"floor":16.0,"key":"FearPotion"},{"floor":18.0,"key":"Block Potion"},{"floor":24.0,"key":"SpeedPotion"},{"floor":35.0,"key":"SteroidPotion"},{"floor":39.0,"key":"Weak Potion"},{"floor":40.0,"key":"GamblersBrew"}],"is_trial":false,"path_per_floor":["M","M","M","M","?","R","E","?","T","E","M","E","M","$","R","B",null,"M","?","?","M","?","R","E","$","T","E","M","T","E","?","R","B",null,"M","M","$","?","M","M","E"],"character_chosen":"IRONCLAD","items_purchased":["Heavy Blade","Shrug It Off","Master of Strategy","Shrug It Off","Heavy Blade"],"campfire_rested":3,"item_purchase_floors":[14,25,37,37,37],"current_hp_per_floor":[74,79,71,32,32,56,38,38,38,9,15,16,22,22,46,19,65,61,61,61,45,39,39,40,40,40,52,47,47,48,48,72,60,75,70,79,79,69,39,57,0],"gold":71,"neow_bonus":"THREE_RARE_CARDS","is_prod":false,"is_daily":false,"chose_seed":false,"campfire_upgraded":1,"win_rate":0,"timestamp":1549223906,"path_taken":["M","M","M","M","?","R","E","?","T","E","?","E","M","$","R","BOSS","M","?","?","?","?","R","E","$","T","E","M","?","E","?","R","BOSS","M","M","$","?","M","M","E"],"build_version":"2019-01-23","purchased_purges":2,"victory":false,"max_hp_per_floor":[80,80,80,80,80,80,80,80,80,80,80,80,80,80,80,80,80,80,80,80,80,80,80,80,80,80,80,80,80,80,80,80,80,80,80,80,80,80,80,80,80],"card_choices":[{"not_picked":["Dark Embrace","Bludgeon"],"picked":"Limit Break","floor":0.0},{"not_picked":["Blood for Blood","Clash"],"picked":"True Grit","floor":1.0},{"not_picked":["Thunderclap","Havoc"],"picked":"Perfected Strike","floor":2.0},{"not_picked":["Seeing Red","Thunderclap"],"picked":"Inflame","floor":3.0},{"not_picked":["Infernal Blade","Entrench"],"picked":"Battle Trance","floor":4.0},{"not_picked":["Iron Wave","Sever Soul"],"picked":"Cleave","floor":7.0},{"not_picked":["Clothesline","Headbutt"],"picked":"Feel No Pain","floor":10.0},{"not_picked":["True Grit","Juggernaut"],"picked":"Sword Boomerang","floor":11.0},{"not_picked":["Cleave","Sword Boomerang"],"picked":"Shrug It Off","floor":13.0},{"not_picked":["Immolate","Double Tap"],"picked":"Reaper","floor":16.0},{"not_picked":["Body Slam","Pommel Strike+1"],"picked":"Headbutt+1","floor":18.0},{"not_picked":["Pommel Strike","Sentinel"],"picked":"Dual Wield+1","floor":21.0},{"not_picked":["Rage","Havoc"],"picked":"Thunderclap","floor":24.0},{"not_picked":["Clothesline","Cleave+1"],"picked":"Juggernaut","floor":27.0},{"not_picked":["True Grit+1","Power Through"],"picked":"Shrug It Off+1","floor":28.0},{"not_picked":["Dropkick","Clothesline"],"picked":"Pommel Strike+1","floor":30.0},{"not_picked":["Feed","Barricade"],"picked":"Limit Break","floor":33.0},{"not_picked":["Sword Boomerang","Heavy Blade"],"picked":"Seeing Red","floor":35.0},{"not_picked":["Sentinel","Wild Strike","Blood for Blood"],"picked":"SKIP","floor":35.0},{"not_picked":["Clash","Heavy Blade"],"picked":"Headbutt","floor":36.0},{"not_picked":["Sword Boomerang+1","Reaper"],"picked":"Twin Strike+1","floor":36.0},{"not_picked":["Wild Strike+1","Dropkick+1"],"picked":"Twin Strike+1","floor":39.0},{"not_picked":["Rampage+1","Entrench"],"picked":"Headbutt","floor":39.0},{"not_picked":["Warcry","Anger"],"picked":"Intimidate+1","floor":40.0},{"not_picked":["Iron Wave+1","Reckless Charge"],"picked":"Warcry+1","floor":40.0}],"player_experience":1368802,"relics_obtained":[{"floor":7.0,"key":"Red Skull"},{"floor":9.0,"key":"Dodecahedron"},{"floor":10.0,"key":"Gremlin Horn"},{"floor":24.0,"key":"Nunchaku"},{"floor":26.0,"key":"Bag of Preparation"},{"floor":27.0,"key":"FossilizedHelix"},{"floor":29.0,"key":"Juzu Bracelet"},{"floor":30.0,"key":"Prayer Wheel"}],"event_choices":[{"damage_healed":0.0,"max_hp_gain":0.0,"max_hp_loss":0.0,"gold_gain":0.0,"event_name":"Golden Wing","player_choice":"Ignored","floor":5.0,"gold_loss":0.0,"damage_taken":0.0},{"damage_healed":0.0,"max_hp_gain":0.0,"max_hp_loss":0.0,"gold_gain":0.0,"event_name":"Lab","player_choice":"Got Potions","floor":8.0,"gold_loss":0.0,"damage_taken":0.0},{"damage_healed":0.0,"max_hp_gain":0.0,"max_hp_loss":0.0,"gold_gain":0.0,"event_name":"Ghosts","player_choice":"Ignored","floor":19.0,"gold_loss":0.0,"damage_taken":0.0},{"cards_removed":["Strike_R"],"damage_healed":0.0,"max_hp_gain":0.0,"max_hp_loss":0.0,"gold_gain":0.0,"event_name":"Purifier","player_choice":"Purged","floor":20.0,"gold_loss":0.0,"damage_taken":0.0},{"damage_healed":0.0,"max_hp_gain":0.0,"max_hp_loss":0.0,"gold_gain":0.0,"event_name":"Nest","player_choice":"Joined the Cult","floor":22.0,"gold_loss":0.0,"damage_taken":6.0,"cards_obtained":["RitualDagger"]},{"damage_healed":0.0,"max_hp_gain":0.0,"max_hp_loss":0.0,"gold_gain":100.0,"event_name":"The Joust","player_choice":"Bet on Murderer","floor":31.0,"gold_loss":50.0,"damage_taken":0.0},{"damage_healed":0.0,"max_hp_gain":0.0,"max_hp_loss":0.0,"gold_gain":0.0,"event_name":"Winding Halls","player_choice":"Embrace Madness","floor":38.0,"gold_loss":0.0,"damage_taken":10.0,"cards_obtained":["Madness","Madness"]}],"is_beta":true,"boss_relics":[{"not_picked":["Runic Cube","Black Blood"],"picked":"Velvet Choker"},{"not_picked":["White Beast Statue","Lizard Tail"],"picked":"Mark of Pain"}],"items_purged_floors":[25,37],"is_endless":false,"potions_floor_spawned":[1,2,10,12,16,18,24,35,39,40],"killed_by":"Nemesis","ascension_level":7}