{"gold_per_floor":[361,376,392,138,157,157,167,167,167,194,206,393,100,80,80,185,185,199,51,62,62,62,62],"floor_reached":23,"playtime":839,"items_purged":["Doubt"],"score":220,"play_id":"d95c69b0-998a-4219-b86e-eb9725fa98c3","local_time":"20190120142302","is_ascension_mode":true,"campfire_choices":[{"data":"Body Slam","floor":6,"key":"SMITH"},{"data":"Uppercut","floor":8,"key":"SMITH"},{"data":"Combust","floor":11,"key":"SMITH"},{"floor":15,"key":"REST"}],"neow_cost":"TEN_PERCENT_HP_LOSS","seed_source_timestamp":934513686871394,"circlet_count":0,"master_deck":["Strike_R","Strike_R","Strike_R","Strike_R","Defend_R","Defend_R","Defend_R","Defend_R","Bash","Body Slam+1","Evolve","Battle Trance","Combust+1","Uppercut+1","Sentinel","Offering","Inflame","Juggernaut","Iron Wave+1","Feel No Pain","Armaments","Shrug It Off","Feel No Pain","Warcry"],"relics":["Burning Blood","Paper Frog","Pear","MawBank","Cursed Key"],"potions_floor_usage":[5,22,22,23],"damage_taken":[{"damage":0,"enemies":"Small Slimes","floor":1,"turns":3},{"damage":1,"enemies":"Cultist","floor":2,"turns":3},{"damage":7,"enemies":"Jaw Worm","floor":3,"turns":4},{"damage":17,"enemies":"Exordium Thugs","floor":5,"turns":4},{"damage":18,"enemies":"Blue Slaver","floor":7,"turns":3},{"damage":25,"enemies":"3 Sentries","floor":10,"turns":7},{"damage":35,"enemies":"Slime Boss","floor":16,"turns":5},{"damage":31,"enemies":"3 Byrds","floor":18,"turns":4},{"damage":33,"enemies":"2 Thieves","floor":20,"turns":5},{"damage":0,"enemies":"Snecko","floor":22,"turns":2},{"damage":50,"enemies":"Gremlin Leader","floor":23,"turns":7}],"seed_played":"-2938074885742414191","potions_obtained":[{"floor":1,"key":"AttackPotion"},{"floor":7,"key":"Fire Potion"},{"floor":10,"key":"Ancient Potion"},{"floor":14,"key":"SmokeBomb"},{"floor":18,"key":"BloodPotion"}],"is_trial":false,"path_per_floor":["M","M","M","$","M","R","M","R","T","E","R","?","$","?","R","B",null,"M","$","M","?","M","E"],"character_chosen":"IRONCLAD","items_purchased":["Paper Frog","Offering","Inflame","Feel No Pain","Armaments","Shrug It Off"],"campfire_rested":1,"item_purchase_floors":[4,13,13,19,19,19],"current_hp_per_floor":[72,72,71,71,60,60,48,48,58,39,39,39,39,39,63,34,82,57,57,30,30,44,0],"gold":62,"neow_bonus":"TWO_FIFTY_GOLD","is_prod":false,"is_daily":false,"chose_seed":false,"campfire_upgraded":3,"win_rate":0,"timestamp":1548012182,"path_taken":["M","M","M","$","M","R","M","R","T","E","R","?","$","?","R","BOSS","M","$","M","?","?","E"],"build_version":"2019-01-19","purchased_purges":1,"victory":false,"max_hp_per_floor":[72,72,72,72,72,72,72,72,82,82,82,82,82,82,82,82,82,82,82,82,82,82,82],"card_choices":[{"not_picked":["Fire Breathing","Havoc"],"picked":"Body Slam","floor":1},{"not_picked":["Perfected Strike","Body Slam"],"picked":"Evolve","floor":2},{"not_picked":["Cleave","Hemokinesis"],"picked":"Battle Trance","floor":3},{"not_picked":["Havoc","Carnage"],"picked":"Combust","floor":5},{"not_picked":["True Grit","Carnage"],"picked":"Uppercut","floor":7},{"not_picked":["Fire Breathing","Body Slam"],"picked":"Sentinel","floor":10},{"not_picked":["Dark Embrace","Impervious"],"picked":"Juggernaut","floor":16},{"not_picked":["Reckless Charge","Perfected Strike+1"],"picked":"Iron Wave+1","floor":18},{"not_picked":["Cleave","Heavy Blade"],"picked":"Feel No Pain","floor":20}],"player_experience":1290064,"relics_obtained":[{"floor":9,"key":"Pear"},{"floor":10,"key":"MawBank"}],"event_choices":[{"damage_healed":0,"gold_gain":175,"player_choice":"AGREE","damage_taken":0,"max_hp_gain":0,"max_hp_loss":0,"event_name":"Liars Game","floor":12,"gold_loss":0,"cards_obtained":["Doubt"]},{"damage_healed":0,"gold_gain":0,"player_choice":"Bought 1 Potion","damage_taken":0,"max_hp_gain":0,"max_hp_loss":0,"event_name":"The Woman in Blue","floor":14,"gold_loss":0},{"damage_healed":0,"gold_gain":0,"cards_transformed":["Strike_R"],"player_choice":"Transformed","damage_taken":0,"max_hp_gain":0,"max_hp_loss":0,"event_name":"Transmorgrifier","floor":21,"gold_loss":0,"cards_obtained":["Warcry"]}],"is_beta":true,"boss_relics":[{"not_picked":["Coffee Dripper","Empty Cage"],"picked":"Cursed Key"}],"items_purged_floors":[13],"is_endless":false,"potions_floor_spawned":[1,7,10,16,18,22],"killed_by":"Gremlin Leader","ascension_level":3}