{"gold_per_floor":[13,30,30,30,43,43,76,88,124,111,139,162,174,186,198,210],"floor_reached":16,"playtime":776,"items_purged":[],"score":147,"play_id":"0ffe6762-2f6f-4a93-b179-8e4aa4faa942","local_time":"20190104214644","is_ascension_mode":true,"campfire_choices":[{"data":"Neutralize","floor":6,"key":"SMITH"},{"floor":8,"key":"REST"},{"floor":13,"key":"REST"},{"data":"Predator","floor":15,"key":"SMITH"}],"neow_cost":"NO_GOLD","seed_source_timestamp":351576206139611,"circlet_count":0,"master_deck":["Defend_G","Defend_G","Defend_G","Defend_G","Defend_G","Strike_G","Strike_G","Strike_G","Strike_G","Strike_G","Survivor","Neutralize+1","Flechettes","Heel Hook","Deflect","Predator+1","Slice","Acrobatics"],"relics":["Ring of the Snake","MawBank","Smiling Mask"],"potions_floor_usage":[4,7,7,7,11],"damage_taken":[{"damage":0,"enemies":"Small Slimes","floor":1,"turns":6},{"damage":1,"enemies":"Cultist","floor":2,"turns":3},{"damage":0,"enemies":"Jaw Worm","floor":5,"turns":3},{"damage":69,"enemies":"3 Sentries","floor":7,"turns":31},{"damage":18,"enemies":"Exordium Thugs","floor":10,"turns":5},{"damage":1,"enemies":"Blue Slaver","floor":11,"turns":3},{"damage":0,"enemies":"2 Fungi Beasts","floor":12,"turns":5},{"damage":62,"enemies":"Slime Boss","floor":16,"turns":7}],"seed_played":"-738518139017497271","potions_obtained":[{"floor":2,"key":"Dexterity Potion"},{"floor":4,"key":"Fruit Juice"},{"floor":4,"key":"SneckoOil"},{"floor":4,"key":"Poison Potion"},{"floor":7,"key":"Swift Potion"}],"is_trial":false,"path_per_floor":["M","M","$","?","M","R","E","R","T","M","M","M","R","?","R","B"],"character_chosen":"THE_SILENT","items_purchased":[],"campfire_rested":2,"item_purchase_floors":[],"current_hp_per_floor":[84,83,83,88,88,88,19,45,45,27,26,26,52,52,52,0],"gold":210,"neow_bonus":"TWENTY_PERCENT_HP_BONUS","is_prod":false,"is_daily":false,"chose_seed":false,"campfire_upgraded":2,"win_rate":0,"timestamp":1546656404,"path_taken":["M","M","$","?","M","R","E","R","T","M","?","M","R","?","R","BOSS"],"build_version":"2019-01-03v4","purchased_purges":0,"victory":false,"max_hp_per_floor":[84,84,84,89,89,89,89,89,89,89,89,89,89,89,89,89],"card_choices":[{"not_picked":["Dodge and Roll","Setup"],"picked":"Flechettes","floor":1},{"not_picked":["Calculated Gamble","Endless Agony"],"picked":"Heel Hook","floor":2},{"not_picked":["Setup","Choke"],"picked":"Deflect","floor":5},{"not_picked":["Slice","Dodge and Roll"],"picked":"Predator","floor":7},{"not_picked":["Underhanded Strike","Bane","Prepared"],"picked":"SKIP","floor":10},{"not_picked":["Flechettes","Underhanded Strike"],"picked":"Slice","floor":11},{"not_picked":["Finisher","Predator"],"picked":"Acrobatics","floor":12}],"player_experience":1166101,"relics_obtained":[{"floor":7,"key":"MawBank"},{"floor":9,"key":"Smiling Mask"}],"event_choices":[{"damage_healed":0,"gold_gain":0,"player_choice":"Got Potions","damage_taken":0,"max_hp_gain":0,"max_hp_loss":0,"event_name":"Lab","floor":4,"gold_loss":0},{"damage_healed":0,"gold_gain":0,"player_choice":"Ignored","damage_taken":0,"max_hp_gain":0,"max_hp_loss":0,"event_name":"Liars Game","floor":14,"gold_loss":0}],"is_beta":true,"boss_relics":[],"items_purged_floors":[],"is_endless":false,"potions_floor_spawned":[2,7],"killed_by":"Slime Boss","ascension_level":4}