{"path_per_floor":["M","M","T","?","M","E","M","M","T","M","M","$","?","M","R","B",null,"M","?","M","M","M","R"],"character_chosen":"IRONCLAD","items_purchased":["Torii","Flex"],"gold_per_floor":[114,134,207,207,219,252,272,284,310,321,340,27,27,39,39,138,138,155,155,173,186,198,198,198],"floor_reached":24,"campfire_rested":2,"playtime":787,"current_hp_per_floor":[80,80,80,85,85,61,36,34,34,39,33,33,21,21,46,40,74,37,37,36,38,19,44,0],"items_purged":[],"gold":198,"score":255,"play_id":"aa44004a-427a-4fd6-92f2-484f18b30fde","local_time":"20180414174525","is_prod":false,"is_daily":false,"chose_seed":false,"is_ascension_mode":true,"campfire_upgraded":0,"timestamp":1523742325,"path_taken":["M","M","?","?","?","E","M","M","T","M","M","$","?","M","R","BOSS","M","?","M","M","M","R","E"],"build_version":"2018-04-13","seed_source_timestamp":205366913032309,"purchased_purges":0,"victory":false,"master_deck":["Strike_R","Strike_R","Strike_R","Strike_R","Strike_R","Defend_R","Defend_R","Defend_R","Defend_R","Bash","Feel No Pain+1","Twin Strike","Disarm","Pommel Strike","Wild Strike","Rampage","Thunderclap","Flex","Feel No Pain","True Grit","Offering","Headbutt+1","Corruption+1","Reckless Charge","Intimidate","Battle Trance"],"max_hp_per_floor":[80,80,80,85,85,85,85,85,85,85,85,85,85,85,85,85,85,85,85,85,85,85,85,85],"relics":["Burning Blood","NeowsBlessing","Self Forming Clay","Bag of Preparation","Dream Catcher","Torii","The Courier","Runic Dome"],"card_choices":[{"not_picked":["Reckless Charge","Body Slam"],"picked":"Feel No Pain","floor":1},{"not_picked":["Combust","True Grit"],"picked":"Twin Strike","floor":2},{"not_picked":["Bloodletting","Intimidate"],"picked":"Disarm","floor":5},{"not_picked":["Burning Pact","Perfected Strike"],"picked":"Pommel Strike","floor":6},{"not_picked":["Shrug It Off","Sword Boomerang"],"picked":"Wild Strike","floor":7},{"not_picked":["Cleave","Sever Soul"],"picked":"Rampage","floor":8},{"not_picked":["Berserk","Cleave"],"picked":"Thunderclap","floor":10},{"not_picked":["Sentinel","Rupture"],"picked":"Feel No Pain","floor":14},{"not_picked":["Hemokinesis","Whirlwind"],"picked":"True Grit","floor":15},{"not_picked":["Juggernaut","Double Tap"],"picked":"Offering","floor":16},{"not_picked":["Warcry","Sever Soul"],"picked":"Headbutt","floor":18},{"not_picked":["Sword Boomerang","Hemokinesis"],"picked":"Corruption","floor":20},{"not_picked":["Sword Boomerang","Second Wind"],"picked":"Reckless Charge","floor":21},{"not_picked":["Twin Strike","Searing Blow"],"picked":"Intimidate","floor":22},{"not_picked":["Twin Strike","Searing Blow"],"picked":"Battle Trance","floor":23}],"player_experience":184540,"potions_floor_usage":[6,16,16,22,22,24],"damage_taken":[{"damage":0,"enemies":"Cultist","floor":1,"turns":1},{"damage":2,"enemies":"Jaw Worm","floor":2,"turns":2},{"damage":0,"enemies":"Small Slimes","floor":5,"turns":1},{"damage":30,"enemies":"Gremlin Nob","floor":6,"turns":5},{"damage":31,"enemies":"Exordium Wildlife","floor":7,"turns":7},{"damage":8,"enemies":"Blue Slaver","floor":8,"turns":4},{"damage":1,"enemies":"2 Fungi Beasts","floor":10,"turns":3},{"damage":12,"enemies":"Looter","floor":11,"turns":3},{"damage":6,"enemies":"Lots of Slimes","floor":14,"turns":4},{"damage":42,"enemies":"Hexaghost","floor":16,"turns":13},{"damage":43,"enemies":"Spheric Guardian","floor":18,"turns":6},{"damage":7,"enemies":"3 Byrds","floor":20,"turns":4},{"damage":4,"enemies":"Snake Plant","floor":21,"turns":4},{"damage":25,"enemies":"3 Cultists","floor":22,"turns":6},{"damage":50,"enemies":"Slavers","floor":24,"turns":3}],"event_choices":[{"event_name":"Big Fish","player_choice":"Donut","floor":4,"damage_taken":0},{"event_name":"Scrap Ooze","player_choice":"success","floor":13,"damage_taken":12},{"event_name":"Accursed Blacksmith","player_choice":"Forge","floor":19,"damage_taken":0}],"boss_relics":[{"not_picked":["Ectoplasm","Pandora\u0027s Box"],"picked":"Runic Dome"}],"potions_floor_spawned":[2,5,11,16,20,21],"seed_played":"-7104580058757984837","killed_by":"Slavers","ascension_level":5,"is_trial":false}