{"path_per_floor":["M","M","M","M","M","R","M","E","T","R","M","?","?","M","R"],"character_chosen":"IRONCLAD","items_purchased":[],"gold_per_floor":[99,111,130,148,161,161,178,207,207,207,217,392,422,442,442],"floor_reached":16,"campfire_rested":2,"playtime":621,"current_hp_per_floor":[80,80,80,66,56,80,80,63,77,77,83,83,83,78,94],"items_purged":[],"gold":442,"score":106,"play_id":"ade3df84-5e4e-4419-9add-6dee71144414","local_time":"20180303143311","is_prod":false,"is_daily":false,"is_ascension_mode":false,"campfire_upgraded":1,"timestamp":1520105591,"path_taken":["M","?","M","M","M","R","M","E","T","R","M","?","?","M","R","BOSS"],"build_version":"2018-03-01-PROD1","purchased_purges":0,"victory":false,"master_deck":["Strike_R","Strike_R","Strike_R","Strike_R","Strike_R","Defend_R","Defend_R","Defend_R","Defend_R","Bash","Fiend Fire+1","Cleave","Feel No Pain","Flex","Wild Strike","Perfected Strike","Whirlwind","Doubt","Armaments"],"max_hp_per_floor":[80,80,80,80,80,80,80,80,94,94,94,94,94,94,94],"relics":["Burning Blood","Happy Flower","Kunai","Mango"],"card_choices":[{"not_picked":["Havoc","Shrug It Off"],"picked":"Fiend Fire"},{"not_picked":["True Grit","Sever Soul"],"picked":"Cleave"},{"not_picked":["Shrug It Off","Flex"],"picked":"Feel No Pain"},{"not_picked":["Seeing Red","Cleave"],"picked":"Flex"},{"not_picked":["Dropkick","Burning Pact"],"picked":"Wild Strike"},{"not_picked":["Warcry","Intimidate"],"picked":"Perfected Strike"},{"not_picked":["Cleave","Reaper"],"picked":"Whirlwind"},{"not_picked":["Corruption","Clash"],"picked":"Armaments"}],"player_experience":361321,"potions_floor_usage":[14,16,16],"damage_taken":[{"damage":5,"enemies":"Cultist","floor":1,"turns":4},{"damage":1,"enemies":"Jaw Worm","floor":2,"turns":4},{"damage":0,"enemies":"Small Slimes","floor":3,"turns":3},{"damage":20,"enemies":"Red Slaver","floor":4,"turns":4},{"damage":16,"enemies":"Blue Slaver","floor":5,"turns":4},{"damage":5,"enemies":"Looter","floor":7,"turns":4},{"damage":23,"enemies":"Gremlin Nob","floor":8,"turns":4},{"damage":0,"enemies":"Large Slime","floor":11,"turns":2},{"damage":11,"enemies":"Blue Slaver","floor":14,"turns":4},{"damage":98,"enemies":"Hexaghost","floor":16,"turns":11}],"event_choices":[{"event_name":"Liars Game","player_choice":"agreed","floor":12,"damage_taken":0},{"event_name":"Dead Adventurer","player_choice":"Searched \u00272\u0027 times","floor":13,"damage_taken":0}],"boss_relics":[],"potions_floor_spawned":[4,11,14],"seed_played":"127683542050087304","killed_by":"Hexaghost","ascension_level":0,"is_trial":false}