{"path_per_floor":["M","M","M","M","?","R","E","R","T","E","M","M","$","?","R","B",null,"M","$","M","M","?","R","E","$","T","M","?","?","M","M","R","B",null,"M","M","?","?"],"character_chosen":"IRONCLAD","items_purchased":["Lantern","Dropkick","Orichalcum"],"gold_per_floor":[111,124,136,146,146,146,179,179,179,212,235,256,44,44,44,163,163,163,13,13,13,13,13,13,13,13,13,13,13,13,13,13,13,13,13,13,13,0,0],"floor_reached":39,"campfire_rested":2,"playtime":1474,"current_hp_per_floor":[80,78,77,58,58,58,43,43,43,29,24,35,35,23,45,26,62,59,59,65,65,65,65,52,52,52,42,42,42,48,43,66,53,72,83,78,67,67,0],"items_purged":[],"gold":0,"score":541,"play_id":"00985dd9-0c76-4352-9280-10f4ec1d841d","local_time":"20180414192406","is_prod":false,"is_daily":false,"chose_seed":true,"is_ascension_mode":true,"campfire_upgraded":1,"timestamp":1523748246,"path_taken":["M","M","?","?","?","R","E","R","T","E","M","?","?","?","R","BOSS","M","$","M","M","?","R","E","$","T","?","?","?","?","M","R","BOSS","M","M","?","?","?"],"build_version":"2018-04-13","seed_source_timestamp":210592954764559,"purchased_purges":0,"victory":false,"master_deck":["Strike_R","Strike_R","Strike_R","Strike_R","Defend_R","Defend_R","Defend_R","Defend_R","Bash","Dropkick","Uppercut+1","Dropkick+1","Iron Wave","Iron Wave","Thunderclap+1","Armaments","Headbutt+1","Dropkick+1","Impervious","Flex","Shrug It Off+1","Flex","Dropkick+1","Body Slam+1","Shrug It Off","Corruption","Feed+1","Madness","Madness"],"max_hp_per_floor":[80,80,80,80,74,74,74,74,74,74,74,74,74,74,74,74,74,74,74,74,74,74,74,76,76,76,78,78,78,78,78,78,78,78,84,86,86,86,86],"relics":["Burning Blood","Golden Idol","Shovel","Shuriken","Kunai","Molten Egg 2","Lantern","Darkstone Periapt","Ectoplasm","Orichalcum","Singing Bowl","Pantograph","Dodecahedron","Cursed Key","Red Mask"],"card_choices":[{"not_picked":["Body Slam","Clash"],"picked":"Dropkick","floor":1},{"not_picked":["Warcry","Cleave"],"picked":"Uppercut","floor":2},{"not_picked":["Wild Strike","Corruption"],"picked":"Dropkick","floor":3},{"not_picked":["Hemokinesis","Flame Barrier"],"picked":"Iron Wave","floor":4},{"not_picked":["Reckless Charge","Metallicize"],"picked":"Iron Wave","floor":7},{"not_picked":["Clash","Flex"],"picked":"Thunderclap","floor":10},{"not_picked":["Body Slam","Sword Boomerang"],"picked":"Armaments","floor":11},{"not_picked":["Dark Embrace","True Grit"],"picked":"Headbutt","floor":12},{"not_picked":["Fiend Fire","Dark Embrace"],"picked":"Impervious","floor":16},{"not_picked":["Twin Strike","Heavy Blade"],"picked":"Flex","floor":18},{"not_picked":["Intimidate","Pommel Strike"],"picked":"Shrug It Off","floor":20},{"not_picked":["Clothesline","Infernal Blade"],"picked":"Flex","floor":21},{"not_picked":["Clash","Ghostly Armor"],"picked":"Shrug It Off","floor":30},{"not_picked":["Clash","Thunderclap"],"picked":"Corruption","floor":31},{"not_picked":["Impervious","Demon Form"],"picked":"Feed","floor":33}],"player_experience":187523,"potions_floor_usage":[4,7,11,12,27,30,31,33,35],"damage_taken":[{"damage":1,"enemies":"Cultist","floor":1,"turns":4},{"damage":8,"enemies":"Jaw Worm","floor":2,"turns":4},{"damage":7,"enemies":"Small Slimes","floor":3,"turns":3},{"damage":25,"enemies":"Gremlin Gang","floor":4,"turns":4},{"damage":21,"enemies":"Gremlin Nob","floor":7,"turns":4},{"damage":20,"enemies":"Lagavulin","floor":10,"turns":4},{"damage":20,"enemies":"Exordium Thugs","floor":11,"turns":4},{"damage":1,"enemies":"2 Fungi Beasts","floor":12,"turns":3},{"damage":25,"enemies":"Hexaghost","floor":16,"turns":9},{"damage":9,"enemies":"Shell Parasite","floor":18,"turns":2},{"damage":0,"enemies":"Spheric Guardian","floor":20,"turns":3},{"damage":6,"enemies":"Cultist and Chosen","floor":21,"turns":6},{"damage":21,"enemies":"Book of Stabbing","floor":24,"turns":4},{"damage":18,"enemies":"Snake Plant","floor":27,"turns":3},{"damage":0,"enemies":"Chosen and Byrds","floor":30,"turns":4},{"damage":11,"enemies":"Sentry and Sphere","floor":31,"turns":5},{"damage":31,"enemies":"Champ","floor":33,"turns":8},{"damage":1,"enemies":"3 Shapes","floor":35,"turns":4},{"damage":13,"enemies":"Flame Bruiser 1 Orb","floor":36,"turns":4},{"damage":82,"enemies":"4 Shapes","floor":39,"turns":10}],"event_choices":[{"event_name":"Golden Idol","player_choice":"Lose Max HP","floor":5,"damage_taken":0},{"event_name":"Scrap Ooze","player_choice":"success","floor":14,"damage_taken":12},{"event_name":"Accursed Blacksmith","player_choice":"Forge","floor":22,"damage_taken":0},{"event_name":"Match and Keep!","player_choice":"2 cards matched","floor":28,"damage_taken":0},{"event_name":"Bonfire Elementals","player_choice":"BASIC","floor":29,"damage_taken":0},{"event_name":"Winding Halls","player_choice":"Embrace Madness","floor":37,"damage_taken":0},{"event_name":"Tomb of Lord Red Mask","player_choice":"Paid","floor":38,"damage_taken":0}],"boss_relics":[{"not_picked":["Lizard Tail","Velvet Choker"],"picked":"Ectoplasm"},{"not_picked":["Black Star","Tiny House"],"picked":"Cursed Key"}],"potions_floor_spawned":[4,11,12,21,24,27,33],"seed_played":"864541217485788676","killed_by":"4 Shapes","ascension_level":5,"is_trial":false}