{"path_per_floor":["M","?","M","M","?","R","E","M","T","R","M","M","E","M","R","B",null,"M","$","M","M","M","R","E","$","T","$","?","R","E","M","R","B",null,"M","M","?","?"],"character_chosen":"IRONCLAD","items_purchased":["Ancient Tea Set","Metallicize","Whetstone","Shrug It Off"],"gold_per_floor":[115,115,132,148,148,148,183,202,202,202,213,226,253,268,268,372,372,388,161,179,197,213,213,247,17,40,17,17,17,49,64,64,159,159,171,183,183,153],"floor_reached":39,"campfire_rested":5,"playtime":2524,"current_hp_per_floor":[80,80,76,80,73,73,57,53,53,77,80,78,53,56,80,80,80,58,58,40,24,26,58,47,47,47,47,47,80,72,65,80,21,80,79,56,46,46],"items_purged":["Strike_R"],"gold":153,"score":383,"play_id":"0615081e-63a5-427b-9aa0-b83233d97794","local_time":"20180303151540","is_prod":false,"is_daily":false,"is_ascension_mode":false,"campfire_upgraded":1,"timestamp":1520108140,"path_taken":["M","?","M","M","?","R","E","M","T","R","?","M","E","M","R","BOSS","M","$","M","M","?","R","E","?","T","$","?","R","E","?","R","BOSS","M","M","?","?","M"],"build_version":"2018-03-01-PROD1","purchased_purges":3,"victory":false,"master_deck":["Strike_R","Strike_R+1","Strike_R+1","Strike_R","Defend_R","Defend_R","Defend_R","Bash","Perfected Strike","Armaments","Flex+1","Inflame","Dropkick","Heavy Blade","Flex","Intimidate+1","Double Tap","Offering","Armaments+1","Thunderclap","Heavy Blade","Bloodletting+1","Dropkick","Metallicize","Ghostly Armor","Shrug It Off","Infernal Blade","Pommel Strike+1","Exhume","Iron Wave+1","Havoc+1","Madness","Madness"],"max_hp_per_floor":[80,80,80,80,80,80,80,80,80,80,80,80,80,80,80,80,80,80,80,80,80,80,80,80,80,80,80,80,80,80,80,80,80,80,80,80,80,80],"relics":["Burning Blood","Prayer Wheel","Lantern","Ginger","Bag of Marbles","Eternal Feather","Ancient Tea Set","Matryoshka","Whetstone","Anchor","War Paint","Regal Pillow","Sozu"],"card_choices":[{"not_picked":["Pommel Strike","Whirlwind"],"picked":"Perfected Strike"},{"not_picked":["Clothesline","Spot Weakness"],"picked":"Armaments"},{"not_picked":["Dual Wield","Cleave"],"picked":"Flex"},{"not_picked":["Clothesline","Brutality"],"picked":"Inflame"},{"not_picked":["Havoc","Second Wind"],"picked":"Dropkick"},{"not_picked":["True Grit","Warcry"],"picked":"Heavy Blade"},{"not_picked":["True Grit","Reckless Charge"],"picked":"Flex"},{"not_picked":["Spot Weakness","Warcry"],"picked":"Intimidate"},{"not_picked":["Perfected Strike","Heavy Blade"],"picked":"Double Tap"},{"not_picked":["Barricade","Reaper"],"picked":"Offering"},{"not_picked":["True Grit","Flex"],"picked":"Armaments"},{"not_picked":["Bloodletting","Pummel"],"picked":"Thunderclap"},{"not_picked":["Reckless Charge","Shockwave"],"picked":"Heavy Blade"},{"not_picked":["Twin Strike","Body Slam"],"picked":"Bloodletting"},{"not_picked":["Pommel Strike","Twin Strike"],"picked":"Dropkick"},{"not_picked":["Dropkick","Body Slam"],"picked":"Ghostly Armor"},{"not_picked":["Whirlwind","Disarm"],"picked":"Infernal Blade"},{"not_picked":["Battle Trance","Sentinel"],"picked":"Pommel Strike"},{"not_picked":["Barricade","Bludgeon"],"picked":"Exhume"},{"not_picked":["Shrug It Off","Infernal Blade"],"picked":"Iron Wave"},{"not_picked":["Pummel","Pommel Strike"],"picked":"Havoc"}],"player_experience":361942,"potions_floor_usage":[13,14,16,21,21,24,30,33,39],"damage_taken":[{"damage":0,"enemies":"2 Louse","floor":1,"turns":2},{"damage":10,"enemies":"Jaw Worm","floor":3,"turns":4},{"damage":0,"enemies":"Cultist","floor":4,"turns":2},{"damage":22,"enemies":"Gremlin Nob","floor":7,"turns":4},{"damage":10,"enemies":"Looter","floor":8,"turns":3},{"damage":1,"enemies":"Large Slime","floor":11,"turns":4},{"damage":8,"enemies":"Red Slaver","floor":12,"turns":2},{"damage":31,"enemies":"Lagavulin","floor":13,"turns":5},{"damage":15,"enemies":"Exordium Thugs","floor":14,"turns":5},{"damage":5,"enemies":"Slime Boss","floor":16,"turns":8},{"damage":28,"enemies":"2 Thieves","floor":18,"turns":3},{"damage":24,"enemies":"Spheric Guardian","floor":20,"turns":4},{"damage":22,"enemies":"Centurion and Healer","floor":21,"turns":3},{"damage":4,"enemies":"Sentry and Sphere","floor":22,"turns":1},{"damage":17,"enemies":"Gremlin Leader","floor":24,"turns":4},{"damage":14,"enemies":"Slavers","floor":30,"turns":4},{"damage":13,"enemies":"Snake Plant","floor":31,"turns":4},{"damage":65,"enemies":"Champ","floor":33,"turns":11},{"damage":7,"enemies":"3 Shapes","floor":35,"turns":2},{"damage":29,"enemies":"3 Darklings","floor":36,"turns":4},{"damage":47,"enemies":"Sphere and 2 Shapes","floor":39,"turns":6}],"event_choices":[{"event_name":"Liars Game","player_choice":"disagreed","floor":2,"damage_taken":0},{"event_name":"Golden Wing","player_choice":"Card Removal","floor":5,"damage_taken":0},{"event_name":"Addict","player_choice":"Ignored","floor":28,"damage_taken":0},{"event_name":"Winding Halls","player_choice":"Embrace Madness","floor":37,"damage_taken":0},{"event_name":"The Woman in Blue","player_choice":"Bought 2 Potions","floor":38,"damage_taken":0}],"boss_relics":[{"not_picked":["Black Blood","White Beast Statue"],"picked":"Eternal Feather"},{"not_picked":["Pandora\u0027s Box","Orrery"],"picked":"Sozu"}],"potions_floor_spawned":[4,8,12,14,18,20,24,30,33,35,36],"seed_played":"-142491488754678921","killed_by":"Sphere and 2 Shapes","ascension_level":0,"is_trial":false}