{"gold_per_floor":[115,3,20,36,49,49,64,64,64,93,93,103,103,20,20,124,124,136,154,5,5,5,5,24,34,34,34,34,44,61,76,76,173,173,187,34,34,44,61,89,99,99,99,25,25,125,142,142,142,142],"floor_reached":51,"playtime":4644,"items_purged":["Strike_G","Strike_G"],"score":656,"play_id":"c0ea2b43-a25d-44c3-97bb-52f7020339e0","local_time":"20190112151155","is_ascension_mode":false,"campfire_choices":[{"data":"Bouncing Flask","floor":6.0,"key":"SMITH"},{"data":"Bane","floor":8.0,"key":"SMITH"},{"floor":11.0,"key":"REST"},{"data":"Backflip","floor":13.0,"key":"SMITH"},{"floor":15.0,"key":"REST"},{"data":"Burst","floor":23.0,"key":"SMITH"},{"floor":28.0,"key":"REST"},{"floor":32.0,"key":"REST"},{"data":"Neutralize","floor":42,"key":"SMITH"},{"floor":49,"key":"REST"}],"neow_cost":"NONE","seed_source_timestamp":0,"circlet_count":0,"master_deck":["Defend_G","Defend_G","Defend_G","Defend_G","Defend_G","Strike_G","Strike_G","Survivor","Neutralize+1","Predator","Bouncing Flask+1","Noxious Fumes","Backflip+1","Bane+1","Madness","Burst+1","Bouncing Flask+1","Outmaneuver+1","Catalyst+1","Wraith Form v2+1","After Image+1","Deadly Poison","Catalyst+1","Deflect"],"special_seed":0,"relics":["Ring of the Snake","Meat on the Bone","Frozen Egg 2","Velvet Choker","Mummified Hand","Mercury Hourglass","Eternal Feather","Gremlin Horn","Pen Nib","Gambling Chip"],"potions_floor_usage":[47,50],"damage_taken":[{"damage":0.0,"enemies":"Cultist","floor":1.0,"turns":3.0},{"damage":0.0,"enemies":"2 Louse","floor":3.0,"turns":3.0},{"damage":7.0,"enemies":"Small Slimes","floor":4.0,"turns":3.0},{"damage":1.0,"enemies":"3 Louse","floor":5.0,"turns":4.0},{"damage":12.0,"enemies":"Large Slime","floor":7.0,"turns":6.0},{"damage":28.0,"enemies":"Gremlin Nob","floor":10.0,"turns":4.0},{"damage":14.0,"enemies":"Lots of Slimes","floor":12.0,"turns":5.0},{"damage":35.0,"enemies":"Slime Boss","floor":16.0,"turns":10.0},{"damage":10.0,"enemies":"Shell Parasite","floor":18.0,"turns":6.0},{"damage":5.0,"enemies":"Chosen","floor":19.0,"turns":3.0},{"damage":5.0,"enemies":"Centurion and Healer","floor":24.0,"turns":5.0},{"damage":3.0,"enemies":"Snake Plant","floor":25.0,"turns":2.0},{"damage":1.0,"enemies":"Cultist and Chosen","floor":29.0,"turns":4.0},{"damage":6.0,"enemies":"Centurion and Healer","floor":30.0,"turns":6.0},{"damage":6.0,"enemies":"Snecko","floor":31.0,"turns":3.0},{"damage":72.0,"enemies":"Automaton","floor":33.0,"turns":9.0},{"damage":5.0,"enemies":"3 Darklings","floor":35.0,"turns":9.0},{"damage":0.0,"enemies":"Orb Walker","floor":38.0,"turns":5.0},{"damage":0.0,"enemies":"Transient","floor":39.0,"turns":5.0},{"damage":31.0,"enemies":"Nemesis","floor":40.0,"turns":5.0},{"damage":0,"enemies":"Maw","floor":41,"turns":4},{"damage":1,"enemies":"Mind Bloom Boss Battle","floor":46,"turns":4},{"damage":2,"enemies":"3 Darklings","floor":47,"turns":4},{"damage":67,"enemies":"Donu and Deca","floor":50,"turns":8}],"seed_played":"4662761502486098162","potions_obtained":[{"floor":4.0,"key":"Fruit Juice"},{"floor":7.0,"key":"Fruit Juice"},{"floor":16.0,"key":"Ancient Potion"},{"floor":18.0,"key":"GhostInAJar"},{"floor":25.0,"key":"Poison Potion"},{"floor":29.0,"key":"GamblersBrew"},{"floor":33.0,"key":"Poison Potion"},{"floor":39.0,"key":"Explosive Potion"},{"floor":40.0,"key":"Strength Potion"}],"is_trial":false,"path_per_floor":["M","$","M","M","M","R","M","R","T","E","R","M","R","$","R","B",null,"M","M","$","?","?","R","M","M","T","$","R","M","M","M","R","B",null,"M","$","?","M","M","E","M","R","T","$","?","?","M","?","R","B",null],"character_chosen":"THE_SILENT","items_purchased":["Bouncing Flask","Noxious Fumes","Madness","Bouncing Flask","Deadly Poison","GhostInAJar"],"campfire_rested":5,"item_purchase_floors":[2,2,14,20,36,44],"current_hp_per_floor":[70,70,70,63,67,67,55,55,55,44,68,54,54,54,78,43,80,70,65,65,65,57,57,52,49,49,49,73,72,66,60,80,20,80,75,75,75,75,75,44,44,56,56,56,56,55,53,53,76,21],"gold":142,"neow_bonus":"TRANSFORM_CARD","is_prod":false,"is_daily":false,"chose_seed":false,"campfire_upgraded":5,"win_rate":0.0,"timestamp":1547323915,"path_taken":["M","$","?","M","M","R","M","R","T","E","R","M","R","$","R","BOSS","M","M","?","?","?","R","M","?","T","$","R","M","M","M","R","BOSS","M","$","?","?","M","E","M","R","T","$","?","?","M","?","R","BOSS"],"build_version":"2019-01-10","purchased_purges":2,"victory":true,"max_hp_per_floor":[70,70,70,70,75,75,75,75,75,80,80,80,80,80,80,80,80,80,80,80,80,80,80,80,80,80,80,80,80,80,80,80,80,80,80,80,80,80,80,80,80,80,80,80,76,76,76,76,76,76],"card_choices":[{"not_picked":["Sucker Punch","Dagger Spray","Well Laid Plans"],"picked":"SKIP","floor":1.0},{"not_picked":["Acrobatics","Choke"],"picked":"Backflip","floor":3.0},{"not_picked":["Tactician","Dodge and Roll","After Image"],"picked":"SKIP","floor":4.0},{"not_picked":["Infinite Blades","Caltrops","Slice"],"picked":"SKIP","floor":5.0},{"not_picked":["Flechettes","Dagger Throw"],"picked":"Bane","floor":7.0},{"not_picked":["Blade Dance","Acrobatics","Sucker Punch"],"picked":"SKIP","floor":10.0},{"not_picked":["All Out Attack","Calculated Gamble","Predator"],"picked":"SKIP","floor":12.0},{"not_picked":["Wraith Form v2+1","Doppelganger"],"picked":"Burst","floor":16.0},{"not_picked":["Prepared","Bane","Dagger Spray"],"picked":"SKIP","floor":18.0},{"not_picked":["Dagger Throw+1","Sucker Punch","Heel Hook"],"picked":"SKIP","floor":19.0},{"not_picked":["Eviscerate+1","Flying Knee"],"picked":"Outmaneuver+1","floor":24.0},{"not_picked":["Accuracy+1","Calculated Gamble","Skewer+1"],"picked":"SKIP","floor":25.0},{"not_picked":["Infinite Blades+1","Blur"],"picked":"Catalyst+1","floor":29.0},{"not_picked":["Sucker Punch","Poisoned Stab","Accuracy+1"],"picked":"SKIP","floor":30.0},{"not_picked":["Dodge and Roll","Dagger Throw"],"picked":"Wraith Form v2+1","floor":31.0},{"not_picked":["Storm of Steel","Phantasmal Killer"],"picked":"After Image+1","floor":33.0},{"not_picked":["Accuracy+1","Slice","Dagger Throw"],"picked":"SKIP","floor":35.0},{"not_picked":["Endless Agony","Poisoned Stab+1"],"picked":"Catalyst+1","floor":38.0},{"not_picked":["Dagger Spray","Quick Slash","Dodge and Roll"],"picked":"SKIP","floor":39.0},{"not_picked":["Poisoned Stab+1","Choke+1","Wraith Form v2+1"],"picked":"SKIP","floor":40.0},{"not_picked":["Dagger Spray+1","Backflip+1"],"picked":"Deflect","floor":41},{"not_picked":["Backstab+1","Outmaneuver","Dodge and Roll"],"picked":"SKIP","floor":47}],"player_experience":47292,"relics_obtained":[{"floor":9.0,"key":"Meat on the Bone"},{"floor":10.0,"key":"Frozen Egg 2"},{"floor":26.0,"key":"Mercury Hourglass"},{"floor":40.0,"key":"Gremlin Horn"},{"floor":43,"key":"Pen Nib"},{"floor":46,"key":"Gambling Chip"}],"event_choices":[{"damage_healed":0.0,"max_hp_gain":0.0,"max_hp_loss":0.0,"gold_gain":0.0,"event_name":"The Mausoleum","player_choice":"Opened","floor":21.0,"gold_loss":0.0,"damage_taken":0.0,"relics_obtained":["Mummified Hand"]},{"damage_healed":0.0,"max_hp_gain":0.0,"max_hp_loss":0.0,"gold_gain":0.0,"event_name":"Knowing Skull","player_choice":"","floor":22.0,"potions_obtained":[],"gold_loss":0.0,"damage_taken":8.0,"cards_obtained":[]},{"damage_healed":0.0,"max_hp_gain":0.0,"max_hp_loss":0.0,"gold_gain":0.0,"event_name":"NoteForYourself","player_choice":"Ignored","floor":37.0,"gold_loss":0.0,"damage_taken":0.0},{"damage_healed":0,"gold_gain":0,"player_choice":"Max HP","damage_taken":0,"max_hp_gain":0,"max_hp_loss":4,"event_name":"Winding Halls","floor":45,"gold_loss":0},{"damage_healed":0,"gold_gain":0,"player_choice":"Fight","damage_taken":0,"max_hp_gain":0,"max_hp_loss":0,"event_name":"MindBloom","floor":46,"gold_loss":0},{"damage_healed":0,"gold_gain":0,"player_choice":"Forge","damage_taken":0,"max_hp_gain":0,"max_hp_loss":0,"event_name":"Accursed Blacksmith","floor":48,"gold_loss":0,"cards_upgraded":["Bouncing Flask"]}],"is_beta":false,"boss_relics":[{"not_picked":["WristBlade","Sozu"],"picked":"Velvet Choker"},{"not_picked":["Philosopher\u0027s Stone","Calling Bell"],"picked":"Eternal Feather"}],"items_purged_floors":[20,36],"is_endless":false,"potions_floor_spawned":[4,7,16,18,25,29,33,39,40,41],"ascension_level":0}