{"gold_per_floor":[114,132,132,148,28,28,63,63,88,116,116,136,165,175,175,274,274,274,288,141,41,52,78,78,78,78,78,112,112,124,124,124,225,225,242,253,28,46,46,46,73,73,100,119,219,219,219,96,96,96,96,96,50,80,80],"floor_reached":56,"playtime":3388,"items_purged":["Strike_G","Strike_G"],"score":1352,"play_id":"a13ba500-f75b-482c-a786-96b27b304948","local_time":"20190103170329","is_ascension_mode":true,"campfire_choices":[{"floor":6,"key":"DIG"},{"floor":8,"key":"DIG"},{"floor":11,"key":"DIG"},{"data":"Catalyst","floor":15,"key":"SMITH"},{"floor":24,"key":"REST"},{"floor":27,"key":"DIG"},{"floor":32,"key":"DIG"},{"floor":40,"key":"DIG"},{"floor":42,"key":"DIG"},{"floor":49,"key":"RECALL"},{"floor":52,"key":"DIG"}],"neow_cost":"PERCENT_DAMAGE","seed_source_timestamp":245478737980002,"circlet_count":0,"master_deck":["Defend_G+1","Defend_G+1","Defend_G+1","Defend_G+1","Strike_G+1","Strike_G+1","Strike_G+1","Survivor","Neutralize","Dagger Throw","Leg Sweep","Noxious Fumes","Leg Sweep","Noxious Fumes","Cloak And Dagger","Well Laid Plans","Caltrops+1","Catalyst+1","Burst","Night Terror+1","Caltrops+1","Well Laid Plans+1","Masterful Stab+1","Footwork+1","Escape Plan","Noxious Fumes+1","Bullet Time","Expertise","PiercingWail","Dodge and Roll+1","Footwork+1","PiercingWail","Cloak And Dagger+1","Impatience","Dodge and Roll+1","After Image+1","Footwork+1","Acrobatics","Backflip","Backflip"],"relics":["Ring of the Snake","Shovel","Blood Vial","Question Card","Oddly Smooth Stone","Whetstone","Regal Pillow","Frozen Egg 2","Meat on the Bone","Sozu","Bottled Flame","Nunchaku","Juzu Bracelet","Prayer Wheel","Fusion Hammer","Bronze Scales","Strawberry","Du-Vu Doll","Mango","Lantern","Tingsha","Gremlin Horn","FossilizedHelix"],"potions_floor_usage":[7,7,10,13,16,18,41],"damage_taken":[{"damage":0,"enemies":"Jaw Worm","floor":1,"turns":4},{"damage":0,"enemies":"Cultist","floor":2,"turns":4},{"damage":0,"enemies":"Small Slimes","floor":4,"turns":4},{"damage":9,"enemies":"Gremlin Nob","floor":7,"turns":4},{"damage":1,"enemies":"Lagavulin","floor":10,"turns":7},{"damage":0,"enemies":"2 Fungi Beasts","floor":12,"turns":4},{"damage":10,"enemies":"Gremlin Nob","floor":13,"turns":4},{"damage":7,"enemies":"Lots of Slimes","floor":14,"turns":4},{"damage":9,"enemies":"Hexaghost","floor":16,"turns":7},{"damage":13,"enemies":"3 Byrds","floor":18,"turns":5},{"damage":14,"enemies":"Shell Parasite","floor":19,"turns":7},{"damage":3,"enemies":"Centurion and Healer","floor":22,"turns":7},{"damage":39,"enemies":"Book of Stabbing","floor":23,"turns":5},{"damage":0,"enemies":"Gremlin Leader","floor":28,"turns":6},{"damage":0,"enemies":"Cultist and Chosen","floor":30,"turns":6},{"damage":4,"enemies":"Colosseum Slavers","floor":31,"turns":5},{"damage":8,"enemies":"Champ","floor":33,"turns":7},{"damage":1,"enemies":"Orb Walker","floor":35,"turns":3},{"damage":15,"enemies":"3 Darklings","floor":36,"turns":6},{"damage":11,"enemies":"Sphere and 2 Shapes","floor":38,"turns":5},{"damage":12,"enemies":"Reptomancer","floor":41,"turns":6},{"damage":56,"enemies":"Transient","floor":44,"turns":5},{"damage":0,"enemies":"Mind Bloom Boss Battle","floor":45,"turns":7},{"damage":18,"enemies":"Awakened One","floor":50,"turns":14},{"damage":3,"enemies":"Shield and Spear","floor":54,"turns":6},{"damage":52,"enemies":"The Heart","floor":55,"turns":10}],"seed_played":"-6542807795879955587","potions_obtained":[{"floor":1,"key":"Energy Potion"},{"floor":2,"key":"SteroidPotion"},{"floor":7,"key":"EntropicBrew"},{"floor":14,"key":"SteroidPotion"},{"floor":16,"key":"SteroidPotion"}],"is_trial":false,"path_per_floor":["M","M","?","M","$","R","E","R","T","E","R","M","E","M","R","B",null,"M","M","$","$","M","E","R","?","T","R","E","?","M","?","R","B",null,"M","M","$","M","?","R","E","R","T","M","?","?","?","$","R","B",null,"R","$","E","B",null],"character_chosen":"THE_SILENT","items_purchased":["Leg Sweep","Noxious Fumes","Well Laid Plans+1","Bronze Scales","Footwork+1","Footwork+1","Acrobatics","Backflip"],"campfire_rested":1,"item_purchase_floors":[5,5,20,37,37,48,48,53],"current_hp_per_floor":[49,49,49,49,49,49,42,42,42,43,43,45,37,44,44,37,70,57,45,45,45,44,19,55,55,55,55,57,57,59,57,57,51,70,69,55,55,46,46,53,43,57,57,15,29,80,76,76,76,58,76,76,76,73,35],"gold":80,"neow_bonus":"ONE_RARE_RELIC","is_prod":false,"is_daily":false,"chose_seed":false,"campfire_upgraded":1,"win_rate":0,"timestamp":1546553009,"path_taken":["M","M","?","M","?","R","E","R","T","E","R","M","E","M","R","BOSS","M","M","?","$","M","E","R","?","T","R","E","?","M","?","R","BOSS","M","M","$","M","?","R","E","R","T","M","?","?","?","$","R","BOSS","R","$","E","BOSS"],"build_version":"2019-01-02","purchased_purges":2,"victory":true,"max_hp_per_floor":[70,70,70,70,70,70,70,70,70,70,70,70,70,70,70,70,70,70,70,70,70,70,70,70,70,70,70,70,70,70,70,70,70,70,70,70,70,70,70,77,77,91,91,91,91,80,76,76,76,76,76,76,76,76,76],"card_choices":[{"not_picked":["Infinite Blades","Prepared"],"picked":"Dagger Throw","floor":1},{"not_picked":["Outmaneuver","Bane"],"picked":"Leg Sweep","floor":2},{"not_picked":["Sucker Punch","Deflect"],"picked":"Noxious Fumes","floor":4},{"not_picked":["Grand Finale","A Thousand Cuts"],"picked":"Cloak And Dagger","floor":7},{"not_picked":["PiercingWail","Catalyst","Poisoned Stab"],"picked":"Well Laid Plans","floor":10},{"not_picked":["Slice","Expertise","Leg Sweep"],"picked":"Caltrops+1","floor":12},{"not_picked":["Crippling Poison","Flying Knee","Quick Slash"],"picked":"Catalyst","floor":13},{"not_picked":["Terror","Prepared","Reflex"],"picked":"Burst","floor":14},{"not_picked":["Bullet Time","Storm of Steel","Malaise"],"picked":"Night Terror","floor":16},{"not_picked":["Slice","Dodge and Roll","Quick Slash"],"picked":"Caltrops+1","floor":19},{"not_picked":["Dodge and Roll","Flying Knee+1","Deflect"],"picked":"Masterful Stab+1","floor":22},{"not_picked":["Outmaneuver","Endless Agony","Finisher"],"picked":"Footwork+1","floor":23},{"not_picked":["Underhanded Strike","Outmaneuver","Envenom+1"],"picked":"Escape Plan","floor":28},{"not_picked":["Concentrate","Calculated Gamble","Dagger Spray"],"picked":"Noxious Fumes+1","floor":30},{"not_picked":["Envenom+1","Adrenaline","A Thousand Cuts+1"],"picked":"Bullet Time","floor":33},{"not_picked":["Prepared+1","Quick Slash+1","Finisher"],"picked":"Expertise","floor":35},{"not_picked":["Sucker Punch+1","Terror","Escape Plan+1"],"picked":"PiercingWail","floor":35},{"not_picked":["Sucker Punch+1","Deadly Poison+1","Venomology"],"picked":"Dodge and Roll+1","floor":36},{"not_picked":["Choke","Sucker Punch","Slice+1","Deflect"],"picked":"SKIP","floor":36},{"not_picked":["Deadly Poison+1","Deflect+1","All Out Attack+1"],"picked":"PiercingWail","floor":38},{"not_picked":["Calculated Gamble+1","Dodge and Roll+1","Crippling Poison+1"],"picked":"Cloak And Dagger+1","floor":38},{"not_picked":["Swift Strike","Deep Breath","Good Instincts"],"picked":"Impatience","floor":39},{"not_picked":["Phantasmal Killer","Distraction+1","Bane+1","Infinite Blades+1"],"picked":"SKIP","floor":41},{"not_picked":["Quick Slash","Underhanded Strike","Dagger Spray+1"],"picked":"Dodge and Roll+1","floor":44},{"not_picked":["Outmaneuver","Distraction","Deflect+1","Endless Agony"],"picked":"SKIP","floor":44},{"not_picked":["Escape Plan","Backstab+1","Underhanded Strike+1"],"picked":"After Image+1","floor":45},{"not_picked":["Reflex","Slice+1","Riddle With Holes+1"],"picked":"Backflip","floor":54}],"player_experience":1146010,"relics_obtained":[{"floor":6,"key":"Blood Vial"},{"floor":7,"key":"Question Card"},{"floor":8,"key":"Oddly Smooth Stone"},{"floor":9,"key":"Whetstone"},{"floor":10,"key":"Regal Pillow"},{"floor":11,"key":"Frozen Egg 2"},{"floor":13,"key":"Meat on the Bone"},{"floor":23,"key":"Bottled Flame"},{"floor":27,"key":"Nunchaku"},{"floor":28,"key":"Juzu Bracelet"},{"floor":32,"key":"Prayer Wheel"},{"floor":40,"key":"Strawberry"},{"floor":41,"key":"Du-Vu Doll"},{"floor":42,"key":"Mango"},{"floor":43,"key":"Lantern"},{"floor":45,"key":"Tingsha"},{"floor":52,"key":"Gremlin Horn"},{"floor":54,"key":"FossilizedHelix"}],"event_choices":[{"cards_removed":["Defend_G"],"damage_healed":0,"gold_gain":0,"player_choice":"Purged","damage_taken":0,"max_hp_gain":0,"max_hp_loss":0,"event_name":"Purifier","floor":3,"gold_loss":0},{"damage_healed":0,"gold_gain":0,"player_choice":"Simplicity","damage_taken":0,"max_hp_gain":0,"max_hp_loss":0,"event_name":"Back to Basics","floor":25,"gold_loss":0,"cards_upgraded":["Defend_G","Defend_G","Defend_G","Defend_G","Strike_G"]},{"damage_healed":0,"gold_gain":0,"player_choice":"Forge","damage_taken":0,"max_hp_gain":0,"max_hp_loss":0,"event_name":"Accursed Blacksmith","floor":29,"gold_loss":0,"cards_upgraded":["Night Terror"]},{"damage_healed":0,"gold_gain":0,"player_choice":"Fight","damage_taken":0,"max_hp_gain":0,"max_hp_loss":0,"event_name":"Colosseum","floor":31,"gold_loss":0},{"damage_healed":0,"gold_gain":0,"player_choice":"Fled From Nobs","damage_taken":0,"max_hp_gain":0,"max_hp_loss":0,"event_name":"Colosseum","floor":31,"gold_loss":0},{"damage_healed":0,"gold_gain":0,"player_choice":"Memory 1","damage_taken":0,"max_hp_gain":0,"max_hp_loss":0,"event_name":"SensoryStone","floor":39,"gold_loss":0},{"damage_healed":0,"gold_gain":0,"player_choice":"Fight","damage_taken":0,"max_hp_gain":0,"max_hp_loss":0,"event_name":"MindBloom","floor":45,"gold_loss":0},{"damage_healed":80,"gold_gain":0,"player_choice":"Heal","damage_taken":0,"max_hp_gain":0,"max_hp_loss":11,"event_name":"The Moai Head","floor":46,"gold_loss":0},{"damage_healed":0,"gold_gain":0,"player_choice":"Max HP","damage_taken":0,"max_hp_gain":0,"max_hp_loss":4,"event_name":"Winding Halls","floor":47,"gold_loss":0}],"is_beta":true,"boss_relics":[{"not_picked":["Eternal Feather","Philosopher\u0027s Stone"],"picked":"Sozu"},{"not_picked":["Astrolabe","Black Star"],"picked":"Fusion Hammer"}],"items_purged_floors":[20,21],"is_endless":false,"potions_floor_spawned":[1,2,7,10,14,16,18,22,30,36,38],"ascension_level":2}