{"gold_per_floor":[112,125,125,137,137,137,137,137,137,150,177,177,189,220,220,322,322,340,340,340,25,25,25,57,57,84,94,94,123,154,254,254,359,359,370,388,406,420,420,420,447,447,447,396,412,412,426,4,4,4],"floor_reached":51,"playtime":2157,"items_purged":["Strike_R+1"],"score":891,"play_id":"bf19fd8a-47b5-4c7c-a2c6-a84752842800","local_time":"20190109231312","is_ascension_mode":true,"campfire_choices":[{"data":"Twin Strike","floor":6,"key":"SMITH"},{"data":"Flame Barrier","floor":8,"key":"SMITH"},{"data":"True Grit","floor":12,"key":"SMITH"},{"data":"Spot Weakness","floor":15,"key":"SMITH"},{"data":"Ghostly","floor":23,"key":"SMITH"},{"data":"Barricade","floor":28,"key":"SMITH"},{"floor":32,"key":"REST"},{"data":"Ghostly","floor":40,"key":"SMITH"},{"data":"Juggernaut","floor":42,"key":"SMITH"},{"data":"Juggernaut","floor":46,"key":"SMITH"},{"data":"Metallicize","floor":49,"key":"SMITH"}],"neow_cost":"PERCENT_DAMAGE","seed_source_timestamp":14440214080382,"circlet_count":0,"master_deck":["Strike_R+1","Strike_R+1","Strike_R+1","Defend_R+1","Defend_R+1","Defend_R+1","Defend_R+1","Bash","Immolate+1","True Grit+1","Flame Barrier+1","Twin Strike+1","Rage","Spot Weakness+1","Clothesline","True Grit","Juggernaut+1","Shrug It Off","Ghostly+1","Ghostly+1","Ghostly","Ghostly","Ghostly","Shrug It Off","Corruption","Barricade+1","Entrench+1","Metallicize+1","Entrench+1","Entrench+1","Juggernaut+1","Shrug It Off","Sentinel","Body Slam+1","Headbutt+1","Master of Strategy","Twin Strike+1","Impatience"],"relics":["Burning Blood","Shuriken","StoneCalendar","Boot","Self Forming Clay","Mark of Pain","Membership Card","Vajra","Bag of Preparation","Red Skull","Red Mask","War Paint","Lizard Tail","Paper Frog","Molten Egg 2","Oddly Smooth Stone","Dodecahedron","Anchor"],"potions_floor_usage":[11,18,30,33,33,38,45,50,50,50],"damage_taken":[{"damage":7,"enemies":"Jaw Worm","floor":1,"turns":3},{"damage":0,"enemies":"Small Slimes","floor":2,"turns":2},{"damage":0,"enemies":"Cultist","floor":4,"turns":2},{"damage":0,"enemies":"3 Louse","floor":10,"turns":3},{"damage":8,"enemies":"Gremlin Nob","floor":11,"turns":4},{"damage":0,"enemies":"2 Fungi Beasts","floor":13,"turns":2},{"damage":4,"enemies":"3 Sentries","floor":14,"turns":3},{"damage":36,"enemies":"The Guardian","floor":16,"turns":10},{"damage":0,"enemies":"3 Byrds","floor":18,"turns":3},{"damage":2,"enemies":"Slavers","floor":24,"turns":7},{"damage":2,"enemies":"2 Thieves","floor":27,"turns":4},{"damage":2,"enemies":"Masked Bandits","floor":29,"turns":4},{"damage":30,"enemies":"Gremlin Leader","floor":30,"turns":7},{"damage":11,"enemies":"Automaton","floor":33,"turns":12},{"damage":0,"enemies":"3 Darklings","floor":35,"turns":6},{"damage":5,"enemies":"Orb Walker","floor":36,"turns":5},{"damage":23,"enemies":"Sphere and 2 Shapes","floor":37,"turns":6},{"damage":20,"enemies":"4 Shapes","floor":38,"turns":7},{"damage":2,"enemies":"Nemesis","floor":41,"turns":9},{"damage":0,"enemies":"Transient","floor":45,"turns":5},{"damage":5,"enemies":"3 Darklings","floor":47,"turns":7},{"damage":28,"enemies":"Time Eater","floor":50,"turns":10}],"seed_played":"-5248878918877249740","potions_obtained":[{"floor":1,"key":"LiquidBronze"},{"floor":10,"key":"Block Potion"},{"floor":11,"key":"SneckoOil"},{"floor":14,"key":"Strength Potion"},{"floor":29,"key":"EssenceOfSteel"},{"floor":30,"key":"Strength Potion"},{"floor":35,"key":"BloodPotion"},{"floor":38,"key":"GamblersBrew"},{"floor":41,"key":"AttackPotion"},{"floor":47,"key":"Poison Potion"}],"is_trial":false,"path_per_floor":["M","M","?","M","?","R","?","R","T","M","E","R","M","E","R","B",null,"M","?","?","$","$","R","E","?","T","M","R","?","E","?","R","B",null,"M","M","M","M","?","R","E","R","T","?","M","R","M","$","R","B",null],"character_chosen":"IRONCLAD","items_purchased":["Membership Card","Shrug It Off","Corruption","Vajra","Master of Strategy","Twin Strike+1","Impatience","Dodecahedron","Anchor","SkillPotion"],"campfire_rested":1,"item_purchase_floors":[21,21,21,21,48,48,48,48,48,48],"current_hp_per_floor":[55,61,61,67,64,64,64,64,64,70,68,68,74,76,76,46,80,80,40,40,40,40,40,40,40,40,40,40,40,16,16,28,23,40,40,40,23,13,35,35,35,35,35,35,35,35,35,35,35,13],"gold":4,"neow_bonus":"THREE_RARE_CARDS","is_prod":false,"is_daily":false,"chose_seed":false,"campfire_upgraded":10,"win_rate":0,"timestamp":1547093592,"path_taken":["M","M","?","M","?","R","?","R","T","?","E","R","M","E","R","BOSS","M","?","?","?","$","R","E","?","T","M","R","?","E","?","R","BOSS","M","?","M","?","?","R","E","R","T","?","M","R","?","$","R","BOSS"],"build_version":"2019-01-08","purchased_purges":1,"victory":true,"max_hp_per_floor":[80,80,80,80,80,80,80,80,80,80,80,80,80,80,80,80,80,80,40,40,40,40,40,40,40,40,40,40,40,40,40,40,40,40,40,40,40,40,35,35,35,35,35,35,35,35,35,35,35,35],"card_choices":[{"not_picked":["Juggernaut","Bludgeon"],"picked":"Immolate","floor":0},{"not_picked":["Combust","Headbutt"],"picked":"True Grit","floor":1},{"not_picked":["Spot Weakness","Clash"],"picked":"Flame Barrier","floor":2},{"not_picked":["Wild Strike","Body Slam"],"picked":"Twin Strike","floor":4},{"not_picked":["Sentinel","Shrug It Off"],"picked":"Spot Weakness","floor":10},{"not_picked":["Inflame","Perfected Strike"],"picked":"Clothesline","floor":11},{"not_picked":["Blood for Blood","Hemokinesis","Second Wind"],"picked":"SKIP","floor":13},{"not_picked":["Intimidate","Infernal Blade"],"picked":"True Grit","floor":14},{"not_picked":["Exhume","Fiend Fire"],"picked":"Juggernaut","floor":16},{"not_picked":["Ghostly Armor","Perfected Strike"],"picked":"Shrug It Off","floor":18},{"not_picked":["Armaments","Flex+1"],"picked":"Barricade","floor":24},{"not_picked":["Flex+1","Clothesline"],"picked":"Metallicize","floor":27},{"not_picked":["Infernal Blade","Cleave"],"picked":"Entrench","floor":29},{"not_picked":["Twin Strike","Power Through+1"],"picked":"Entrench+1","floor":30},{"not_picked":["Brutality","Feed"],"picked":"Juggernaut","floor":33},{"not_picked":["Thunderclap+1","Second Wind+1","Iron Wave"],"picked":"SKIP","floor":35},{"not_picked":["Inflame","Wild Strike+1"],"picked":"Shrug It Off","floor":36},{"not_picked":["Pummel+1","Searing Blow+1"],"picked":"Sentinel","floor":37},{"not_picked":["Infernal Blade+1","Clash+1","Perfected Strike"],"picked":"SKIP","floor":38},{"not_picked":["Perfected Strike+1","Wild Strike+1","Combust"],"picked":"SKIP","floor":41},{"not_picked":["Heavy Blade+1","Second Wind+1"],"picked":"Body Slam+1","floor":45},{"not_picked":["Anger+1","Combust+1"],"picked":"Headbutt+1","floor":47}],"player_experience":1222142,"relics_obtained":[{"floor":9,"key":"StoneCalendar"},{"floor":11,"key":"Boot"},{"floor":14,"key":"Self Forming Clay"},{"floor":24,"key":"Bag of Preparation"},{"floor":26,"key":"Red Skull"},{"floor":29,"key":"Red Mask"},{"floor":30,"key":"War Paint"},{"floor":41,"key":"Paper Frog"},{"floor":43,"key":"Molten Egg 2"}],"event_choices":[{"damage_healed":0,"gold_gain":0,"player_choice":"Grow","damage_taken":0,"max_hp_gain":0,"max_hp_loss":0,"event_name":"Living Wall","floor":3,"gold_loss":0,"cards_upgraded":["Immolate"]},{"damage_healed":0,"gold_gain":0,"player_choice":"Success","damage_taken":3,"relics_obtained":["Shuriken"],"max_hp_gain":0,"max_hp_loss":0,"event_name":"Scrap Ooze","floor":5,"gold_loss":0},{"damage_healed":0,"gold_gain":0,"cards_transformed":["Strike_R"],"player_choice":"Transformed","damage_taken":0,"max_hp_gain":0,"max_hp_loss":0,"event_name":"Transmorgrifier","floor":7,"gold_loss":0,"cards_obtained":["Rage"]},{"damage_healed":0,"gold_gain":0,"player_choice":"Became a Ghost","damage_taken":0,"max_hp_gain":0,"max_hp_loss":40,"event_name":"Ghosts","floor":19,"gold_loss":0,"cards_obtained":["Ghostly","Ghostly","Ghostly","Ghostly","Ghostly"]},{"damage_healed":0,"gold_gain":0,"player_choice":"Simplicity","damage_taken":0,"max_hp_gain":0,"max_hp_loss":0,"event_name":"Back to Basics","floor":20,"gold_loss":0,"cards_upgraded":["Strike_R","Strike_R","Strike_R","Strike_R","Defend_R","Defend_R","Defend_R","Defend_R"]},{"damage_healed":0,"gold_gain":0,"player_choice":"Read","damage_taken":0,"max_hp_gain":0,"max_hp_loss":0,"event_name":"The Library","floor":25,"gold_loss":0,"cards_obtained":["Entrench"]},{"damage_healed":0,"gold_gain":0,"player_choice":"Fought Bandits","damage_taken":0,"max_hp_gain":0,"max_hp_loss":0,"event_name":"Masked Bandits","floor":29,"gold_loss":0},{"damage_healed":0,"gold_gain":100,"player_choice":"Pray","damage_taken":0,"max_hp_gain":0,"max_hp_loss":0,"event_name":"Golden Shrine","floor":31,"gold_loss":0},{"damage_healed":35,"gold_gain":0,"player_choice":"Heal","damage_taken":0,"max_hp_gain":0,"max_hp_loss":5,"event_name":"The Moai Head","floor":39,"gold_loss":0},{"damage_healed":0,"gold_gain":0,"player_choice":"Paid Gold","damage_taken":0,"relics_obtained":["Oddly Smooth Stone"],"max_hp_gain":0,"max_hp_loss":0,"event_name":"WeMeetAgain","floor":44,"gold_loss":51}],"is_beta":true,"boss_relics":[{"not_picked":["Runic Cube","Calling Bell"],"picked":"Mark of Pain"},{"not_picked":["Black Blood","Empty Cage"],"picked":"Lizard Tail"}],"items_purged_floors":[48],"is_endless":false,"potions_floor_spawned":[1,10,11,14,29,30,35,38,41,47],"ascension_level":2}