{"gold_per_floor":[115,129,129,144,144,170,170,188,214,31,31,42,42,67,67,163,163,180,180,233,249,267,267,279,298,298,298,397,397,411,429,429,429],"floor_reached":33,"playtime":1623,"items_purged":[],"score":259,"play_id":"51f604f5-59d7-4331-947b-ab609a17efbd","local_time":"20181107203933","is_ascension_mode":false,"campfire_choices":[{"floor":7.0,"key":"RECALL"},{"floor":11.0,"key":"REST"},{"floor":13.0,"key":"REST"},{"data":"Creative AI","floor":15.0,"key":"SMITH"},{"floor":23,"key":"REST"},{"floor":27,"key":"REST"},{"floor":32,"key":"REST"}],"neow_cost":"NONE","seed_source_timestamp":0,"circlet_count":0,"master_deck":["Strike_B+1","Strike_B+1","Strike_B+1","Strike_B+1","Defend_B+1","Defend_B+1","Defend_B+1","Defend_B+1","Zap","Dualcast","Streamline","White Noise","Conserve Battery","Scrape","Multi-Cast","Creative AI+1","Glacier","Leap","Skim","Buffer","Static Discharge","Leap+1","Hologram","Turbo","Glacier","Creative AI"],"special_seed":0,"relics":["Cracked Core","Pen Nib","Regal Pillow","Juzu Bracelet","Runic Pyramid","Strawberry","Blue Candle"],"potions_floor_usage":[22,33,33,33],"damage_taken":[{"damage":4.0,"enemies":"Cultist","floor":1.0,"turns":4.0},{"damage":6.0,"enemies":"Jaw Worm","floor":2.0,"turns":3.0},{"damage":3.0,"enemies":"Small Slimes","floor":4.0,"turns":2.0},{"damage":44.0,"enemies":"Lagavulin","floor":6.0,"turns":6.0},{"damage":0.0,"enemies":"Exordium Wildlife","floor":8.0,"turns":3.0},{"damage":10.0,"enemies":"Red Slaver","floor":12.0,"turns":5.0},{"damage":24.0,"enemies":"3 Sentries","floor":14.0,"turns":7.0},{"damage":47.0,"enemies":"Hexaghost","floor":16.0,"turns":13.0},{"damage":21,"enemies":"Spheric Guardian","floor":18,"turns":8},{"damage":24,"enemies":"Chosen","floor":21,"turns":8},{"damage":6,"enemies":"Centurion and Healer","floor":22,"turns":10},{"damage":51,"enemies":"3 Cultists","floor":24,"turns":6},{"damage":0,"enemies":"Snecko","floor":25,"turns":6},{"damage":15,"enemies":"Shelled Parasite and Fungi","floor":30,"turns":4},{"damage":1,"enemies":"Snake Plant","floor":31,"turns":7},{"damage":101,"enemies":"Collector","floor":33,"turns":5}],"seed_played":"130867043650287497","potions_obtained":[{"floor":4.0,"key":"SteroidPotion"},{"floor":6.0,"key":"SkillPotion"},{"floor":16.0,"key":"GamblersBrew"},{"floor":21,"key":"Regen Potion"},{"floor":30,"key":"GamblersBrew"},{"floor":31,"key":"EntropicBrew"}],"is_trial":false,"path_per_floor":["M","M","?","M","?","E","R","M","T","$","R","M","R","E","R","B",null,"M","?","T","M","M","R","M","M","T","R","?","?","M","M","R","B"],"character_chosen":"DEFECT","items_purchased":["Creative AI","Glacier"],"campfire_rested":5,"item_purchase_floors":[10,10],"current_hp_per_floor":[71,65,75,72,72,28,28,28,28,28,65,55,75,51,51,4,75,54,54,61,37,36,75,24,24,24,63,63,63,48,47,82,0],"gold":429,"neow_bonus":"RANDOM_COMMON_RELIC","is_prod":false,"is_daily":false,"chose_seed":false,"campfire_upgraded":1,"win_rate":0,"timestamp":1541641173,"path_taken":["M","M","?","?","?","E","R","M","T","$","R","M","R","E","R","BOSS","M","?","?","M","M","R","M","M","T","R","?","?","M","M","R","BOSS"],"build_version":"2018-11-06","purchased_purges":0,"victory":false,"max_hp_per_floor":[75,75,75,75,75,75,75,75,75,75,75,75,75,75,75,75,75,75,75,82,82,82,82,82,82,82,82,82,82,82,82,82,82],"card_choices":[{"not_picked":["Beam Cell","Stack"],"picked":"Streamline","floor":1.0},{"not_picked":["Double Energy","Barrage"],"picked":"White Noise","floor":2.0},{"not_picked":["Barrage","Steam"],"picked":"Conserve Battery","floor":4.0},{"not_picked":["Darkness","Hologram"],"picked":"Scrape","floor":6.0},{"not_picked":["Streamline","Hello World"],"picked":"Multi-Cast","floor":8.0},{"not_picked":["Go for the Eyes","Fusion"],"picked":"Leap","floor":12.0},{"not_picked":["Beam Cell","Streamline"],"picked":"Skim","floor":14.0},{"not_picked":["Rainbow","Machine Learning"],"picked":"Buffer","floor":16.0},{"not_picked":["Steam+1","Compile Driver"],"picked":"Static Discharge","floor":18},{"not_picked":["Coolheaded","Stack"],"picked":"Leap+1","floor":21},{"not_picked":["Sweeping Beam","Gash","Rebound"],"picked":"SKIP","floor":22},{"not_picked":["Heatsinks","Steam"],"picked":"Hologram","floor":24},{"not_picked":["Beam Cell","Static Discharge"],"picked":"Turbo","floor":25},{"not_picked":["Rebound","Darkness"],"picked":"Glacier","floor":30},{"not_picked":["Conserve Battery+1","Capacitor"],"picked":"Creative AI","floor":31}],"player_experience":911433,"relics_obtained":[{"floor":6.0,"key":"Regal Pillow"},{"floor":14.0,"key":"Juzu Bracelet"},{"floor":20,"key":"Strawberry"},{"floor":26,"key":"Blue Candle"}],"event_choices":[{"damage_healed":10.0,"max_hp_gain":0.0,"max_hp_loss":0.0,"gold_gain":0.0,"event_name":"Wheel of Change","player_choice":"Full Heal","floor":3.0,"gold_loss":0.0,"damage_taken":0.0},{"damage_healed":0.0,"max_hp_gain":0.0,"max_hp_loss":0.0,"gold_gain":0.0,"event_name":"Liars Game","player_choice":"Ignored","floor":5.0,"gold_loss":0.0,"damage_taken":0.0},{"damage_healed":0,"gold_gain":0,"player_choice":"Simplicity","damage_taken":0,"max_hp_gain":0,"max_hp_loss":0,"event_name":"Back to Basics","floor":19,"gold_loss":0,"cards_upgraded":["Strike_B","Strike_B","Strike_B","Strike_B","Defend_B","Defend_B","Defend_B","Defend_B"]},{"damage_healed":0,"gold_gain":99,"player_choice":"Stole From Cult","damage_taken":0,"max_hp_gain":0,"max_hp_loss":0,"event_name":"Nest","floor":28,"gold_loss":0},{"damage_healed":0,"gold_gain":0,"player_choice":"Ignored","damage_taken":0,"max_hp_gain":0,"max_hp_loss":0,"event_name":"Beggar","floor":29,"gold_loss":0}],"is_beta":true,"boss_relics":[{"not_picked":["Black Star","Ectoplasm"],"picked":"Runic Pyramid"}],"items_purged_floors":[],"is_endless":false,"potions_floor_spawned":[4,6,16,21,30,31],"killed_by":"Collector","ascension_level":0}