{"gold_per_floor":[13,13,32,32,49,81,81,113,113,127,140,65,100,112,112,184,184,198,211,28,28,428,388,416,416,443,456,456,456],"floor_reached":29,"playtime":3272,"items_purged":["Strike_G","Strike_G"],"score":526,"play_id":"dccba86a-b940-4602-aa27-39ef1041ccc9","local_time":"20190122202250","is_ascension_mode":true,"campfire_choices":[{"data":"Predator","floor":7.0,"key":"SMITH"},{"floor":15.0,"key":"REST"},{"floor":25,"key":"REST"},{"floor":28,"key":"REST"}],"neow_cost":"NO_GOLD","seed_source_timestamp":512257341419315,"circlet_count":0,"master_deck":["AscendersBane","Defend_G","Defend_G","Defend_G","Defend_G","Strike_G","Survivor","Neutralize","Adrenaline","Infinite Blades","Blade Dance","Deadly Poison","Caltrops","Predator+1","Noxious Fumes","Noxious Fumes","Backstab","Catalyst","Malaise","Footwork","Well Laid Plans","PiercingWail"],"special_seed":0,"relics":["Ring of the Snake","Pen Nib","Singing Bowl","Oddly Smooth Stone","Orichalcum","Snecko Eye","Old Coin","Question Card","Lantern"],"potions_floor_usage":[22,22,24,24,29],"damage_taken":[{"damage":3.0,"enemies":"Jaw Worm","floor":1.0,"turns":4.0},{"damage":0.0,"enemies":"2 Louse","floor":3.0,"turns":4.0},{"damage":0.0,"enemies":"Cultist","floor":5.0,"turns":3.0},{"damage":10.0,"enemies":"Lagavulin","floor":6.0,"turns":5.0},{"damage":24.0,"enemies":"3 Sentries","floor":8.0,"turns":9.0},{"damage":0.0,"enemies":"3 Louse","floor":10.0,"turns":5.0},{"damage":7.0,"enemies":"Blue Slaver","floor":11.0,"turns":3.0},{"damage":8.0,"enemies":"Lagavulin","floor":13.0,"turns":6.0},{"damage":7.0,"enemies":"Gremlin Gang","floor":14.0,"turns":5.0},{"damage":13.0,"enemies":"The Guardian","floor":16.0,"turns":8.0},{"damage":13.0,"enemies":"2 Thieves","floor":18.0,"turns":4.0},{"damage":20.0,"enemies":"Chosen","floor":19.0,"turns":5.0},{"damage":6,"enemies":"Colosseum Slavers","floor":22,"turns":4},{"damage":13,"enemies":"Colosseum Nobs","floor":22,"turns":5},{"damage":9,"enemies":"Book of Stabbing","floor":24,"turns":7},{"damage":21,"enemies":"Snake Plant","floor":27,"turns":5},{"damage":29,"enemies":"Slavers","floor":29,"turns":4}],"seed_played":"4516434735637461691","potions_obtained":[{"floor":5.0,"key":"Strength Potion"},{"floor":6.0,"key":"SteroidPotion"},{"floor":8.0,"key":"Strength Potion"},{"floor":13.0,"key":"Ancient Potion"},{"floor":16.0,"key":"SteroidPotion"},{"floor":19.0,"key":"Block Potion"},{"floor":22,"key":"SpeedPotion"},{"floor":23,"key":"GhostInAJar"},{"floor":24,"key":"AttackPotion"}],"is_trial":false,"path_per_floor":["?","?","M","?","?","?","M"],"character_chosen":"THE_SILENT","items_purchased":["Footwork"],"campfire_rested":3,"item_purchase_floors":[20],"current_hp_per_floor":[56,61,61,61,61,51,51,27,27,29,22,22,14,7,28,15,59,48,30,30,30,13,13,4,27,27,6,29,0],"gold":456,"neow_bonus":"TRANSFORM_TWO_CARDS","is_prod":false,"is_daily":false,"chose_seed":false,"campfire_upgraded":1,"win_rate":0,"timestamp":1548217370,"path_taken":["M","?","M","?","M","E","R","E","T","M","M","$","E","?","R","BOSS","M","M","$","?","?","?","E","R","T","?","R","E"],"build_version":"2019-01-22","purchased_purges":2,"victory":false,"max_hp_per_floor":[66,71,71,71,71,71,71,71,71,73,73,73,73,73,73,73,73,75,77,77,77,79,79,79,79,79,79,79,79],"card_choices":[{"not_picked":["Dagger Throw","Blur"],"picked":"Blade Dance","floor":1.0},{"not_picked":["Escape Plan","PiercingWail"],"picked":"Deadly Poison","floor":3.0},{"not_picked":["Outmaneuver","Riddle With Holes"],"picked":"Caltrops","floor":5.0},{"not_picked":["Night Terror","Acrobatics"],"picked":"Predator","floor":6.0},{"not_picked":["Escape Plan","Tactician"],"picked":"Noxious Fumes","floor":8.0},{"not_picked":["Poisoned Stab","Masterful Stab","Acrobatics"],"picked":"Singing Bowl","floor":10.0},{"not_picked":["Dagger Spray","Skewer"],"picked":"Noxious Fumes","floor":11.0},{"not_picked":["Underhanded Strike","Sucker Punch"],"picked":"Backstab","floor":13.0},{"not_picked":["Quick Slash","Distraction"],"picked":"Catalyst","floor":14.0},{"not_picked":["Adrenaline","Storm of Steel"],"picked":"Malaise","floor":16.0},{"not_picked":["Outmaneuver+1","Concentrate","Deadly Poison"],"picked":"Singing Bowl","floor":18.0},{"not_picked":["Dodge and Roll","Quick Slash","Dagger Spray"],"picked":"Singing Bowl","floor":19.0},{"not_picked":["Deflect","Deadly Poison","Quick Slash"],"picked":"Singing Bowl","floor":22},{"not_picked":["Escape Plan","Reflex","Finisher"],"picked":"Well Laid Plans","floor":24},{"not_picked":["Flying Knee","Setup","Acrobatics"],"picked":"PiercingWail","floor":27}],"player_experience":1280976,"relics_obtained":[{"floor":6.0,"key":"Pen Nib"},{"floor":8.0,"key":"Singing Bowl"},{"floor":9.0,"key":"Oddly Smooth Stone"},{"floor":13.0,"key":"Orichalcum"},{"floor":22,"key":"Old Coin"},{"floor":22,"key":"Question Card"},{"floor":24,"key":"Lantern"}],"event_choices":[{"damage_healed":0.0,"max_hp_gain":5.0,"max_hp_loss":0.0,"gold_gain":0.0,"event_name":"Big Fish","player_choice":"Donut","floor":2.0,"gold_loss":0.0,"damage_taken":0.0},{"cards_removed":["Strike_G"],"damage_healed":0.0,"max_hp_gain":0.0,"max_hp_loss":0.0,"gold_gain":0.0,"event_name":"Bonfire Elementals","player_choice":"Offered Basic","floor":4.0,"gold_loss":0.0,"damage_taken":0.0},{"damage_healed":0,"gold_gain":0,"player_choice":"Fight","damage_taken":0,"max_hp_gain":0,"max_hp_loss":0,"event_name":"Colosseum","floor":22,"gold_loss":0},{"damage_healed":0,"gold_gain":0,"player_choice":"Fought Nobs","damage_taken":0,"max_hp_gain":0,"max_hp_loss":0,"event_name":"Colosseum","floor":22,"gold_loss":0},{"damage_healed":0,"gold_gain":0,"player_choice":"Bought 3 Potions","damage_taken":0,"max_hp_gain":0,"max_hp_loss":0,"event_name":"The Woman in Blue","floor":23,"gold_loss":0}],"is_beta":true,"boss_relics":[{"not_picked":["Tiny House","Coffee Dripper"],"picked":"Snecko Eye"}],"items_purged_floors":[12,20],"is_endless":false,"potions_floor_spawned":[5,6,8,13,16,19,22,24],"killed_by":"Slavers","ascension_level":20}