{"path_per_floor":["M","?","M","?","M","E","R","E","T","?","M","?","R","M","R","B",null,"M","?","M","?","$","R","M","$","T","M","E","?","T","E","R","B",null,"M","?","?","M","M","R","E","?","T","$","R","M","T"],"character_chosen":"IRONCLAD","items_purchased":["Ancient Tea Set","Trip","Heavy Blade"],"gold_per_floor":[19,19,30,30,49,83,83,116,142,207,221,221,221,231,231,331,331,343,343,359,359,30,30,46,46,46,58,89,14,69,102,102,197,197,210,0,0,19,39,39,66,112,112,63,63,76,76],"floor_reached":48,"campfire_rested":4,"playtime":1720,"current_hp_per_floor":[80,77,77,77,74,44,44,34,34,26,22,22,46,44,68,42,80,80,80,80,65,65,65,71,71,71,67,43,43,43,14,54,38,85,79,79,68,62,33,73,67,44,51,51,51,29,29],"items_purged":["Corruption"],"gold":76,"score":531,"play_id":"e16b005b-b28d-4adf-a45a-f7f04a9f6cd6","local_time":"20180311205553","is_prod":false,"is_daily":false,"is_ascension_mode":false,"campfire_upgraded":3,"timestamp":1520816153,"path_taken":["M","?","M","?","M","E","R","E","T","?","M","?","R","?","R","BOSS","M","?","M","?","$","R","M","$","T","M","E","?","?","E","R","BOSS","M","?","?","M","M","R","E","?","T","$","R","M","?","?"],"build_version":"2018-03-09","purchased_purges":2,"victory":false,"master_deck":["Strike_R","Strike_R","Strike_R","Defend_R+1","Defend_R+1","Defend_R","Bash","Heavy Blade+1","Inflame+1","Limit Break+1","Heavy Blade+1","Brutality","Trip","Sword Boomerang+1","Dropkick+1","Flex","Double Tap+1","Madness","Madness","Thunderclap+1","Clash","Heavy Blade"],"max_hp_per_floor":[80,80,80,80,80,80,80,80,80,80,80,80,80,80,80,80,80,80,80,80,85,85,85,85,85,85,85,85,85,85,85,85,85,85,85,85,85,85,85,85,85,85,92,92,92,92,92],"relics":["Burning Blood","Vajra","Happy Flower","Toolbox","War Paint","Mummified Hand","Philosopher\u0027s Stone","Ancient Tea Set","Frozen Eye","Letter Opener","Tiny Chest","Regal Pillow","Sozu","Red Mask","Bronze Scales","Charon\u0027s Ashes","Strawberry","Bird Faced Urn"],"card_choices":[{"not_picked":["Shockwave","Perfected Strike"],"picked":"Heavy Blade"},{"not_picked":["True Grit","Anger"],"picked":"Inflame"},{"not_picked":["True Grit","Armaments"],"picked":"Limit Break"},{"not_picked":["Rupture","Twin Strike"],"picked":"Heavy Blade"},{"not_picked":["Infernal Blade","Twin Strike"],"picked":"Corruption"},{"not_picked":["Fiend Fire","Demon Form"],"picked":"Brutality"},{"not_picked":["Pommel Strike","Power Through"],"picked":"Sword Boomerang"},{"not_picked":["Warcry","Havoc"],"picked":"Dropkick"},{"not_picked":["Second Wind","Armaments"],"picked":"Flex"},{"not_picked":["Immolate","Berserk"],"picked":"Double Tap"},{"not_picked":["Cleave","Power Through"],"picked":"Thunderclap"},{"not_picked":["Body Slam","Armaments"],"picked":"Clash"}],"player_experience":543071,"potions_floor_usage":[8,16,24,27,28,31,33],"damage_taken":[{"damage":2,"enemies":"2 Louse","floor":1,"turns":3},{"damage":6,"enemies":"Jaw Worm","floor":3,"turns":3},{"damage":9,"enemies":"Small Slimes","floor":5,"turns":3},{"damage":36,"enemies":"Lagavulin","floor":6,"turns":5},{"damage":22,"enemies":"3 Sentries","floor":8,"turns":5},{"damage":14,"enemies":"3 Sentries","floor":10,"turns":5},{"damage":10,"enemies":"Exordium Wildlife","floor":11,"turns":3},{"damage":8,"enemies":"Red Slaver","floor":14,"turns":2},{"damage":32,"enemies":"Slime Boss","floor":16,"turns":7},{"damage":0,"enemies":"Chosen","floor":18,"turns":2},{"damage":4,"enemies":"Spheric Guardian","floor":20,"turns":3},{"damage":0,"enemies":"Centurion and Healer","floor":24,"turns":3},{"damage":10,"enemies":"Snecko","floor":27,"turns":3},{"damage":30,"enemies":"Slavers","floor":28,"turns":4},{"damage":35,"enemies":"Gremlin Leader","floor":31,"turns":5},{"damage":37,"enemies":"Automaton","floor":33,"turns":6},{"damage":12,"enemies":"Orb Walker","floor":35,"turns":2},{"damage":12,"enemies":"3 Shapes","floor":38,"turns":4},{"damage":35,"enemies":"Maw","floor":39,"turns":4},{"damage":12,"enemies":"2 Orb Walkers","floor":41,"turns":3},{"damage":29,"enemies":"Mysterious Sphere","floor":42,"turns":4},{"damage":28,"enemies":"4 Shapes","floor":46,"turns":3},{"damage":32,"enemies":"Sphere and 2 Shapes","floor":48,"turns":3}],"event_choices":[{"event_name":"Scrap Ooze","player_choice":"success","floor":2,"damage_taken":3},{"event_name":"Upgrade Shrine","player_choice":"Upgraded","floor":4,"damage_taken":0},{"event_name":"Dead Adventurer","player_choice":"Searched \u00271\u0027 times","floor":10,"damage_taken":0},{"event_name":"Living Wall","player_choice":"Grow","floor":12,"damage_taken":0},{"event_name":"The Lab","player_choice":"Got Potions","floor":19,"damage_taken":0},{"event_name":"Forgotten Altar","player_choice":"Shed Blood","floor":21,"damage_taken":0},{"event_name":"Beggar","player_choice":"Gave Gold","floor":29,"damage_taken":0},{"event_name":"Tomb of Lord Red Mask","player_choice":"Paid","floor":36,"damage_taken":0},{"event_name":"Winding Halls","player_choice":"Embrace Madness","floor":37,"damage_taken":0},{"event_name":"Mysterious Sphere","player_choice":"Fight","floor":42,"damage_taken":0}],"boss_relics":[{"not_picked":["Velvet Choker","Black Blood"],"picked":"Philosopher\u0027s Stone"},{"not_picked":["Pandora\u0027s Box","Orrery"],"picked":"Sozu"}],"potions_floor_spawned":[1,6,8,11,18,27,31,38,42],"seed_played":"-2268745699940246212","killed_by":"Sphere and 2 Shapes","ascension_level":0,"is_trial":false}