{"gold_per_floor":[213,7,7,21,21,21,21,21,21,21,41,75,89,164,164,259,259,259,259,259,259,259,259,259,259,259,259,259,259,259,259,259,259,259,259,184,184,40,40,40,40,40,40,40,40,40,40,40,40,40,40,40,3,3,3],"floor_reached":55,"playtime":2211,"items_purged":["Strike_B"],"score":893,"play_id":"236fe767-b1f9-4d1e-ad0d-4b9ee1a5bb56","local_time":"20190126114539","is_ascension_mode":true,"campfire_choices":[{"data":"Sunder","floor":6.0,"key":"SMITH"},{"data":"Barrage","floor":8.0,"key":"SMITH"},{"data":"Dualcast","floor":10.0,"key":"SMITH"},{"floor":15.0,"key":"REST"},{"floor":23,"key":"REST"},{"data":"Defragment","floor":25,"key":"SMITH"},{"data":"Buffer","floor":30,"key":"SMITH"},{"floor":32,"key":"REST"},{"data":"Coolheaded","floor":41,"key":"SMITH"},{"floor":44,"key":"REST"},{"floor":49,"key":"RECALL"},{"data":"Echo Form","floor":52,"key":"SMITH"}],"neow_cost":"NONE","seed_source_timestamp":504574729076429,"circlet_count":0,"master_deck":["Strike_B+1","Strike_B+1","Defend_B","Defend_B","Defend_B","Defend_B","Zap","Dualcast+1","Sunder+1","Coolheaded","Barrage+1","Ball Lightning","Defragment+1","Leap","Sweeping Beam","Coolheaded","Self Repair","Coolheaded+1","Hologram","Buffer+1","Darkness+1","Gash+1","Creative AI+1","Conserve Battery+1","Steam","Leap+1","Steam+1","Go for the Eyes+1","Echo Form+1","Chill","Defragment+1","Multi-Cast","Blizzard+1"],"special_seed":0,"relics":["Cracked Core","DataDisk","Unceasing Top","Bronze Scales","Ectoplasm","Girya","Kunai","Tiny Chest","Lantern","Ornamental Fan","Vajra","Nuclear Battery","Happy Flower","Prayer Wheel","Blood Vial","Oddly Smooth Stone","Molten Egg 2","Omamori","Bottled Flame"],"potions_floor_usage":[19,29,31,40,50,55,55],"damage_taken":[{"damage":0.0,"enemies":"Small Slimes","floor":1.0,"turns":3.0},{"damage":4.0,"enemies":"Jaw Worm","floor":4.0,"turns":3.0},{"damage":0.0,"enemies":"2 Louse","floor":11.0,"turns":1.0},{"damage":16.0,"enemies":"Gremlin Nob","floor":12.0,"turns":3.0},{"damage":0.0,"enemies":"2 Fungi Beasts","floor":13.0,"turns":2.0},{"damage":1,"enemies":"Slime Boss","floor":16,"turns":7},{"damage":5,"enemies":"3 Byrds","floor":18,"turns":3},{"damage":14,"enemies":"Colosseum Slavers","floor":19,"turns":3},{"damage":40,"enemies":"Colosseum Nobs","floor":19,"turns":5},{"damage":0,"enemies":"Spheric Guardian","floor":20,"turns":3},{"damage":18,"enemies":"Shelled Parasite and Fungi","floor":21,"turns":5},{"damage":2,"enemies":"Sentry and Sphere","floor":27,"turns":5},{"damage":1,"enemies":"Centurion and Healer","floor":28,"turns":5},{"damage":16,"enemies":"Book of Stabbing","floor":29,"turns":4},{"damage":27,"enemies":"Slavers","floor":31,"turns":4},{"damage":33,"enemies":"Automaton","floor":33,"turns":10},{"damage":13,"enemies":"Orb Walker","floor":35,"turns":3},{"damage":32,"enemies":"2 Orb Walkers","floor":39,"turns":5},{"damage":0,"enemies":"Nemesis","floor":40,"turns":9},{"damage":35,"enemies":"Giant Head","floor":42,"turns":10},{"damage":0,"enemies":"3 Shapes","floor":46,"turns":4},{"damage":0,"enemies":"Spire Growth","floor":47,"turns":3},{"damage":0,"enemies":"Reptomancer","floor":48,"turns":7},{"damage":37,"enemies":"Donu and Deca","floor":50,"turns":7},{"damage":39,"enemies":"Shield and Spear","floor":54,"turns":10},{"damage":62,"enemies":"The Heart","floor":55,"turns":3}],"seed_played":"-3493924723267686688","potions_obtained":[{"floor":1.0,"key":"Regen Potion"},{"floor":13.0,"key":"PowerPotion"},{"floor":19,"key":"PowerPotion"},{"floor":27,"key":"SkillPotion"},{"floor":29,"key":"FearPotion"},{"floor":40,"key":"Fire Potion"},{"floor":46,"key":"Fire Potion"}],"is_trial":false,"path_per_floor":["M","$","?","M","?","R","?","R","T","R","M","E","M","?","R","B",null,"M","?","M","M","?","R","?","R","T","M","M","E","R","E","R","B",null,"M","$","?","$","?","E","R","E","T","R","T","M","M","E","R","B",null,"R","$","E","B"],"character_chosen":"DEFECT","items_purchased":["DataDisk","Coolheaded","Happy Flower","Blizzard+1"],"campfire_rested":4,"item_purchase_floors":[2,2,38,53],"current_hp_per_floor":[75,75,60,56,61,61,61,61,61,61,61,45,45,34,58,57,80,75,21,21,10,10,34,90,90,90,90,90,81,81,54,81,55,90,77,77,77,77,52,74,74,41,41,68,68,77,86,88,88,60,90,90,90,58,0],"gold":3,"neow_bonus":"HUNDRED_GOLD","is_prod":false,"is_daily":false,"chose_seed":false,"campfire_upgraded":7,"win_rate":0,"timestamp":1548521139,"path_taken":["M","$","?","M","?","R","?","R","T","R","M","E","M","?","R","BOSS","M","?","M","M","?","R","?","R","T","?","M","E","R","E","R","BOSS","M","$","?","?","?","E","R","E","T","R","?","?","M","E","R","BOSS","R","$","E","BOSS"],"build_version":"2019-01-23","purchased_purges":1,"victory":false,"max_hp_per_floor":[75,75,75,75,80,80,80,80,80,80,80,80,80,80,80,80,80,80,80,80,80,80,80,90,90,90,90,90,90,90,90,90,90,90,90,90,90,90,90,90,90,90,90,90,90,90,90,90,90,90,90,90,90,90,90],"card_choices":[{"not_picked":["Chaos","Stack"],"picked":"Sunder","floor":1.0},{"not_picked":["Skim","Turbo"],"picked":"Barrage","floor":4.0},{"not_picked":["Darkness","Rebound"],"picked":"Ball Lightning","floor":11.0},{"not_picked":["Stack","Go for the Eyes"],"picked":"Defragment","floor":12.0},{"not_picked":["Consume","Stack"],"picked":"Leap","floor":13.0},{"not_picked":["Reboot","Rainbow"],"picked":"Core Surge","floor":16},{"not_picked":["Recycle","Aggregate+1"],"picked":"Sweeping Beam","floor":18},{"not_picked":["Rip and Tear","Steam"],"picked":"Coolheaded","floor":19},{"not_picked":["Coolheaded+1","Fusion"],"picked":"Self Repair","floor":20},{"not_picked":["Conserve Battery","Redo+1"],"picked":"Coolheaded","floor":21},{"not_picked":["Redo","Reprogram"],"picked":"Hologram","floor":27},{"not_picked":["Coolheaded","Turbo"],"picked":"Buffer","floor":28},{"not_picked":["Rebound+1","Ball Lightning"],"picked":"Darkness+1","floor":29},{"not_picked":["Blizzard","White Noise"],"picked":"Gash+1","floor":31},{"not_picked":["All For One","Buffer"],"picked":"Creative AI","floor":33},{"not_picked":["Doom and Gloom+1","Streamline"],"picked":"Conserve Battery+1","floor":35},{"not_picked":["Scrape+1","Gash+1"],"picked":"Steam","floor":39},{"not_picked":["Turbo","Rebound"],"picked":"Leap+1","floor":40},{"not_picked":["Compile Driver","Lockon"],"picked":"Steam+1","floor":42},{"not_picked":["Beam Cell+1","Hologram+1"],"picked":"Go for the Eyes+1","floor":46},{"not_picked":["Cold Snap+1","Steam+1"],"picked":"Echo Form","floor":46},{"not_picked":["Recycle","Sweeping Beam+1"],"picked":"Chill","floor":47},{"not_picked":["Consume","White Noise"],"picked":"Defragment+1","floor":47},{"not_picked":["Melter+1","Scrape+1"],"picked":"Multi-Cast","floor":48},{"not_picked":["Beam Cell+1","All For One+1","Melter+1"],"picked":"SKIP","floor":54}],"player_experience":1308649,"relics_obtained":[{"floor":9.0,"key":"Unceasing Top"},{"floor":12.0,"key":"Bronze Scales"},{"floor":19,"key":"Girya"},{"floor":19,"key":"Kunai"},{"floor":26,"key":"Lantern"},{"floor":29,"key":"Ornamental Fan"},{"floor":31,"key":"Vajra"},{"floor":39,"key":"Prayer Wheel"},{"floor":40,"key":"Blood Vial"},{"floor":42,"key":"Oddly Smooth Stone"},{"floor":45,"key":"Molten Egg 2"},{"floor":48,"key":"Omamori"},{"floor":54,"key":"Bottled Flame"}],"event_choices":[{"damage_healed":0.0,"max_hp_gain":0.0,"max_hp_loss":0.0,"gold_gain":0.0,"event_name":"Shining Light","player_choice":"Entered Light","floor":3.0,"gold_loss":0.0,"damage_taken":15.0,"cards_upgraded":["Strike_B","Strike_B"]},{"damage_healed":0.0,"max_hp_gain":5.0,"max_hp_loss":0.0,"gold_gain":0.0,"event_name":"Big Fish","player_choice":"Donut","floor":5.0,"gold_loss":0.0,"damage_taken":0.0},{"cards_removed":["Strike_B"],"damage_healed":0.0,"max_hp_gain":0.0,"max_hp_loss":0.0,"gold_gain":0.0,"event_name":"Living Wall","player_choice":"Forget","floor":7.0,"gold_loss":0.0,"damage_taken":0.0},{"damage_healed":0.0,"max_hp_gain":0.0,"max_hp_loss":0.0,"gold_gain":75.0,"event_name":"World of Goop","player_choice":"Gather Gold","floor":14.0,"gold_loss":0.0,"damage_taken":11.0},{"damage_healed":0,"gold_gain":0,"player_choice":"Fight","damage_taken":0,"max_hp_gain":0,"max_hp_loss":0,"event_name":"Colosseum","floor":19,"gold_loss":0},{"damage_healed":0,"gold_gain":0,"player_choice":"Fought Nobs","damage_taken":0,"max_hp_gain":0,"max_hp_loss":0,"event_name":"Colosseum","floor":19,"gold_loss":0},{"damage_healed":0,"gold_gain":0,"player_choice":"Opened","damage_taken":0,"relics_obtained":["Tiny Chest"],"max_hp_gain":0,"max_hp_loss":0,"event_name":"The Mausoleum","floor":22,"gold_loss":0},{"cards_removed":["Core Surge"],"damage_healed":46,"gold_gain":0,"player_choice":"Offered Rare","damage_taken":0,"max_hp_gain":10,"max_hp_loss":0,"event_name":"Bonfire Elementals","floor":24,"gold_loss":0},{"damage_healed":0,"gold_gain":0,"player_choice":"Forge","damage_taken":0,"max_hp_gain":0,"max_hp_loss":0,"event_name":"Accursed Blacksmith","floor":37,"gold_loss":0,"cards_upgraded":["Creative AI"]},{"damage_healed":0,"gold_gain":0,"player_choice":"Fight","damage_taken":0,"max_hp_gain":0,"max_hp_loss":0,"event_name":"Mysterious Sphere","floor":39,"gold_loss":0}],"is_beta":true,"boss_relics":[{"not_picked":["Calling Bell","Lizard Tail"],"picked":"Ectoplasm"},{"not_picked":["Philosopher\u0027s Stone","Snecko Eye"],"picked":"Nuclear Battery"}],"items_purged_floors":[36],"is_endless":false,"potions_floor_spawned":[1,13,19,27,29,40,46,48],"killed_by":"The Heart","ascension_level":2}