{"path_per_floor":["M","$","M","?","M","E","R","M","T","M","?","M","M","M","R","B",null,"M","$","$","?","M","R","$","R","T","R","E","?","?","?","R","B",null,"M","M","M","?","M","R"],"character_chosen":"THE_SILENT","items_purchased":["Well Laid Plans","Bouncing Flask","Poisoned Stab"],"gold_per_floor":[113,0,17,17,28,62,62,73,128,140,140,157,169,184,184,286,316,333,144,19,19,34,34,34,34,34,34,69,69,69,69,69,173,173,189,205,220,0,17,17],"floor_reached":41,"campfire_rested":4,"playtime":2917,"current_hp_per_floor":[67,67,69,69,70,25,46,48,48,46,43,41,36,37,58,45,75,65,65,65,65,66,66,66,66,66,66,38,22,22,22,44,9,75,71,67,56,56,48,70],"items_purged":["Strike_G","Strike_G","Strike_G"],"gold":17,"score":413,"play_id":"48e421ae-082b-4ed5-adfc-bfc6f603e100","local_time":"20180310001633","is_prod":false,"is_daily":false,"is_ascension_mode":false,"campfire_upgraded":3,"timestamp":1520658993,"path_taken":["M","$","M","?","M","E","R","M","T","?","?","M","?","M","R","BOSS","M","?","$","?","M","R","$","R","T","R","E","?","?","?","R","BOSS","M","M","M","?","?","R","E"],"build_version":"2018-03-09","purchased_purges":3,"victory":false,"master_deck":["Defend_G","Defend_G","Defend_G","Strike_G","Strike_G","Survivor+1","Neutralize","Cloak And Dagger","Well Laid Plans","Blur","Cloak And Dagger","Malaise","Backflip+1","Expertise","Poisoned Stab","Blur","Dagger Spray","After Image+1","Terror","Sucker Punch","Bouncing Flask+1","Poisoned Stab","Burst","Decay","Burst","Accuracy+1","Expertise+1","Flying Knee+1"],"max_hp_per_floor":[70,70,70,70,70,70,70,70,70,70,70,70,70,70,70,70,75,75,75,75,75,75,75,75,75,75,75,75,75,75,75,75,75,75,75,75,75,75,75,75],"relics":["Ring of the Snake","Blood Vial","Snake Skull","Bronze Scales","Paper Crane","Tiny House","Gremlin Horn","Centennial Puzzle","Enchiridion","Runic Pyramid","Red Mask"],"card_choices":[{"not_picked":["Dagger Throw","Prepared"],"picked":"Cloak And Dagger"},{"not_picked":["Catalyst","Corpse Explosion"],"picked":"Blur"},{"not_picked":["PiercingWail","Sucker Punch"],"picked":"Cloak And Dagger"},{"not_picked":["Underhanded Strike","Bane"],"picked":"Malaise"},{"not_picked":["Finisher","Eviscerate"],"picked":"Backflip"},{"not_picked":["Escape Plan","Riddle With Holes"],"picked":"Expertise"},{"not_picked":["Dagger Throw","Quick Slash"],"picked":"Poisoned Stab"},{"not_picked":["Wraith Form","Flying Knee"],"picked":"Blur"},{"not_picked":["Masterful Stab","Footwork"],"picked":"Dagger Spray"},{"not_picked":["Tools of the Trade","Venomology"],"picked":"After Image"},{"not_picked":["Deflect","Prepared"],"picked":"Terror"},{"not_picked":["Outmaneuver","Cloak And Dagger"],"picked":"Sucker Punch"},{"not_picked":["Sucker Punch","Bane"],"picked":"Burst"},{"not_picked":["Venomology","Corpse Explosion"],"picked":"Burst"},{"not_picked":["Outmaneuver","PiercingWail"],"picked":"Accuracy"},{"not_picked":["Slice","Quick Slash"],"picked":"Expertise"},{"not_picked":["Dagger Spray","Underhanded Strike"],"picked":"Flying Knee"}],"player_experience":482815,"potions_floor_usage":[6,16,18,22,28,28,33],"damage_taken":[{"damage":3,"enemies":"Cultist","floor":1,"turns":6},{"damage":0,"enemies":"2 Louse","floor":3,"turns":3},{"damage":0,"enemies":"Jaw Worm","floor":5,"turns":5},{"damage":45,"enemies":"Lagavulin","floor":6,"turns":12},{"damage":0,"enemies":"Red Slaver","floor":8,"turns":5},{"damage":4,"enemies":"Lots of Slimes","floor":10,"turns":4},{"damage":4,"enemies":"3 Louse","floor":12,"turns":3},{"damage":7,"enemies":"Large Slime","floor":13,"turns":8},{"damage":1,"enemies":"2 Fungi Beasts","floor":14,"turns":4},{"damage":15,"enemies":"Hexaghost","floor":16,"turns":14},{"damage":10,"enemies":"Spheric Guardian","floor":18,"turns":8},{"damage":12,"enemies":"Chosen","floor":22,"turns":7},{"damage":30,"enemies":"Gremlin Leader","floor":28,"turns":7},{"damage":37,"enemies":"Automaton","floor":33,"turns":11},{"damage":4,"enemies":"3 Shapes","floor":35,"turns":9},{"damage":6,"enemies":"Orb Walker","floor":36,"turns":5},{"damage":13,"enemies":"4 Shapes","floor":37,"turns":9},{"damage":10,"enemies":"Maw","floor":39,"turns":8},{"damage":73,"enemies":"Giant Head","floor":41,"turns":9}],"event_choices":[{"event_name":"Bonfire Elementals","player_choice":"BASIC","floor":4,"damage_taken":0},{"event_name":"Scrap Ooze","player_choice":"success","floor":11,"damage_taken":3},{"event_name":"Drug Dealer","player_choice":"Ignored","floor":21,"damage_taken":0},{"event_name":"Cursed Tome","player_choice":"Obtained Book","floor":29,"damage_taken":0},{"event_name":"Back to Basics","player_choice":"Elegance","floor":30,"damage_taken":0},{"event_name":"Forgotten Altar","player_choice":"Smashed Altar","floor":31,"damage_taken":0},{"event_name":"Tomb of Lord Red Mask","player_choice":"Paid","floor":38,"damage_taken":0}],"boss_relics":[{"not_picked":["Question Card","Calling Bell"],"picked":"Tiny House"},{"not_picked":["Snecko Eye","Philosopher\u0027s Stone"],"picked":"Runic Pyramid"}],"potions_floor_spawned":[3,8,12,14,16,22,28,39],"seed_played":"-5172146374309829153","killed_by":"Giant Head","ascension_level":0,"is_trial":false}