{"gold_per_floor":[118,118,130,150,150,150,165,165,165,175,175,201,201,219,219,318,318,333,113,113,113,125,125,125,152,207,219,330,360,402,426,438,450],"floor_reached":33,"playtime":1322,"items_purged":["Strike_R"],"score":342,"play_id":"f0671254-0905-4952-a200-12cd45def8de","local_time":"20190124183145","is_ascension_mode":true,"campfire_choices":[{"data":"Shockwave","floor":6,"key":"SMITH"},{"floor":8,"key":"REST"},{"floor":13,"key":"REST"},{"data":"Seeing Red","floor":15,"key":"SMITH"},{"floor":23,"key":"REST"},{"data":"Rampage","floor":24,"key":"SMITH"},{"floor":27,"key":"REST"},{"floor":32,"key":"REST"}],"neow_cost":"NONE","seed_source_timestamp":20260425629703,"circlet_count":0,"master_deck":["Strike_R","Strike_R","Defend_R","Defend_R","Defend_R","Defend_R","Bash","True Grit","Shockwave+1","Flex","Rampage+1","Seeing Red+1","Juggernaut","Flame Barrier","Flex","Reaper","Dropkick","Pummel","Metallicize+1","Armaments"],"relics":["Runic Cube","NlothsMask","WingedGreaves","Black Star","Bag of Marbles","Bottled Lightning","Strawberry","MawBank","Singing Bowl","Lantern"],"potions_floor_usage":[16,18,25,29,30,31],"damage_taken":[{"damage":9,"enemies":"Jaw Worm","floor":1,"turns":6},{"damage":1,"enemies":"Cultist","floor":3,"turns":3},{"damage":6,"enemies":"2 Louse","floor":4,"turns":3},{"damage":9,"enemies":"Blue Slaver","floor":7,"turns":6},{"damage":21,"enemies":"Exordium Wildlife","floor":10,"turns":5},{"damage":27,"enemies":"Lagavulin","floor":12,"turns":8},{"damage":1,"enemies":"2 Fungi Beasts","floor":14,"turns":4},{"damage":35,"enemies":"Slime Boss","floor":16,"turns":12},{"damage":40,"enemies":"Shell Parasite","floor":18,"turns":10},{"damage":23,"enemies":"Spheric Guardian","floor":22,"turns":4},{"damage":57,"enemies":"Slavers","floor":25,"turns":8},{"damage":34,"enemies":"Shelled Parasite and Fungi","floor":29,"turns":9},{"damage":20,"enemies":"Gremlin Leader","floor":30,"turns":5},{"damage":15,"enemies":"3 Cultists","floor":31,"turns":6},{"damage":73,"enemies":"Champ","floor":33,"turns":10}],"seed_played":"8487291657313758250","potions_obtained":[{"floor":1,"key":"Explosive Potion"},{"floor":4,"key":"GamblersBrew"},{"floor":7,"key":"LiquidBronze"},{"floor":12,"key":"SkillPotion"},{"floor":16,"key":"SpeedPotion"},{"floor":18,"key":"EssenceOfSteel"},{"floor":30,"key":"AttackPotion"}],"is_trial":false,"path_per_floor":["M","?","M","M","?","R","M","R","T","M","?","E","R","M","R","B",null,"M","$","?","?","M","R","R","E","T","R","?","M","E","M","R","B"],"character_chosen":"IRONCLAD","items_purchased":["Bag of Marbles"],"campfire_rested":5,"item_purchase_floors":[19],"current_hp_per_floor":[71,71,70,64,57,57,48,72,72,51,51,24,48,47,47,12,80,40,40,25,53,42,67,67,29,29,56,56,34,34,33,61,0],"gold":450,"neow_bonus":"BOSS_RELIC","is_prod":false,"is_daily":false,"chose_seed":false,"campfire_upgraded":3,"win_rate":0,"timestamp":1548372705,"path_taken":["M","?","M","?","?","R","M","R","T","M","?","E","R","M","R","BOSS","M","$","?","?","M","R","R","E","T","R","?","M","E","?","R","BOSS"],"build_version":"2019-01-23","purchased_purges":1,"victory":false,"max_hp_per_floor":[80,80,80,80,80,80,80,80,80,80,80,80,80,80,80,80,80,80,80,85,85,85,85,85,92,92,92,92,92,92,94,94,94],"card_choices":[{"not_picked":["Feel No Pain","Searing Blow"],"picked":"True Grit","floor":1},{"not_picked":["Searing Blow","Second Wind"],"picked":"Shockwave","floor":3},{"not_picked":["Headbutt","Fire Breathing"],"picked":"Flex","floor":4},{"not_picked":["Sever Soul","Anger"],"picked":"Rampage","floor":7},{"not_picked":["Armaments","Power Through"],"picked":"Seeing Red","floor":10},{"not_picked":["Havoc","Sever Soul"],"picked":"Flame Barrier","floor":12},{"not_picked":["Iron Wave","Cleave"],"picked":"Flex","floor":14},{"not_picked":["Fiend Fire","Immolate"],"picked":"Reaper","floor":16},{"not_picked":["Body Slam","Second Wind"],"picked":"Dropkick","floor":18},{"not_picked":["Rage+1","Warcry"],"picked":"Pummel","floor":22},{"not_picked":["Pommel Strike+1","Iron Wave"],"picked":"Metallicize+1","floor":25},{"not_picked":["Reckless Charge","Havoc+1","Anger"],"picked":"SKIP","floor":29},{"not_picked":["Seeing Red+1","Clash+1"],"picked":"Armaments","floor":30},{"not_picked":["Carnage","Warcry","Body Slam+1"],"picked":"Singing Bowl","floor":31}],"player_experience":127346,"relics_obtained":[{"floor":12,"key":"WingedGreaves"},{"floor":25,"key":"Bottled Lightning"},{"floor":25,"key":"Strawberry"},{"floor":26,"key":"MawBank"},{"floor":30,"key":"Singing Bowl"},{"floor":30,"key":"Lantern"}],"event_choices":[{"damage_healed":0,"gold_gain":0,"player_choice":"Trade","damage_taken":0,"relics_obtained":["NlothsMask"],"max_hp_gain":0,"max_hp_loss":0,"event_name":"FaceTrader","floor":2,"gold_loss":0},{"cards_removed":["Strike_R"],"damage_healed":0,"gold_gain":0,"player_choice":"Card Removal","damage_taken":7,"max_hp_gain":0,"max_hp_loss":0,"event_name":"Golden Wing","floor":5,"gold_loss":0},{"damage_healed":0,"gold_gain":0,"cards_transformed":["Strike_R"],"player_choice":"Change","damage_taken":0,"max_hp_gain":0,"max_hp_loss":0,"event_name":"Living Wall","floor":11,"gold_loss":0,"cards_obtained":["Juggernaut"]},{"damage_healed":0,"gold_gain":0,"player_choice":"Shed Blood","damage_taken":20,"max_hp_gain":5,"max_hp_loss":0,"event_name":"Forgotten Altar","floor":20,"gold_loss":0},{"damage_healed":28,"gold_gain":0,"player_choice":"Heal","damage_taken":0,"max_hp_gain":0,"max_hp_loss":0,"event_name":"The Library","floor":21,"gold_loss":0},{"damage_healed":0,"gold_gain":99,"player_choice":"Stole From Cult","damage_taken":0,"max_hp_gain":0,"max_hp_loss":0,"event_name":"Nest","floor":28,"gold_loss":0}],"is_beta":false,"boss_relics":[{"not_picked":["Tiny House","Orrery"],"picked":"Black Star"}],"items_purged_floors":[19],"is_endless":false,"potions_floor_spawned":[1,4,7,12,16,18,30],"killed_by":"Champ","ascension_level":4}