{"gold_per_floor":[15,26,26,44,64,91,91,120,143,210,221,271,271,282,282,378,378,391,441,66,76,126,126,157,307,361,361,424,474,537,562,562,666,666,682,701,751,176,226,226,239,239,239,268,268,398,466,476,476,476,476,476,4,37,37],"floor_reached":55,"playtime":2376,"items_purged":["Strike_R","Strike_R"],"score":1241,"play_id":"286b2884-bed9-483f-a35b-74880bec2552","local_time":"20181209121419","is_ascension_mode":true,"campfire_choices":[{"floor":7,"key":"REST"},{"floor":13,"key":"REST"},{"floor":15,"key":"REST"},{"data":"Rampage","floor":23,"key":"SMITH"},{"data":"Ghostly","floor":27,"key":"SMITH"},{"data":"Feel No Pain","floor":32,"key":"SMITH"},{"floor":40,"key":"RECALL"},{"floor":42,"key":"REST"},{"data":"Ghostly","floor":45,"key":"SMITH"},{"data":"Ghostly","floor":49,"key":"SMITH"},{"data":"Flame Barrier","floor":52,"key":"SMITH"}],"neow_cost":"NO_GOLD","seed_source_timestamp":2047502684552749,"circlet_count":0,"master_deck":["AscendersBane","Strike_R","Defend_R+1","Defend_R","Defend_R","Defend_R","Bash","Pummel","Clothesline","Cleave","Flame Barrier","Flame Barrier+1","Fiend Fire","Entrench","True Grit+1","Ghostly Armor","Shrug It Off","Reaper","Clothesline","Ghostly+1","Ghostly+1","Ghostly+1","Ghostly","Ghostly+1","Rampage+1","Uppercut","Headbutt","Heavy Blade+1","Feel No Pain+1","Reaper","True Grit+1","Mind Blast","Finesse","Metallicize+1","Anger","Body Slam+1","Sword Boomerang+1","Exhume","Immolate","Metallicize"],"relics":["Burning Blood","SsserpentHead","Nunchaku","Bag of Preparation","Happy Flower","Philosopher\u0027s Stone","Brimstone","Vajra","Ancient Tea Set","Tiny Chest","Letter Opener","Velvet Choker","Pen Nib","Bottled Lightning","Ice Cream","War Paint","Art of War","Strawberry"],"potions_floor_usage":[5,8,14,33,50,50,55],"damage_taken":[{"damage":11,"enemies":"Jaw Worm","floor":1,"turns":5},{"damage":1,"enemies":"Cultist","floor":2,"turns":3},{"damage":10,"enemies":"Small Slimes","floor":4,"turns":4},{"damage":7,"enemies":"Exordium Thugs","floor":5,"turns":5},{"damage":64,"enemies":"Lagavulin","floor":6,"turns":10},{"damage":31,"enemies":"Gremlin Nob","floor":8,"turns":5},{"damage":11,"enemies":"Looter","floor":10,"turns":3},{"damage":0,"enemies":"Large Slime","floor":11,"turns":4},{"damage":29,"enemies":"Exordium Thugs","floor":14,"turns":6},{"damage":35,"enemies":"The Guardian","floor":16,"turns":20},{"damage":12,"enemies":"3 Byrds","floor":18,"turns":5},{"damage":1,"enemies":"Shell Parasite","floor":21,"turns":4},{"damage":1,"enemies":"Book of Stabbing","floor":24,"turns":6},{"damage":0,"enemies":"Snake Plant","floor":28,"turns":4},{"damage":4,"enemies":"Shelled Parasite and Fungi","floor":30,"turns":3},{"damage":1,"enemies":"Gremlin Leader","floor":31,"turns":6},{"damage":41,"enemies":"Collector","floor":33,"turns":8},{"damage":1,"enemies":"Orb Walker","floor":35,"turns":3},{"damage":16,"enemies":"3 Darklings","floor":36,"turns":6},{"damage":0,"enemies":"Writhing Mass","floor":41,"turns":4},{"damage":0,"enemies":"Nemesis","floor":44,"turns":5},{"damage":20,"enemies":"Maw","floor":47,"turns":5},{"damage":0,"enemies":"4 Shapes","floor":48,"turns":5},{"damage":36,"enemies":"Donu and Deca","floor":50,"turns":8},{"damage":48,"enemies":"Shield and Spear","floor":54,"turns":8},{"damage":40,"enemies":"The Heart","floor":55,"turns":3}],"seed_played":"-6958633699537917313","potions_obtained":[{"floor":2,"key":"EssenceOfSteel"},{"floor":4,"key":"Dexterity Potion"},{"floor":6,"key":"SteroidPotion"},{"floor":8,"key":"PowerPotion"},{"floor":18,"key":"GamblersBrew"},{"floor":41,"key":"FearPotion"},{"floor":44,"key":"Ancient Potion"},{"floor":54,"key":"PowerPotion"}],"is_trial":false,"path_per_floor":["M","M","?","M","M","E","R","E","T","M","M","?","R","M","R","B",null,"M","?","$","M","?","R","E","?","T","R","M","?","M","E","R","B",null,"M","M","?","$","?","R","M","R","T","E","R","T","M","M","R","B",null,"R","$","E","B"],"character_chosen":"IRONCLAD","items_purchased":["Brimstone","Vajra","Rampage","Pen Nib","Bottled Lightning","Mind Blast","Exhume","Immolate","Art of War"],"campfire_rested":4,"item_purchase_floors":[20,20,20,38,38,38,53,53,53],"current_hp_per_floor":[83,88,88,84,83,25,53,28,28,23,29,29,57,34,62,33,80,80,48,48,48,41,41,46,46,46,46,52,52,53,53,53,18,44,53,47,47,47,47,47,53,53,53,53,53,53,39,53,53,40,50,50,50,39,0],"gold":37,"neow_bonus":"TWENTY_PERCENT_HP_BONUS","is_prod":false,"is_daily":false,"chose_seed":false,"campfire_upgraded":6,"win_rate":0,"timestamp":1544375659,"path_taken":["M","M","?","M","M","E","R","E","T","?","M","?","R","M","R","BOSS","M","?","$","M","?","R","E","?","T","R","?","?","?","E","R","BOSS","M","M","?","$","?","R","M","R","T","E","R","?","?","M","R","BOSS","R","$","E","BOSS"],"build_version":"2018-12-06","purchased_purges":2,"victory":false,"max_hp_per_floor":[96,96,96,96,96,96,96,96,96,96,96,96,96,96,96,96,96,96,48,48,48,53,53,53,53,53,53,53,53,53,53,53,53,53,53,53,53,53,53,53,53,53,53,53,53,53,53,53,53,53,53,53,53,60,60],"card_choices":[{"not_picked":["Thunderclap","Heavy Blade"],"picked":"Pummel","floor":1},{"not_picked":["Twin Strike","True Grit"],"picked":"Clothesline","floor":2},{"not_picked":["Clothesline","Wild Strike"],"picked":"Cleave","floor":4},{"not_picked":["True Grit","Clothesline"],"picked":"Flame Barrier","floor":5},{"not_picked":["Pummel","Carnage"],"picked":"Flame Barrier","floor":6},{"not_picked":["Entrench","Ghostly Armor"],"picked":"Fiend Fire","floor":8},{"not_picked":["Pommel Strike","Headbutt"],"picked":"Entrench","floor":10},{"not_picked":["Flex","Whirlwind"],"picked":"True Grit","floor":11},{"not_picked":["Ghostly Armor","Headbutt"],"picked":"Shrug It Off","floor":14},{"not_picked":["Limit Break","Fiend Fire"],"picked":"Reaper","floor":16},{"not_picked":["Havoc","Iron Wave"],"picked":"Clothesline","floor":18},{"not_picked":["Twin Strike","True Grit"],"picked":"Uppercut","floor":21},{"not_picked":["Rampage","Havoc+1"],"picked":"Headbutt","floor":24},{"not_picked":["Armaments","Dropkick+1"],"picked":"Heavy Blade+1","floor":28},{"not_picked":["Blood for Blood","Thunderclap","Warcry"],"picked":"SKIP","floor":30},{"not_picked":["Armaments+1","Wild Strike+1"],"picked":"Feel No Pain","floor":31},{"not_picked":["Berserk","Immolate"],"picked":"Reaper","floor":33},{"not_picked":["Cleave+1","Clothesline","Body Slam+1"],"picked":"SKIP","floor":35},{"not_picked":["Combust","Shrug It Off+1"],"picked":"True Grit+1","floor":36},{"not_picked":["Good Instincts","Madness"],"picked":"Finesse","floor":39},{"not_picked":["Cleave","Iron Wave"],"picked":"Metallicize+1","floor":41},{"not_picked":["Thunderclap","Sword Boomerang"],"picked":"Anger","floor":44},{"not_picked":["Thunderclap","Havoc"],"picked":"Body Slam+1","floor":47},{"not_picked":["Bloodletting","Inflame"],"picked":"Sword Boomerang+1","floor":48},{"not_picked":["Fiend Fire","Body Slam"],"picked":"Metallicize","floor":54}],"player_experience":954197,"relics_obtained":[{"floor":6,"key":"Nunchaku"},{"floor":8,"key":"Bag of Preparation"},{"floor":9,"key":"Happy Flower"},{"floor":24,"key":"Ancient Tea Set"},{"floor":26,"key":"Tiny Chest"},{"floor":31,"key":"Letter Opener"},{"floor":43,"key":"Ice Cream"},{"floor":44,"key":"War Paint"},{"floor":54,"key":"Strawberry"}],"event_choices":[{"damage_healed":0,"gold_gain":0,"player_choice":"Trade","damage_taken":0,"relics_obtained":["SsserpentHead"],"max_hp_gain":0,"max_hp_loss":0,"event_name":"FaceTrader","floor":3,"gold_loss":0},{"damage_healed":0,"gold_gain":0,"cards_transformed":["Strike_R"],"player_choice":"Transformed","damage_taken":0,"max_hp_gain":0,"max_hp_loss":0,"event_name":"Transmorgrifier","floor":12,"gold_loss":0,"cards_obtained":["Ghostly Armor"]},{"damage_healed":0,"gold_gain":0,"player_choice":"Became a Ghost","damage_taken":0,"max_hp_gain":0,"max_hp_loss":48,"event_name":"Ghosts","floor":19,"gold_loss":0,"cards_obtained":["Ghostly","Ghostly","Ghostly","Ghostly","Ghostly"]},{"damage_healed":0,"gold_gain":0,"player_choice":"Shed Blood","damage_taken":12,"max_hp_gain":5,"max_hp_loss":0,"event_name":"Forgotten Altar","floor":22,"gold_loss":0},{"damage_healed":0,"gold_gain":100,"player_choice":"Pray","damage_taken":0,"max_hp_gain":0,"max_hp_loss":0,"event_name":"Golden Shrine","floor":25,"gold_loss":0},{"damage_healed":0,"gold_gain":0,"player_choice":"Upgraded","damage_taken":0,"max_hp_gain":0,"max_hp_loss":0,"event_name":"Upgrade Shrine","floor":29,"gold_loss":0,"cards_upgraded":["True Grit"]},{"cards_removed":["Strike_R"],"damage_healed":0,"gold_gain":0,"player_choice":"Removed Attack","damage_taken":0,"max_hp_gain":0,"max_hp_loss":0,"event_name":"Falling","floor":37,"gold_loss":0},{"damage_healed":0,"gold_gain":0,"player_choice":"Memory 1","damage_taken":0,"max_hp_gain":0,"max_hp_loss":0,"event_name":"SensoryStone","floor":39,"gold_loss":0}],"is_beta":true,"boss_relics":[{"not_picked":["Fusion Hammer","Lizard Tail"],"picked":"Philosopher\u0027s Stone"},{"not_picked":["Orrery","Empty Cage"],"picked":"Velvet Choker"}],"items_purged_floors":[38,53],"is_endless":false,"potions_floor_spawned":[2,4,6,8,11,18,24,28,31,41,44,48,54],"killed_by":"The Heart","ascension_level":11}