{"path_per_floor":["M","M","$","?","M","R","M","R","T","?","?","$","E","M","R","B",null,"M","M","?","M","?","R","?","?","T","$","M","?","?"],"character_chosen":"IRONCLAD","items_purchased":["Happy Flower"],"gold_per_floor":[118,129,54,54,64,64,78,78,126,126,226,83,108,119,119,221,221,234,251,221,239,154,154,154,104,104,4,21,21,21,21],"floor_reached":31,"campfire_rested":2,"playtime":980,"current_hp_per_floor":[67,72,72,72,72,72,58,58,58,63,63,63,35,41,66,35,85,50,39,39,38,38,69,69,69,69,69,49,49,49,0],"items_purged":["Strike_R","Strike_R"],"gold":21,"score":268,"play_id":"353d9bfd-007b-4bba-aaf1-6124229b45e1","local_time":"20180408001648","is_prod":false,"is_daily":false,"is_ascension_mode":true,"campfire_upgraded":2,"timestamp":1523161008,"path_taken":["M","M","$","?","?","R","M","R","T","?","?","$","E","?","R","BOSS","M","M","?","?","?","R","?","?","T","$","?","?","?","E"],"build_version":"2018-04-05","purchased_purges":2,"victory":false,"master_deck":["Strike_R","Strike_R","Defend_R","Defend_R","Defend_R+1","Bash","Rampage+1","Juggernaut","Double Tap","Shrug It Off+1","Flex+1","Battle Trance","Headbutt","Reaper"],"max_hp_per_floor":[80,80,80,80,80,80,80,80,80,85,85,85,85,85,85,85,85,85,85,85,85,85,85,85,85,85,85,85,85,85,85],"relics":["Burning Blood","Omamori","Bag of Preparation","Happy Flower","Pantograph","Eternal Feather","War Paint","Gambling Chip"],"card_choices":[{"not_picked":["Headbutt","Clothesline"],"picked":"Rampage","floor":1},{"not_picked":["Havoc","Headbutt"],"picked":"Double Tap","floor":5},{"not_picked":["Second Wind","Intimidate"],"picked":"Shrug It Off","floor":7},{"not_picked":["Metallicize","Rupture"],"picked":"Flex","floor":13},{"not_picked":["Wild Strike","Cleave"],"picked":"Battle Trance","floor":18},{"not_picked":["Reckless Charge","Shockwave"],"picked":"Headbutt","floor":19}],"player_experience":127410,"potions_floor_usage":[7,16,19,19,21,31,31],"damage_taken":[{"damage":19,"enemies":"Jaw Worm","floor":1,"turns":5},{"damage":1,"enemies":"Cultist","floor":2,"turns":3},{"damage":6,"enemies":"2 Louse","floor":5,"turns":4},{"damage":20,"enemies":"Gremlin Gang","floor":7,"turns":4},{"damage":34,"enemies":"Gremlin Nob","floor":13,"turns":4},{"damage":0,"enemies":"2 Fungi Beasts","floor":14,"turns":3},{"damage":56,"enemies":"The Guardian","floor":16,"turns":8},{"damage":41,"enemies":"Spheric Guardian","floor":18,"turns":6},{"damage":23,"enemies":"2 Thieves","floor":19,"turns":4},{"damage":22,"enemies":"Centurion and Healer","floor":21,"turns":7},{"damage":26,"enemies":"Snecko","floor":28,"turns":5},{"damage":52,"enemies":"Slavers","floor":31,"turns":4}],"event_choices":[{"event_name":"Transmorgrifier","player_choice":"Transform","floor":4,"damage_taken":0},{"event_name":"Big Fish","player_choice":"Donut","floor":10,"damage_taken":0},{"event_name":"Golden Shrine","player_choice":"Pray","floor":11,"damage_taken":0},{"event_name":"The Woman in Blue","player_choice":"Bought 2 Potions","floor":20,"damage_taken":0},{"event_name":"Addict","player_choice":"Obtained Relic","floor":22,"damage_taken":0},{"event_name":"The Mausoleum","player_choice":"No","floor":24,"damage_taken":0},{"event_name":"The Joust","player_choice":"Bet on Owner","floor":25,"damage_taken":0},{"event_name":"Transmorgrifier","player_choice":"Transform","floor":29,"damage_taken":0},{"event_name":"Beggar","player_choice":"Ignored","floor":30,"damage_taken":0}],"boss_relics":[{"not_picked":["Ectoplasm","Orrery"],"picked":"Eternal Feather"}],"potions_floor_spawned":[2,5,7,14,18],"seed_played":"7590394662775158135","killed_by":"Slavers","ascension_level":3,"is_trial":false}