{"gold_per_floor":[211,228,248,323,293,293,321,321,367,60,60,23,37,13,13,111,111,95,7,22,22,22,22,22],"floor_reached":24,"playtime":788,"items_purged":[],"score":339,"play_id":"f610df54-b525-4c8a-a03b-83953866eda7","local_time":"20190201125326","is_ascension_mode":true,"campfire_choices":[{"data":"Dagger Spray","floor":6.0,"key":"SMITH"},{"data":"Deadly Poison","floor":8.0,"key":"SMITH"},{"floor":11.0,"key":"REST"},{"data":"Sadistic Nature","floor":15.0,"key":"SMITH"},{"data":"Noxious Fumes","floor":23.0,"key":"SMITH"}],"neow_cost":"NONE","seed_source_timestamp":404026949144930,"circlet_count":0,"master_deck":["Defend_G","Defend_G","Defend_G","Defend_G","Defend_G","Strike_G","Strike_G+1","Strike_G+1","Strike_G","Strike_G","Survivor","Neutralize","Dagger Spray+1","Quick Slash","Footwork","Deadly Poison+1","Noxious Fumes+1","Sadistic Nature+1","Leg Sweep","Calculated Gamble","Cloak And Dagger","Night Terror","Acrobatics+1"],"special_seed":0,"relics":["Ring of the Snake","Lantern","Whetstone","Sozu","Art of War"],"potions_floor_usage":[],"damage_taken":[{"damage":0.0,"enemies":"Cultist","floor":1.0,"turns":4.0},{"damage":0.0,"enemies":"2 Louse","floor":2.0,"turns":2.0},{"damage":8.0,"enemies":"Jaw Worm","floor":3.0,"turns":4.0},{"damage":16.0,"enemies":"3 Sentries","floor":7.0,"turns":6.0},{"damage":0.0,"enemies":"3 Louse","floor":13.0,"turns":3.0},{"damage":0.0,"enemies":"Slime Boss","floor":16.0,"turns":7.0},{"damage":14.0,"enemies":"2 Thieves","floor":18.0,"turns":4.0},{"damage":5.0,"enemies":"Chosen","floor":20.0,"turns":4.0},{"damage":46,"enemies":"Slavers","floor":24,"turns":4}],"seed_played":"271077077850170216","potions_obtained":[{"floor":1.0,"key":"GamblersBrew"},{"floor":5.0,"key":"AttackPotion"},{"floor":5.0,"key":"Dexterity Potion"},{"floor":7.0,"key":"GhostInAJar"}],"is_trial":false,"path_per_floor":["M","M","M","?","?","R","E","R","T","$","R","$","M","$","R","B",null,"M","?","M","$","$","R","E"],"character_chosen":"THE_SILENT","items_purchased":["Noxious Fumes","Sadistic Nature","Leg Sweep","Calculated Gamble","Cloak And Dagger"],"campfire_rested":1,"item_purchase_floors":[10,10,10,12,14],"current_hp_per_floor":[63,63,55,44,44,44,28,28,28,28,49,49,49,49,49,49,65,51,51,46,46,46,46,0],"gold":22,"neow_bonus":"HUNDRED_GOLD","is_prod":false,"is_daily":false,"chose_seed":false,"campfire_upgraded":4,"win_rate":0,"timestamp":1549043606,"path_taken":["M","?","M","?","?","R","E","R","T","$","R","$","?","?","R","BOSS","M","?","?","?","$","R","E"],"build_version":"2019-01-23","purchased_purges":0,"victory":false,"max_hp_per_floor":[70,70,70,70,70,70,70,70,70,70,70,70,70,70,70,70,70,70,70,70,70,70,70,70],"card_choices":[{"not_picked":["Footwork","Cloak And Dagger"],"picked":"Dagger Spray","floor":1.0},{"not_picked":["Outmaneuver","Cloak And Dagger"],"picked":"Quick Slash","floor":2.0},{"not_picked":["Backstab","Choke"],"picked":"Footwork","floor":3.0},{"not_picked":["Underhanded Strike","Flechettes"],"picked":"Deadly Poison","floor":7.0},{"not_picked":["Prepared","Blade Dance","Accuracy"],"picked":"SKIP","floor":13.0},{"not_picked":["Phantasmal Killer","Adrenaline"],"picked":"Night Terror","floor":16.0},{"not_picked":["Dagger Spray","Prepared"],"picked":"Acrobatics+1","floor":18.0},{"not_picked":["Sucker Punch","Slice+1","Quick Slash"],"picked":"SKIP","floor":20.0}],"player_experience":1347957,"relics_obtained":[{"floor":7.0,"key":"Lantern"},{"floor":9.0,"key":"Whetstone"}],"event_choices":[{"damage_healed":0.0,"max_hp_gain":0.0,"max_hp_loss":0.0,"gold_gain":75.0,"event_name":"World of Goop","player_choice":"Gather Gold","floor":4.0,"gold_loss":0.0,"damage_taken":11.0},{"damage_healed":0.0,"max_hp_gain":0.0,"max_hp_loss":0.0,"gold_gain":0.0,"event_name":"The Woman in Blue","player_choice":"Bought 2 Potions","floor":5.0,"gold_loss":0.0,"damage_taken":0.0},{"damage_healed":0.0,"max_hp_gain":0.0,"max_hp_loss":0.0,"gold_gain":0.0,"event_name":"WeMeetAgain","player_choice":"Paid Gold","floor":19.0,"gold_loss":88.0,"damage_taken":0.0,"relics_obtained":["Art of War"]}],"is_beta":true,"boss_relics":[{"not_picked":["Runic Pyramid","Lizard Tail"],"picked":"Sozu"}],"items_purged_floors":[],"is_endless":false,"potions_floor_spawned":[1,7],"killed_by":"Slavers","ascension_level":8}