{"path_per_floor":["M","M","$","M","?","E","R","E","T","R","?","R","M","T","R","B",null,"M","M"],"character_chosen":"THE_SILENT","items_purchased":["Backstab"],"gold_per_floor":[109,125,52,63,63,95,95,127,127,127,127,127,139,139,139,238,238,248,231],"floor_reached":20,"campfire_rested":3,"playtime":1001,"current_hp_per_floor":[70,70,70,67,67,19,40,22,22,43,60,60,44,44,65,58,70,31,13],"items_purged":[],"gold":231,"score":218,"play_id":"ec504606-7f9a-4104-b41a-b422b5139b8c","local_time":"20180316190757","is_prod":false,"is_daily":false,"is_ascension_mode":true,"campfire_upgraded":1,"timestamp":1521241677,"path_taken":["M","M","$","M","?","E","R","E","T","R","?","R","?","?","R","BOSS","M","M","M"],"build_version":"2018-03-15v2","purchased_purges":1,"victory":false,"master_deck":["Defend_G","Defend_G","Defend_G","Defend_G","Defend_G","Strike_G","Strike_G","Strike_G","Strike_G","Survivor","Neutralize","Deadly Poison","Predator","Backstab","Footwork+1","Skewer","Terror","Parasite","All Out Attack","Bullet Time","Skewer","PiercingWail"],"max_hp_per_floor":[70,70,70,70,70,70,70,70,70,70,70,70,70,70,70,70,70,70,70],"relics":["Ring of the Snake","Bottled Flame","Toolbox","Unceasing Top","Dead Branch"],"card_choices":[{"not_picked":["Deflect","Concentrate"],"picked":"Deadly Poison"},{"not_picked":["Expertise","Underhanded Strike"],"picked":"Predator"},{"not_picked":["Outmaneuver","Underhanded Strike"],"picked":"Footwork"},{"not_picked":["Bane","Flechettes"],"picked":"Skewer"},{"not_picked":["Acrobatics","Predator"],"picked":"Terror"},{"not_picked":["Crippling Poison","Sucker Punch"],"picked":"All Out Attack"},{"not_picked":["Doppelganger","Corpse Explosion"],"picked":"Bullet Time"},{"not_picked":["Deadly Poison","Caltrops"],"picked":"Skewer"},{"not_picked":["Acrobatics","Dagger Spray"],"picked":"PiercingWail"}],"player_experience":575969,"potions_floor_usage":[8,18],"damage_taken":[{"damage":0,"enemies":"Jaw Worm","floor":1,"turns":6},{"damage":0,"enemies":"2 Louse","floor":2,"turns":3},{"damage":3,"enemies":"Small Slimes","floor":4,"turns":3},{"damage":48,"enemies":"Lagavulin","floor":6,"turns":10},{"damage":18,"enemies":"Gremlin Nob","floor":8,"turns":4},{"damage":16,"enemies":"Exordium Wildlife","floor":13,"turns":4},{"damage":7,"enemies":"The Guardian","floor":16,"turns":10},{"damage":39,"enemies":"Spheric Guardian","floor":18,"turns":9},{"damage":18,"enemies":"2 Thieves","floor":19,"turns":4},{"damage":19,"enemies":"Snake Plant","floor":20,"turns":2}],"event_choices":[{"event_name":"Living Wall","player_choice":"Forget","floor":5,"damage_taken":0},{"event_name":"Mushrooms","player_choice":"Healed and dodged fight","floor":11,"damage_taken":0}],"boss_relics":[{"not_picked":["Velvet Choker","Runic Dome","Philosopher\u0027s Stone"]}],"potions_floor_spawned":[6,13,16,19],"seed_played":"3928605458324318049","killed_by":"Snake Plant","ascension_level":4,"is_trial":false}