{"gold_per_floor":[212,223,242,242,23,59,59,102,125,125,143,162,162,186,186,186],"floor_reached":16,"playtime":796,"items_purged":[],"score":162,"play_id":"d763559b-ce70-4036-b325-268725c1deff","local_time":"20180715114627","is_ascension_mode":true,"campfire_choices":[{"floor":7,"key":"REST"},{"floor":13,"key":"REST"},{"floor":15,"key":"REST"}],"neow_cost":"NONE","seed_source_timestamp":2645355648401515,"circlet_count":0,"master_deck":["Strike_R+1","Strike_R","Strike_R","Strike_R","Strike_R+1","Defend_R","Defend_R","Defend_R","Defend_R","Bash","Flame Barrier","Clothesline","Intimidate","Injury","Corruption","Evolve","Flame Barrier","Armaments","Offering","True Grit"],"relics":["Burning Blood","Golden Idol","Blood Vial","Orichalcum","Whetstone","Bronze Scales"],"potions_floor_usage":[6,6,16],"damage_taken":[{"damage":4,"enemies":"Small Slimes","floor":1,"turns":4},{"damage":0,"enemies":"2 Louse","floor":2,"turns":3},{"damage":7,"enemies":"Jaw Worm","floor":3,"turns":4},{"damage":55,"enemies":"Lagavulin","floor":6,"turns":7},{"damage":49,"enemies":"Gremlin Nob","floor":8,"turns":7},{"damage":10,"enemies":"Looter","floor":11,"turns":3},{"damage":10,"enemies":"Lots of Slimes","floor":12,"turns":4},{"damage":4,"enemies":"Large Slime","floor":14,"turns":6},{"damage":68,"enemies":"The Guardian","floor":16,"turns":17}],"seed_played":"-902011492096232726","potions_obtained":[{"floor":1,"key":"AttackPotion"},{"floor":3,"key":"Explosive Potion"},{"floor":12,"key":"Poison Potion"}],"is_trial":false,"path_per_floor":["M","M","M","?","$","E","R","E","T","?","M","M","R","M","R"],"character_chosen":"IRONCLAD","items_purchased":["Blood Vial","Corruption"],"campfire_rested":3,"item_purchase_floors":[5,5],"current_hp_per_floor":[74,80,79,79,79,31,55,14,14,14,12,10,34,38,62,0],"gold":186,"neow_bonus":"HUNDRED_GOLD","is_prod":false,"is_daily":false,"chose_seed":false,"campfire_upgraded":0,"win_rate":0,"timestamp":1531669587,"path_taken":["M","M","M","?","$","E","R","E","T","?","M","M","R","M","R","BOSS"],"build_version":"2018-07-13","purchased_purges":0,"victory":false,"max_hp_per_floor":[80,80,80,80,80,80,80,80,80,80,80,80,80,80,80,80],"card_choices":[{"not_picked":["Burning Pact","Iron Wave"],"picked":"Flame Barrier","floor":1},{"not_picked":["Burning Pact","Rage"],"picked":"Clothesline","floor":2},{"not_picked":["Thunderclap","Clothesline"],"picked":"Intimidate","floor":3},{"not_picked":["Thunderclap","Cleave"],"picked":"Evolve","floor":6},{"not_picked":["Pommel Strike","Thunderclap"],"picked":"Flame Barrier","floor":8},{"not_picked":["Metallicize","Ghostly Armor"],"picked":"Armaments","floor":11},{"not_picked":["Thunderclap","Headbutt"],"picked":"Offering","floor":12},{"not_picked":["Thunderclap","Pommel Strike"],"picked":"True Grit","floor":14}],"player_experience":571897,"relics_obtained":[{"floor":6,"key":"Orichalcum"},{"floor":8,"key":"Whetstone"},{"floor":9,"key":"Bronze Scales"}],"event_choices":[{"event_name":"Golden Idol","player_choice":"Take Wound","floor":4,"damage_taken":0},{"event_name":"Liars Game","player_choice":"disagreed","floor":10,"damage_taken":0}],"boss_relics":[],"items_purged_floors":[],"is_endless":false,"potions_floor_spawned":[1,3,12],"killed_by":"The Guardian","ascension_level":9}