{"gold_per_floor":[118,118,80,80,90,118,118,143,193,193,212,227,239,268,268,364,364,384,384,396,396,48,48,48],"floor_reached":24,"playtime":1825,"items_purged":["Shame"],"score":275,"play_id":"d666a0fb-a5c2-4d19-81eb-098c58767f38","local_time":"20190609113030","is_ascension_mode":true,"campfire_choices":[{"data":"Neutralize","floor":7.0,"key":"SMITH"},{"data":"Footwork","floor":10.0,"key":"SMITH"},{"floor":15.0,"key":"REST"},{"data":"1","floor":23,"key":"LIFT"}],"neow_cost":"NONE","seed_source_timestamp":0,"circlet_count":0,"master_deck":["Defend_G","Defend_G","Defend_G","Defend_G","Defend_G","Strike_G","Strike_G","Strike_G","Strike_G","Survivor","Neutralize+1","Cloak And Dagger","Sucker Punch","Well Laid Plans","Flechettes","Footwork+1","Reflex","Acrobatics","Prepared","Caltrops","Deadly Poison","After Image","Deflect+1","Flechettes+1","Writhe","Noxious Fumes"],"special_seed":0,"relics":["Ring of the Snake","NeowsBlessing","NlothsMask","Boot","Girya","Strawberry","Eternal Feather","Bronze Scales","Ornamental Fan","TwistedFunnel"],"potions_floor_usage":[18,18,18],"damage_taken":[{"damage":0.0,"enemies":"Small Slimes","floor":1.0,"turns":1.0},{"damage":0.0,"enemies":"Jaw Worm","floor":5.0,"turns":1.0},{"damage":0.0,"enemies":"3 Sentries","floor":6.0,"turns":1.0},{"damage":12.0,"enemies":"Lagavulin","floor":8.0,"turns":13.0},{"damage":0.0,"enemies":"Cultist","floor":11.0,"turns":2.0},{"damage":16.0,"enemies":"Large Slime","floor":12.0,"turns":5.0},{"damage":0.0,"enemies":"Blue Slaver","floor":13.0,"turns":3.0},{"damage":25.0,"enemies":"Gremlin Nob","floor":14.0,"turns":5.0},{"damage":32.0,"enemies":"Slime Boss","floor":16.0,"turns":11.0},{"damage":37,"enemies":"2 Thieves","floor":18,"turns":4},{"damage":6,"enemies":"3 Byrds","floor":20,"turns":3},{"damage":56,"enemies":"Gremlin Leader","floor":24,"turns":7}],"seed_played":"-8770662883975296393","potions_obtained":[{"floor":5.0,"key":"EntropicBrew"},{"floor":6.0,"key":"Fire Potion"},{"floor":8.0,"key":"Explosive Potion"},{"floor":12.0,"key":"Block Potion"},{"floor":18,"key":"SneckoOil"}],"is_trial":false,"path_per_floor":["M","?","$","?","M","E","R","E","T","R","M","M","M","E","R","B",null,"M","?","M","?","$","R","E"],"character_chosen":"THE_SILENT","items_purchased":["Well Laid Plans","TwistedFunnel","Noxious Fumes"],"campfire_rested":1,"item_purchase_floors":[3,22,22],"current_hp_per_floor":[70,70,70,70,70,70,70,58,58,58,58,42,42,24,47,15,77,40,40,34,34,34,49,0],"gold":48,"neow_bonus":"THREE_ENEMY_KILL","is_prod":false,"is_daily":false,"chose_seed":false,"campfire_upgraded":2,"win_rate":0,"timestamp":1560105030,"path_taken":["M","?","$","?","M","E","R","E","T","R","M","M","M","E","R","BOSS","M","?","M","?","$","R","E"],"build_version":"2019-01-23","purchased_purges":1,"victory":false,"max_hp_per_floor":[70,70,70,70,70,70,70,70,70,70,70,70,70,77,77,77,77,77,77,77,77,77,77,77],"card_choices":[{"not_picked":["Bane","Riddle With Holes"],"picked":"Cloak And Dagger","floor":1.0},{"not_picked":["PiercingWail","Slice"],"picked":"Flechettes","floor":5.0},{"not_picked":["Die Die Die","Outmaneuver"],"picked":"Footwork","floor":6.0},{"not_picked":["Bane","Quick Slash"],"picked":"Reflex","floor":8.0},{"not_picked":["Distraction","Calculated Gamble"],"picked":"Acrobatics","floor":11.0},{"not_picked":["Crippling Poison","PiercingWail"],"picked":"Prepared","floor":12.0},{"not_picked":["Skewer","Dodge and Roll"],"picked":"Caltrops","floor":13.0},{"not_picked":["Sucker Punch","Blade Dance"],"picked":"Deadly Poison","floor":14.0},{"not_picked":["Wraith Form v2","Venomology"],"picked":"After Image","floor":16.0},{"not_picked":["Expertise","Catalyst"],"picked":"Deflect+1","floor":18},{"not_picked":["Infinite Blades","Endless Agony"],"picked":"Flechettes+1","floor":20}],"player_experience":509457,"relics_obtained":[{"floor":6.0,"key":"Boot"},{"floor":8.0,"key":"Girya"},{"floor":14.0,"key":"Strawberry"}],"event_choices":[{"damage_healed":0.0,"max_hp_gain":0.0,"max_hp_loss":0.0,"gold_gain":0.0,"cards_transformed":["Strike_G"],"event_name":"Living Wall","player_choice":"Change","floor":2.0,"gold_loss":0.0,"damage_taken":0.0,"cards_obtained":["Sucker Punch"]},{"damage_healed":0.0,"max_hp_gain":0.0,"max_hp_loss":0.0,"gold_gain":0.0,"event_name":"FaceTrader","player_choice":"Trade","floor":4.0,"gold_loss":0.0,"damage_taken":0.0,"relics_obtained":["NlothsMask"]},{"damage_healed":0,"gold_gain":0,"player_choice":"Stole Relic","damage_taken":0,"relics_obtained":["Bronze Scales"],"max_hp_gain":0,"max_hp_loss":0,"event_name":"Addict","floor":19,"gold_loss":0,"cards_obtained":["Shame"]},{"damage_healed":0,"gold_gain":0,"player_choice":"Opened","damage_taken":0,"relics_obtained":["Ornamental Fan"],"max_hp_gain":0,"max_hp_loss":0,"event_name":"The Mausoleum","floor":21,"gold_loss":0,"cards_obtained":["Writhe"]}],"is_beta":false,"boss_relics":[{"not_picked":["Black Star","Orrery"],"picked":"Eternal Feather"}],"items_purged_floors":[22],"is_endless":false,"potions_floor_spawned":[5,6,8,12,18],"killed_by":"Gremlin Leader","ascension_level":3}