{"gold_per_floor":[113,113,130,146,92,92,126,145,145,145,59,92,111,111],"floor_reached":14,"playtime":713,"items_purged":[],"score":115,"play_id":"5db8e5dc-63f6-4cd6-8c09-2c2fb89f7b43","local_time":"20190607133254","is_ascension_mode":true,"campfire_choices":[{"data":"Dualcast","floor":6.0,"key":"SMITH"},{"data":"Defragment","floor":10.0,"key":"SMITH"}],"neow_cost":"NONE","seed_source_timestamp":0,"circlet_count":0,"master_deck":["Strike_B","Strike_B","Strike_B","Strike_B","Defend_B","Defend_B","Defend_B","Defend_B","Zap+1","Dualcast+1","Sweeping Beam","Turbo","Steam Power","Auto Shields","Defragment+1","Dramatic Entrance","Echo Form","Go for the Eyes"],"special_seed":0,"relics":["Cracked Core","NeowsBlessing","Bag of Preparation","Singing Bowl","Happy Flower","DataDisk"],"potions_floor_usage":[],"damage_taken":[{"damage":0.0,"enemies":"Small Slimes","floor":1.0,"turns":1.0},{"damage":0.0,"enemies":"Cultist","floor":3.0,"turns":1.0},{"damage":0.0,"enemies":"Jaw Worm","floor":4.0,"turns":1.0},{"damage":25.0,"enemies":"Gremlin Nob","floor":7.0,"turns":4.0},{"damage":0.0,"enemies":"Blue Slaver","floor":8.0,"turns":2.0},{"damage":44.0,"enemies":"Lagavulin","floor":12.0,"turns":10.0},{"damage":0.0,"enemies":"2 Fungi Beasts","floor":13.0,"turns":2.0},{"damage":11,"enemies":"Large Slime","floor":14,"turns":3}],"seed_played":"-1319494265831659412","potions_obtained":[{"floor":3.0,"key":"SpeedPotion"},{"floor":4.0,"key":"Weak Potion"}],"is_trial":false,"path_per_floor":["M","?","M","M","?","R","E","M","T","R","$","E","M","M"],"character_chosen":"DEFECT","items_purchased":["Dramatic Entrance"],"campfire_rested":0,"item_purchase_floors":[11],"current_hp_per_floor":[75,75,75,75,75,75,50,50,50,50,50,6,6,0],"gold":111,"neow_bonus":"THREE_ENEMY_KILL","is_prod":false,"is_daily":false,"chose_seed":false,"campfire_upgraded":2,"win_rate":0,"timestamp":1559939574,"path_taken":["M","?","?","M","?","R","E","?","T","R","$","E","M","M"],"build_version":"2019-01-23","purchased_purges":0,"victory":false,"max_hp_per_floor":[75,75,75,75,75,75,75,75,75,75,75,75,75,75],"card_choices":[{"not_picked":["Go for the Eyes","Static Discharge"],"picked":"Sweeping Beam","floor":1.0},{"not_picked":["Leap","Compile Driver"],"picked":"Turbo","floor":3.0},{"not_picked":["Redo","Stack"],"picked":"Steam Power","floor":4.0},{"not_picked":["Streamline","Sunder"],"picked":"Auto Shields","floor":7.0},{"not_picked":["Meteor Strike","Turbo"],"picked":"Defragment","floor":8.0},{"not_picked":["Cold Snap","Compile Driver"],"picked":"Echo Form","floor":12.0},{"not_picked":["Lockon","Stack"],"picked":"Go for the Eyes","floor":13.0}],"player_experience":476732,"relics_obtained":[{"floor":7.0,"key":"Singing Bowl"},{"floor":9.0,"key":"Happy Flower"},{"floor":12.0,"key":"DataDisk"}],"event_choices":[{"damage_healed":0.0,"max_hp_gain":0.0,"max_hp_loss":0.0,"gold_gain":0.0,"event_name":"Accursed Blacksmith","player_choice":"Forge","floor":2.0,"gold_loss":0.0,"damage_taken":0.0,"cards_upgraded":["Zap"]},{"damage_healed":0.0,"max_hp_gain":0.0,"max_hp_loss":0.0,"gold_gain":0.0,"event_name":"WeMeetAgain","player_choice":"Paid Gold","floor":5.0,"gold_loss":54.0,"damage_taken":0.0,"relics_obtained":["Bag of Preparation"]}],"is_beta":false,"boss_relics":[],"items_purged_floors":[],"is_endless":false,"potions_floor_spawned":[3,4],"killed_by":"Large Slime","ascension_level":3}