{"gold_per_floor":[116,291,291,306,316,316,11,43,43,53,64,89,115,1,1,102,102,120,395,33,53,70,70,103,103,130,145,218,218,218,236,236,337,337,350,109,127,141,67,67,67],"floor_reached":41,"playtime":6774,"items_purged":["Doubt"],"score":524,"play_id":"4e128b12-cabc-4fd6-9d41-4fba70c5f254","local_time":"20190603023358","is_ascension_mode":true,"campfire_choices":[{"data":"Dualcast","floor":6,"key":"SMITH"},{"data":"Zap","floor":15,"key":"SMITH"},{"data":"Steam Power","floor":23,"key":"SMITH"},{"data":"Jack Of All Trades","floor":25,"key":"SMITH"},{"data":"Go for the Eyes","floor":30,"key":"SMITH"},{"data":"Scrape","floor":32,"key":"SMITH"},{"data":"Seek","floor":40,"key":"SMITH"}],"neow_cost":"NONE","seed_source_timestamp":612270418202649,"circlet_count":0,"master_deck":["Strike_B","Strike_B","Strike_B","Strike_B","Defend_B","Defend_B","Defend_B","Defend_B","Zap","Dualcast+1","Genetic Algorithm","Buffer","Zap+1","Doom and Gloom","Compile Driver","Turbo","Scrape","Jack Of All Trades+1","Self Repair","Go for the Eyes","Gash","Turbo","Scrape","Scrape+1","Beam Cell","Glacier","Core Surge","Turbo+1","Regret","Gash","Flash of Steel","Go for the Eyes+1","Streamline+1","Steam Power+1","Self Repair+1","Multi-Cast","Stack","Creative AI","Gash+1","Seek+1","Madness","Hologram+1","Chaos+1","Reprogram"],"relics":["FrozenCore","NeowsBlessing","Bottled Lightning","Orichalcum","Oddly Smooth Stone","Odd Mushroom","OrangePellets","Red Mask","Cables","Philosopher\u0027s Stone"],"potions_floor_usage":[8,8,16,33,33],"damage_taken":[{"damage":0,"enemies":"2 Louse","floor":1,"turns":1},{"damage":0,"enemies":"Jaw Worm","floor":4,"turns":1},{"damage":0,"enemies":"Cultist","floor":5,"turns":1},{"damage":12,"enemies":"Gremlin Nob","floor":8,"turns":4},{"damage":9,"enemies":"2 Fungi Beasts","floor":10,"turns":3},{"damage":2,"enemies":"Exordium Wildlife","floor":11,"turns":3},{"damage":2,"enemies":"Lagavulin","floor":12,"turns":6},{"damage":7,"enemies":"The Mushroom Lair","floor":13,"turns":4},{"damage":0,"enemies":"Slime Boss","floor":16,"turns":7},{"damage":13,"enemies":"Spheric Guardian","floor":18,"turns":6},{"damage":4,"enemies":"2 Thieves","floor":21,"turns":3},{"damage":5,"enemies":"Snake Plant","floor":22,"turns":7},{"damage":12,"enemies":"Masked Bandits","floor":24,"turns":4},{"damage":0,"enemies":"Chosen and Byrds","floor":27,"turns":4},{"damage":0,"enemies":"Shelled Parasite and Fungi","floor":31,"turns":4},{"damage":30,"enemies":"Collector","floor":33,"turns":9},{"damage":1,"enemies":"Orb Walker","floor":35,"turns":4},{"damage":23,"enemies":"3 Darklings","floor":37,"turns":6},{"damage":1,"enemies":"Maw","floor":38,"turns":9},{"damage":67,"enemies":"Giant Head","floor":41,"turns":9}],"seed_played":"-2727916238608127950","potions_obtained":[{"floor":1,"key":"PowerPotion"},{"floor":4,"key":"Block Potion"},{"floor":8,"key":"Energy Potion"},{"floor":10,"key":"Ancient Potion"},{"floor":13,"key":"Block Potion"},{"floor":22,"key":"Weak Potion"},{"floor":27,"key":"Dexterity Potion"},{"floor":35,"key":"LiquidBronze"}],"is_trial":false,"path_per_floor":["M","?","?","M","M","R","$","E","T","M","M","E","?","$","R","B",null,"M","?","$","M","M","R","?","R","T","M","T","?","R","M","R","B",null,"M","$","M","M","$","R","E"],"character_chosen":"DEFECT","items_purchased":["Scrape","Jack Of All Trades","Self Repair","Beam Cell","Glacier","OrangePellets","Gash","Flash of Steel","Go for the Eyes","Seek","Madness","Reprogram"],"campfire_rested":0,"item_purchase_floors":[7,7,7,14,14,20,20,20,20,36,36,39],"current_hp_per_floor":[75,75,75,75,75,75,75,70,70,61,59,57,50,50,50,57,75,62,62,62,58,60,60,48,48,48,65,65,65,65,65,65,42,75,74,74,61,67,67,67,0],"gold":67,"neow_bonus":"THREE_ENEMY_KILL","is_prod":false,"is_daily":false,"chose_seed":false,"campfire_upgraded":7,"win_rate":0,"timestamp":1559554438,"path_taken":["M","?","?","M","?","R","$","E","T","M","M","E","?","?","R","BOSS","M","?","$","M","?","R","?","R","T","M","?","?","R","M","R","BOSS","M","$","M","M","$","R","E"],"build_version":"2019-01-23","purchased_purges":1,"victory":false,"max_hp_per_floor":[75,75,75,75,75,75,75,75,75,75,75,75,75,75,75,75,75,75,75,75,75,75,75,75,75,75,75,75,75,75,75,75,75,75,75,75,75,75,75,75,75],"card_choices":[{"not_picked":["Doom and Gloom","Redo"],"picked":"Genetic Algorithm","floor":1},{"not_picked":["Lockon","Storm"],"picked":"Compile Driver","floor":4},{"not_picked":["Skim","Gash"],"picked":"Turbo","floor":5},{"not_picked":["Steam","Static Discharge"],"picked":"Go for the Eyes","floor":8},{"not_picked":["Coolheaded","Sweeping Beam"],"picked":"Gash","floor":10},{"not_picked":["Skim","Leap"],"picked":"Turbo","floor":11},{"not_picked":["Tempest","Ball Lightning"],"picked":"Scrape","floor":12},{"not_picked":["Sweeping Beam","Compile Driver"],"picked":"Scrape","floor":13},{"not_picked":["Meteor Strike","Buffer"],"picked":"Core Surge","floor":16},{"not_picked":["Compile Driver","Reinforced Body"],"picked":"Turbo+1","floor":18},{"not_picked":["Melter+1","Steam"],"picked":"Streamline+1","floor":21},{"not_picked":["Go for the Eyes","Turbo"],"picked":"Steam Power","floor":22},{"not_picked":["Consume+1","Genetic Algorithm"],"picked":"Self Repair+1","floor":24},{"not_picked":["Beam Cell+1","Gash+1"],"picked":"Multi-Cast","floor":27},{"not_picked":["Sweeping Beam","Undo"],"picked":"Stack","floor":31},{"not_picked":["Amplify","Thunder Strike"],"picked":"Creative AI","floor":33},{"not_picked":["Ball Lightning+1","Redo"],"picked":"Gash+1","floor":35},{"not_picked":["Storm+1","Stack"],"picked":"Hologram+1","floor":37},{"not_picked":["Stack+1","Fusion"],"picked":"Chaos+1","floor":38}],"player_experience":358597,"relics_obtained":[{"floor":8,"key":"Bottled Lightning"},{"floor":9,"key":"Orichalcum"},{"floor":12,"key":"Oddly Smooth Stone"},{"floor":13,"key":"Odd Mushroom"},{"floor":24,"key":"Red Mask"},{"floor":28,"key":"Cables"}],"event_choices":[{"damage_healed":0,"gold_gain":175,"player_choice":"AGREE","damage_taken":0,"max_hp_gain":0,"max_hp_loss":0,"event_name":"Liars Game","floor":2,"gold_loss":0,"cards_obtained":["Doubt"]},{"damage_healed":0,"gold_gain":0,"player_choice":"3 cards matched","damage_taken":0,"max_hp_gain":0,"max_hp_loss":0,"event_name":"Match and Keep!","floor":3,"gold_loss":0,"cards_obtained":["Buffer","Zap","Doom and Gloom"]},{"damage_healed":0,"gold_gain":0,"player_choice":"Fought Mushrooms","damage_taken":0,"max_hp_gain":0,"max_hp_loss":0,"event_name":"Mushrooms","floor":13,"gold_loss":0},{"damage_healed":0,"gold_gain":275,"player_choice":"Desecrate","damage_taken":0,"max_hp_gain":0,"max_hp_loss":0,"event_name":"Golden Shrine","floor":19,"gold_loss":0,"cards_obtained":["Regret"]},{"damage_healed":0,"gold_gain":0,"player_choice":"Fought Bandits","damage_taken":0,"max_hp_gain":0,"max_hp_loss":0,"event_name":"Masked Bandits","floor":24,"gold_loss":0},{"damage_healed":0,"gold_gain":0,"player_choice":"Ignored","damage_taken":0,"max_hp_gain":0,"max_hp_loss":0,"event_name":"Ghosts","floor":29,"gold_loss":0}],"is_beta":false,"boss_relics":[{"not_picked":["Velvet Choker","Astrolabe"],"picked":"FrozenCore"},{"not_picked":["Empty Cage","Sozu"],"picked":"Philosopher\u0027s Stone"}],"items_purged_floors":[7],"is_endless":false,"potions_floor_spawned":[1,4,8,10,13,22,27,35],"killed_by":"Giant Head","ascension_level":1}