{"gold_per_floor":[119,137,151,162,6,6,17,78,78,78,89,118,128,159,159,258,258,271,271,301,68,85,85,55,80,80,80,97,128,128,142,142,238,238,255,268,8,108,118,152,165,175,224,224,224],"floor_reached":45,"playtime":8063,"items_purged":[],"score":996,"play_id":"168c178b-2550-4d0b-a893-40a263d5f47e","local_time":"20190825080212","is_ascension_mode":true,"campfire_choices":[{"data":"Hyperbeam","floor":6.0,"key":"SMITH"},{"floor":10.0,"key":"REST"},{"data":"Echo Form","floor":15.0,"key":"SMITH"},{"data":"Sunder","floor":23.0,"key":"SMITH"},{"floor":27.0,"key":"REST"},{"data":"Bludgeon","floor":30.0,"key":"SMITH"},{"floor":32.0,"key":"REST"},{"data":"Heatsinks","floor":44,"key":"SMITH"}],"neow_cost":"NONE","seed_source_timestamp":0,"circlet_count":0,"master_deck":["AscendersBane","Strike_B","Strike_B","Strike_B","Strike_B","Defend_B","Defend_B","Defend_B","Defend_B","Zap","Dualcast","Hyperbeam+1","Coolheaded","Gash","Leap","Skim","Echo Form+1","Chill","Leap+1","Multi-Cast","Undo","Gash","All For One","Beam Cell","Sunder+1","Blind","Setup","Heatsinks+1","Bludgeon+1","Well Laid Plans","Night Terror","Thunderclap","Loop+1","Defragment","Aggregate+1","Scrape+1","Feel No Pain+1","Dropkick+1","Expertise"],"special_seed":0,"relics":["Cracked Core","Bronze Scales","Tiny Chest","Pear","Mummified Hand","Bottled Tornado","Snecko Eye","Red Mask","PrismaticShard","Orichalcum","Omamori","Coffee Dripper","Art of War","Unceasing Top","Regal Pillow","War Paint"],"potions_floor_usage":[],"damage_taken":[{"damage":1.0,"enemies":"Cultist","floor":1.0,"turns":3.0},{"damage":12.0,"enemies":"Jaw Worm","floor":2.0,"turns":2.0},{"damage":7.0,"enemies":"Small Slimes","floor":3.0,"turns":2.0},{"damage":4.0,"enemies":"Exordium Wildlife","floor":4.0,"turns":3.0},{"damage":0.0,"enemies":"Lots of Slimes","floor":7.0,"turns":1.0},{"damage":18.0,"enemies":"Gremlin Nob","floor":8.0,"turns":4.0},{"damage":2.0,"enemies":"3 Louse","floor":11.0,"turns":3.0},{"damage":0.0,"enemies":"Lagavulin","floor":12.0,"turns":4.0},{"damage":2.0,"enemies":"Red Slaver","floor":13.0,"turns":3.0},{"damage":22.0,"enemies":"Gremlin Nob","floor":14.0,"turns":4.0},{"damage":6.0,"enemies":"Slime Boss","floor":16.0,"turns":6.0},{"damage":0.0,"enemies":"Chosen","floor":18.0,"turns":3.0},{"damage":0.0,"enemies":"Masked Bandits","floor":20.0,"turns":2.0},{"damage":14.0,"enemies":"2 Thieves","floor":22.0,"turns":2.0},{"damage":15.0,"enemies":"Book of Stabbing","floor":25.0,"turns":6.0},{"damage":21.0,"enemies":"3 Cultists","floor":28.0,"turns":6.0},{"damage":19.0,"enemies":"Slavers","floor":29.0,"turns":2.0},{"damage":0.0,"enemies":"Snake Plant","floor":31.0,"turns":2.0},{"damage":54.0,"enemies":"Champ","floor":33.0,"turns":8.0},{"damage":0.0,"enemies":"3 Darklings","floor":35.0,"turns":4.0},{"damage":17.0,"enemies":"3 Shapes","floor":36.0,"turns":2.0},{"damage":9.0,"enemies":"Mind Bloom Boss Battle","floor":38.0,"turns":5.0},{"damage":8.0,"enemies":"Sphere and 2 Shapes","floor":39.0,"turns":2.0},{"damage":0.0,"enemies":"Giant Head","floor":40.0,"turns":4.0},{"damage":16,"enemies":"Transient","floor":41,"turns":5},{"damage":12,"enemies":"Spire Growth","floor":42,"turns":4},{"damage":20,"enemies":"2 Orb Walkers","floor":45,"turns":2}],"seed_played":"-3959314435880353739","potions_obtained":[{"floor":1.0,"key":"Swift Potion"},{"floor":4.0,"key":"FocusPotion"},{"floor":8.0,"key":"Regen Potion"},{"floor":11.0,"key":"LiquidBronze"},{"floor":13.0,"key":"PowerPotion"},{"floor":18.0,"key":"AttackPotion"},{"floor":24.0,"key":"FairyPotion"},{"floor":29.0,"key":"FocusPotion"},{"floor":31.0,"key":"Fire Potion"},{"floor":35.0,"key":"Poison Potion"},{"floor":41,"key":"Dexterity Potion"}],"is_trial":false,"path_per_floor":["M","M","M","M","$","R","M","E","T","R","M","E","M","E","R","B",null,"M","?","?","$","M","R","?","E","T","R","M","E","R","M","R","B",null,"M","M","$","?","M","E","M","M","T","R","?"],"character_chosen":"DEFECT","items_purchased":["Bronze Scales","Sunder","PrismaticShard","Defragment","Art of War","Aggregate"],"campfire_rested":3,"item_purchase_floors":[5,21,21,37,37,37],"current_hp_per_floor":[67,55,48,44,44,44,44,26,36,61,59,71,69,47,47,41,74,74,74,74,74,60,60,60,45,45,70,49,30,30,30,55,1,64,64,47,47,38,30,30,14,2,2,2,0],"gold":224,"neow_bonus":"ONE_RANDOM_RARE_CARD","is_prod":false,"is_daily":false,"chose_seed":false,"campfire_upgraded":5,"win_rate":0,"timestamp":1566734532,"path_taken":["M","?","M","M","?","R","M","E","T","R","M","E","M","E","R","BOSS","M","?","?","?","?","R","?","E","T","R","?","E","R","M","R","BOSS","M","M","$","?","M","E","M","M","T","R","?"],"build_version":"2019-07-17","purchased_purges":0,"victory":false,"max_hp_per_floor":[75,75,75,75,75,75,75,75,85,85,85,85,85,85,85,85,85,85,85,85,85,85,85,85,85,85,85,85,85,85,85,85,85,85,85,85,85,85,85,85,85,85,85,85,85],"card_choices":[{"not_picked":["Chaos","Streamline"],"picked":"Coolheaded","floor":1.0},{"not_picked":["Steam","Hello World"],"picked":"Gash","floor":2.0},{"not_picked":["Sweeping Beam","Barrage"],"picked":"Leap","floor":3.0},{"not_picked":["Melter","Cold Snap"],"picked":"Skim","floor":4.0},{"not_picked":["Hologram","Chaos"],"picked":"Echo Form","floor":7.0},{"not_picked":["Barrage","Go for the Eyes"],"picked":"Chill","floor":8.0},{"not_picked":["Sweeping Beam","Barrage"],"picked":"Leap","floor":11.0},{"not_picked":["Turbo","Chill"],"picked":"Multi-Cast","floor":12.0},{"not_picked":["Leap","Sweeping Beam"],"picked":"Undo","floor":13.0},{"not_picked":["Rebound","Multi-Cast"],"picked":"Gash","floor":14.0},{"not_picked":["Fission","Seek"],"picked":"All For One","floor":16.0},{"not_picked":["Gash","Compile Driver"],"picked":"Beam Cell","floor":18.0},{"not_picked":["Anger","BootSequence"],"picked":"Blind","floor":22.0},{"not_picked":["Perfected Strike","Power Through"],"picked":"Setup","floor":25.0},{"not_picked":["Rampage","Sweeping Beam+1"],"picked":"Heatsinks","floor":28.0},{"not_picked":["PiercingWail","Clash"],"picked":"Bludgeon","floor":29.0},{"not_picked":["Static Discharge","Heel Hook"],"picked":"Well Laid Plans","floor":31.0},{"not_picked":["Die Die Die","Apotheosis"],"picked":"Night Terror","floor":33.0},{"not_picked":["Clothesline","Clash"],"picked":"Thunderclap","floor":35.0},{"not_picked":["Shrug It Off","Ghostly Armor"],"picked":"Loop+1","floor":36.0},{"not_picked":["Quick Slash","Creative AI"],"picked":"Scrape+1","floor":38.0},{"not_picked":["Go for the Eyes","Barrage"],"picked":"Feel No Pain+1","floor":39.0},{"not_picked":["Melter","Sucker Punch","Cold Snap"],"picked":"SKIP","floor":40.0},{"not_picked":["Static Discharge","Blind"],"picked":"Dropkick+1","floor":41},{"not_picked":["Underhanded Strike","Barrage"],"picked":"Expertise","floor":42}],"player_experience":1180746,"relics_obtained":[{"floor":8.0,"key":"Tiny Chest"},{"floor":9.0,"key":"Pear"},{"floor":12.0,"key":"Mummified Hand"},{"floor":14.0,"key":"Bottled Tornado"},{"floor":20.0,"key":"Red Mask"},{"floor":25.0,"key":"Orichalcum"},{"floor":29.0,"key":"Omamori"},{"floor":38.0,"key":"Unceasing Top"},{"floor":40.0,"key":"Regal Pillow"},{"floor":43,"key":"War Paint"}],"event_choices":[{"damage_healed":0.0,"max_hp_gain":0.0,"max_hp_loss":0.0,"gold_gain":0.0,"event_name":"Ghosts","player_choice":"Ignored","floor":19.0,"gold_loss":0.0,"damage_taken":0.0},{"damage_healed":0.0,"max_hp_gain":0.0,"max_hp_loss":0.0,"gold_gain":0.0,"event_name":"Masked Bandits","player_choice":"Fought Bandits","floor":20.0,"gold_loss":0.0,"damage_taken":0.0},{"damage_healed":0.0,"max_hp_gain":0.0,"max_hp_loss":0.0,"gold_gain":0.0,"event_name":"The Woman in Blue","player_choice":"Bought 2 Potions","floor":24.0,"gold_loss":0.0,"damage_taken":0.0},{"damage_healed":0.0,"max_hp_gain":0.0,"max_hp_loss":0.0,"gold_gain":0.0,"event_name":"MindBloom","player_choice":"Fight","floor":38.0,"gold_loss":0.0,"damage_taken":0.0},{"damage_healed":0,"gold_gain":0,"player_choice":"Fight","damage_taken":0,"max_hp_gain":0,"max_hp_loss":0,"event_name":"Mysterious Sphere","floor":45,"gold_loss":0}],"is_beta":false,"boss_relics":[{"not_picked":["Runic Pyramid","Orrery"],"picked":"Snecko Eye"},{"not_picked":["White Beast Statue","Lizard Tail"],"picked":"Coffee Dripper"}],"items_purged_floors":[],"is_endless":false,"potions_floor_spawned":[1,4,8,11,13,18,29,31,35,41,42],"killed_by":"2 Orb Walkers","ascension_level":12}