{"gold_per_floor":[110,135,152,102,116,116,150,150,150,53,53,67,67,80,80,180,180,193,468,487,42,60,60,60],"floor_reached":24,"playtime":1585,"items_purged":["Regret"],"score":274,"play_id":"399a5d52-7756-4361-9bc1-fe6f8854c09c","local_time":"20190720152834","is_ascension_mode":true,"campfire_choices":[{"data":"Beam Cell","floor":6.0,"key":"SMITH"},{"floor":11.0,"key":"REST"},{"data":"Self Repair","floor":13.0,"key":"SMITH"},{"floor":15.0,"key":"REST"},{"data":"Zap","floor":23,"key":"SMITH"}],"neow_cost":"NONE","seed_source_timestamp":0,"circlet_count":0,"master_deck":["Strike_B","Strike_B","Strike_B+1","Defend_B","Defend_B","Defend_B","Defend_B","Zap+1","Dualcast","Purity","Conserve Battery","Turbo+1","Beam Cell+1","Self Repair+1","BootSequence","Beam Cell","Melter","Loop","All For One","Gash","Gash","Heatsinks","Multi-Cast","Force Field"],"special_seed":0,"relics":["Cracked Core","Bag of Marbles","Bottled Flame","Pen Nib","White Beast Statue","OrangePellets"],"potions_floor_usage":[18],"damage_taken":[{"damage":1.0,"enemies":"Cultist","floor":1.0,"turns":3.0},{"damage":0.0,"enemies":"Small Slimes","floor":3.0,"turns":2.0},{"damage":0.0,"enemies":"Jaw Worm","floor":5.0,"turns":3.0},{"damage":40.0,"enemies":"3 Sentries","floor":7.0,"turns":9.0},{"damage":8.0,"enemies":"2 Fungi Beasts","floor":12.0,"turns":5.0},{"damage":14.0,"enemies":"Exordium Thugs","floor":14.0,"turns":3.0},{"damage":60.0,"enemies":"The Guardian","floor":16.0,"turns":11.0},{"damage":31,"enemies":"2 Thieves","floor":18,"turns":5},{"damage":0,"enemies":"Chosen","floor":20,"turns":4},{"damage":28,"enemies":"Snake Plant","floor":22,"turns":4},{"damage":16,"enemies":"3 Cultists","floor":24,"turns":3}],"seed_played":"8842475331952330553","potions_obtained":[{"floor":3.0,"key":"Weak Potion"},{"floor":5.0,"key":"EssenceOfSteel"},{"floor":14.0,"key":"Regen Potion"},{"floor":18,"key":"Fruit Juice"},{"floor":20,"key":"Ancient Potion"},{"floor":22,"key":"Ancient Potion"}],"is_trial":false,"path_per_floor":["M","T","M","?","M","R","E","?","T","$","R","M","R","M","R","B",null,"M","?","M","$","M","R","M"],"character_chosen":"DEFECT","items_purchased":["BootSequence","Beam Cell","OrangePellets","Heatsinks","Multi-Cast"],"campfire_rested":2,"item_purchase_floors":[10,10,21,21,21],"current_hp_per_floor":[67,67,67,67,67,67,27,12,12,12,34,33,33,29,51,16,60,34,34,44,44,16,16,0],"gold":60,"neow_bonus":"RANDOM_COLORLESS","is_prod":false,"is_daily":false,"chose_seed":false,"campfire_upgraded":3,"win_rate":0,"timestamp":1563650914,"path_taken":["M","?","M","?","M","R","E","?","T","?","R","M","R","M","R","BOSS","M","?","M","?","M","R","M"],"build_version":"2019-07-17","purchased_purges":1,"victory":false,"max_hp_per_floor":[75,75,75,75,75,75,75,75,75,75,75,75,75,75,75,75,75,80,80,80,80,80,80,80],"card_choices":[{"not_picked":["Aggregate","Steam"],"picked":"Conserve Battery","floor":1.0},{"not_picked":["White Noise","Aggregate"],"picked":"Turbo","floor":3.0},{"not_picked":["Coolheaded","Conserve Battery"],"picked":"Beam Cell","floor":5.0},{"not_picked":["Melter","Stack"],"picked":"Self Repair","floor":7.0},{"not_picked":["Stack","Redo"],"picked":"Melter","floor":12.0},{"not_picked":["Biased Cognition","Recycle"],"picked":"Loop","floor":14.0},{"not_picked":["Multi-Cast","Fission"],"picked":"All For One","floor":16.0},{"not_picked":["Storm","Beam Cell"],"picked":"Gash","floor":18},{"not_picked":["Turbo+1","Force Field"],"picked":"Gash","floor":20},{"not_picked":["Compile Driver+1","Beam Cell"],"picked":"Force Field","floor":22}],"player_experience":1006761,"relics_obtained":[{"floor":2.0,"key":"Bag of Marbles"},{"floor":7.0,"key":"Bottled Flame"},{"floor":9.0,"key":"Pen Nib"}],"event_choices":[{"cards_removed":["Strike_B"],"damage_healed":0.0,"max_hp_gain":0.0,"max_hp_loss":0.0,"gold_gain":0.0,"event_name":"The Cleric","player_choice":"Card Removal","floor":4.0,"gold_loss":50.0,"damage_taken":0.0},{"damage_healed":0.0,"max_hp_gain":0.0,"max_hp_loss":0.0,"gold_gain":0.0,"event_name":"Shining Light","player_choice":"Entered Light","floor":8.0,"gold_loss":0.0,"damage_taken":15.0,"cards_upgraded":["Turbo","Strike_B"]},{"damage_healed":0,"gold_gain":275,"player_choice":"Desecrate","damage_taken":0,"max_hp_gain":0,"max_hp_loss":0,"event_name":"Golden Shrine","floor":19,"gold_loss":0,"cards_obtained":["Regret"]}],"is_beta":false,"boss_relics":[{"not_picked":["Runic Dome","Snecko Eye"],"picked":"White Beast Statue"}],"items_purged_floors":[21],"is_endless":false,"potions_floor_spawned":[3,5,14,18,20,22],"killed_by":"3 Cultists","ascension_level":8}