{"gold_per_floor":[110,110,122,147,172,184,226,238,250,262,308,320,350,400,412,549,561,592,629,158,158,176,176],"floor_reached":23,"playtime":2794,"items_purged":[],"score":264,"play_id":"6cdeef9a-4b11-45e4-bd05-b37db26257a1","local_time":"20190604153146","is_ascension_mode":true,"campfire_choices":[{"floor":8.0,"key":"REST"},{"floor":12.0,"key":"REST"},{"floor":15.0,"key":"REST"}],"neow_cost":"TEN_PERCENT_HP_LOSS","seed_source_timestamp":0,"circlet_count":0,"master_deck":["Defend_R","Defend_R","Defend_R","Defend_R","Bash","Hemokinesis","Regret","Body Slam","Battle Trance","Blood for Blood","Inflame","Fiend Fire","Power Through","Disarm","Searing Blow","Barricade","True Grit","True Grit","Armaments","Good Instincts","Combust","Bite","Bite","Bite","Bite","Bite","Body Slam"],"special_seed":0,"relics":["Burning Blood","MawBank","Dream Catcher","Golden Idol","Blue Candle","Shuriken","Bag of Marbles","Eternal Feather","Magic Flower"],"potions_floor_usage":[22],"damage_taken":[{"damage":13.0,"enemies":"2 Louse","floor":1.0,"turns":3.0},{"damage":17.0,"enemies":"Jaw Worm","floor":4.0,"turns":4.0},{"damage":12.0,"enemies":"Small Slimes","floor":5.0,"turns":3.0},{"damage":30.0,"enemies":"Lagavulin","floor":11.0,"turns":5.0},{"damage":14.0,"enemies":"2 Fungi Beasts","floor":13.0,"turns":3.0},{"damage":19.0,"enemies":"Gremlin Nob","floor":14.0,"turns":4.0},{"damage":25.0,"enemies":"The Guardian","floor":16.0,"turns":9.0},{"damage":39.0,"enemies":"Spheric Guardian","floor":18.0,"turns":6.0},{"damage":25.0,"enemies":"Shell Parasite","floor":19.0,"turns":7.0},{"damage":24,"enemies":"Centurion and Healer","floor":22,"turns":6},{"damage":27,"enemies":"Book of Stabbing","floor":23,"turns":4}],"seed_played":"1303768631012962663","potions_obtained":[{"floor":5.0,"key":"Energy Potion"},{"floor":13.0,"key":"Block Potion"},{"floor":14.0,"key":"PowerPotion"},{"floor":19.0,"key":"Swift Potion"},{"floor":22,"key":"SpeedPotion"}],"is_trial":false,"path_per_floor":["M","?","?","M","M","?","?","R","T","$","E","R","M","E","R","B",null,"M","M","$","?","M","E"],"character_chosen":"IRONCLAD","items_purchased":["Magic Flower","Armaments","Good Instincts","Combust"],"campfire_rested":3,"item_purchase_floors":[20,20,20,20],"current_hp_per_floor":[65,65,62,51,45,27,27,48,48,48,24,45,37,24,45,26,72,39,20,20,20,20,0],"gold":176,"neow_bonus":"REMOVE_TWO","is_prod":false,"is_daily":false,"chose_seed":false,"campfire_upgraded":0,"win_rate":0,"timestamp":1559687506,"path_taken":["M","?","?","M","M","?","?","R","T","?","E","R","M","E","R","BOSS","M","M","$","?","M","E"],"build_version":"2019-01-23","purchased_purges":0,"victory":false,"max_hp_per_floor":[72,72,72,72,72,72,72,72,72,72,72,72,72,72,72,72,72,72,72,72,50,50,50],"card_choices":[{"not_picked":["Havoc","Body Slam"],"picked":"Hemokinesis","floor":1.0},{"not_picked":["Iron Wave","Flex"],"picked":"Body Slam","floor":4.0},{"not_picked":["Corruption","Disarm"],"picked":"Battle Trance","floor":5.0},{"not_picked":["Flex","Perfected Strike"],"picked":"Blood for Blood","floor":8.0},{"not_picked":["Battle Trance","Shrug It Off"],"picked":"Inflame","floor":11.0},{"not_picked":["Cleave","Pommel Strike"],"picked":"Fiend Fire","floor":12.0},{"not_picked":["Havoc","Heavy Blade"],"picked":"Power Through","floor":13.0},{"not_picked":["True Grit","Heavy Blade"],"picked":"Disarm","floor":14.0},{"not_picked":["Pommel Strike","Uppercut"],"picked":"Searing Blow","floor":15.0},{"not_picked":["Immolate","Limit Break"],"picked":"Barricade","floor":16.0},{"not_picked":["Clash","Cleave+1"],"picked":"True Grit","floor":18.0},{"not_picked":["Twin Strike","Havoc"],"picked":"True Grit","floor":19.0},{"not_picked":["Armaments","Clothesline+1"],"picked":"Body Slam","floor":22}],"player_experience":397462,"relics_obtained":[{"floor":9.0,"key":"Blue Candle"},{"floor":11.0,"key":"Shuriken"},{"floor":14.0,"key":"Bag of Marbles"}],"event_choices":[{"damage_healed":0.0,"max_hp_gain":0.0,"max_hp_loss":0.0,"gold_gain":0.0,"event_name":"Big Fish","player_choice":"Box","floor":2.0,"gold_loss":0.0,"damage_taken":0.0,"relics_obtained":["MawBank"],"cards_obtained":["Regret"]},{"damage_healed":0.0,"max_hp_gain":0.0,"max_hp_loss":0.0,"gold_gain":0.0,"event_name":"Scrap Ooze","player_choice":"Success","floor":3.0,"gold_loss":0.0,"damage_taken":3.0,"relics_obtained":["Dream Catcher"]},{"damage_healed":0.0,"max_hp_gain":0.0,"max_hp_loss":0.0,"gold_gain":0.0,"event_name":"Golden Idol","player_choice":"Take Damage","floor":6.0,"gold_loss":0.0,"damage_taken":18.0,"relics_obtained":["Golden Idol"]},{"damage_healed":0.0,"max_hp_gain":0.0,"max_hp_loss":0.0,"gold_gain":30.0,"event_name":"Dead Adventurer","player_choice":"Searched \u00272\u0027 times","floor":7.0,"gold_loss":0.0,"damage_taken":0.0},{"damage_healed":0.0,"max_hp_gain":0.0,"max_hp_loss":22.0,"gold_gain":0.0,"event_name":"Vampires","player_choice":"Became a vampire","floor":21.0,"gold_loss":0.0,"damage_taken":0.0,"cards_obtained":["Bite","Bite","Bite","Bite","Bite"]}],"is_beta":false,"boss_relics":[{"not_picked":["Runic Pyramid","Astrolabe"],"picked":"Eternal Feather"}],"items_purged_floors":[],"is_endless":false,"potions_floor_spawned":[5,13,14,19,22],"killed_by":"Book of Stabbing","ascension_level":4}