{"gold_per_floor":[116,26,46,64,82,107,107,135,183,17,17,92,92,92,92,197,247,262,17,30,30],"floor_reached":21,"playtime":2703,"items_purged":[],"score":212,"play_id":"32d7f0ac-5a82-41fd-97c2-7cfe9c3ab154","local_time":"20190514221123","is_ascension_mode":false,"campfire_choices":[{"data":"Coolheaded","floor":7.0,"key":"SMITH"},{"data":"Fusion","floor":13.0,"key":"SMITH"},{"floor":15.0,"key":"REST"}],"neow_cost":"NONE","seed_source_timestamp":0,"circlet_count":0,"master_deck":["Strike_B+1","Strike_B","Strike_B","Defend_B","Defend_B+1","Defend_B","Defend_B","Zap","Dualcast","Go for the Eyes+1","FTL","Hello World","Coolheaded+1","White Noise","Sunder","Aggregate","Conserve Battery","Sweeping Beam","Fusion+1","Self Repair","Rebound","Parasite","All For One","Turbo","Lockon","Steam","Mayhem","Compile Driver"],"special_seed":0,"relics":["Cracked Core","Pen Nib","Pear","Ancient Tea Set","Tiny House"],"potions_floor_usage":[18,20,21],"damage_taken":[{"damage":6.0,"enemies":"Jaw Worm","floor":1.0,"turns":2.0},{"damage":0.0,"enemies":"Small Slimes","floor":3.0,"turns":3.0},{"damage":0.0,"enemies":"2 Louse","floor":4.0,"turns":2.0},{"damage":9.0,"enemies":"Exordium Wildlife","floor":5.0,"turns":3.0},{"damage":8.0,"enemies":"Gremlin Nob","floor":6.0,"turns":3.0},{"damage":17.0,"enemies":"3 Sentries","floor":8.0,"turns":6.0},{"damage":33.0,"enemies":"Hexaghost","floor":16.0,"turns":8.0},{"damage":25,"enemies":"2 Thieves","floor":18,"turns":4},{"damage":8,"enemies":"3 Byrds","floor":20,"turns":5},{"damage":20,"enemies":"Colosseum Slavers","floor":21,"turns":5},{"damage":44,"enemies":"Colosseum Nobs","floor":21,"turns":4}],"seed_played":"-2191383482736499888","potions_obtained":[{"floor":1.0,"key":"Fire Potion"},{"floor":16.0,"key":"PowerPotion"},{"floor":17.0,"key":"Strength Potion"},{"floor":18,"key":"Energy Potion"}],"is_trial":false,"path_per_floor":["M","$","M","M","M","E","R","E","T","$","?","?","R","?","R","B",null,"M","$","M","?"],"character_chosen":"DEFECT","items_purchased":["Hello World","Coolheaded","Fusion","Self Repair","Rebound","Steam","Mayhem"],"campfire_rested":1,"item_purchase_floors":[2,2,10,10,10,19,19],"current_hp_per_floor":[69,69,69,69,60,52,52,45,45,45,66,55,55,38,63,37,90,65,65,64,0],"gold":30,"neow_bonus":"TRANSFORM_CARD","is_prod":false,"is_daily":false,"chose_seed":false,"campfire_upgraded":2,"win_rate":0.0,"timestamp":1557897083,"path_taken":["M","$","M","M","M","E","R","E","T","$","?","?","R","?","R","BOSS","M","$","M","?"],"build_version":"2019-01-23","purchased_purges":0,"victory":false,"max_hp_per_floor":[75,75,75,75,75,75,75,85,85,85,85,85,85,85,85,85,90,90,90,90,90],"card_choices":[{"not_picked":["Defragment","Reprogram"],"picked":"FTL","floor":1.0},{"not_picked":["Rebound","Go for the Eyes"],"picked":"White Noise","floor":3.0},{"not_picked":["Rebound","Redo"],"picked":"Sunder","floor":4.0},{"not_picked":["Consume","Hologram"],"picked":"Aggregate","floor":5.0},{"not_picked":["Streamline","Thunder Strike"],"picked":"Conserve Battery","floor":6.0},{"not_picked":["Stack","Cold Snap"],"picked":"Sweeping Beam","floor":8.0},{"not_picked":["Seek","Amplify"],"picked":"All For One","floor":16.0},{"not_picked":["Conserve Battery","Consume"],"picked":"Turbo","floor":17.0},{"not_picked":["Leap","Fusion"],"picked":"Lockon","floor":18},{"not_picked":["Streamline+1","Leap+1"],"picked":"Compile Driver","floor":20}],"player_experience":132420,"relics_obtained":[{"floor":6.0,"key":"Pen Nib"},{"floor":8.0,"key":"Pear"},{"floor":9.0,"key":"Ancient Tea Set"}],"event_choices":[{"damage_healed":21.0,"max_hp_gain":0.0,"max_hp_loss":0.0,"gold_gain":0.0,"event_name":"Mushrooms","player_choice":"Healed and dodged fight","floor":11.0,"gold_loss":0.0,"damage_taken":0.0,"cards_obtained":["Parasite"]},{"damage_healed":0.0,"max_hp_gain":0.0,"max_hp_loss":0.0,"gold_gain":75.0,"event_name":"World of Goop","player_choice":"Gather Gold","floor":12.0,"gold_loss":0.0,"damage_taken":11.0},{"damage_healed":0.0,"max_hp_gain":0.0,"max_hp_loss":0.0,"gold_gain":0.0,"event_name":"Shining Light","player_choice":"Entered Light","floor":14.0,"gold_loss":0.0,"damage_taken":17.0,"cards_upgraded":["Go for the Eyes","Strike_B"]},{"damage_healed":0,"gold_gain":0,"player_choice":"Fight","damage_taken":0,"max_hp_gain":0,"max_hp_loss":0,"event_name":"Colosseum","floor":21,"gold_loss":0},{"damage_healed":0,"gold_gain":0,"player_choice":"Fought Nobs","damage_taken":0,"max_hp_gain":0,"max_hp_loss":0,"event_name":"Colosseum","floor":21,"gold_loss":0}],"is_beta":false,"boss_relics":[{"not_picked":["Cursed Key","Philosopher\u0027s Stone"],"picked":"Tiny House"}],"items_purged_floors":[],"is_endless":false,"potions_floor_spawned":[1,16,18],"killed_by":"Colosseum Nobs","ascension_level":0}