{"gold_per_floor":[112,21,21,21,40,40,72,87,114,114,139,214,231,242,242,343,343,353,353,118,118,135,135,164,164],"floor_reached":25,"playtime":2338,"items_purged":[],"score":292,"play_id":"afb663dd-cb4b-4c20-9150-cf951f0a541e","local_time":"20190608010402","is_ascension_mode":true,"campfire_choices":[{"data":"Neutralize","floor":6.0,"key":"SMITH"},{"data":"Caltrops","floor":10.0,"key":"SMITH"},{"floor":15.0,"key":"REST"},{"floor":23.0,"key":"REST"}],"neow_cost":"NONE","seed_source_timestamp":0,"circlet_count":0,"master_deck":["Defend_G","Defend_G","Defend_G","Defend_G","Defend_G","Strike_G","Strike_G","Strike_G","Strike_G","Strike_G","Survivor","Neutralize+1","Dagger Spray","Caltrops+1","Acrobatics","Calculated Gamble","Grand Finale","Deflect","Dagger Spray","Escape Plan","Outmaneuver","Acrobatics","Phantasmal Killer","Backflip","Reflex","Caltrops+1","Escape Plan","Slice"],"special_seed":0,"relics":["Ring of the Snake","NeowsBlessing","Lantern","Dream Catcher","Boot","Sozu","Anchor","Frozen Eye","Mercury Hourglass","Kunai"],"potions_floor_usage":[],"damage_taken":[{"damage":0.0,"enemies":"2 Louse","floor":1.0,"turns":1.0},{"damage":0.0,"enemies":"Small Slimes","floor":5.0,"turns":1.0},{"damage":0.0,"enemies":"Lagavulin","floor":7.0,"turns":1.0},{"damage":0.0,"enemies":"Cultist","floor":8.0,"turns":5.0},{"damage":14.0,"enemies":"3 Sentries","floor":11.0,"turns":6.0},{"damage":0.0,"enemies":"2 Fungi Beasts","floor":13.0,"turns":2.0},{"damage":8.0,"enemies":"Blue Slaver","floor":14.0,"turns":3.0},{"damage":30.0,"enemies":"The Guardian","floor":16.0,"turns":14.0},{"damage":14.0,"enemies":"Shell Parasite","floor":18.0,"turns":6.0},{"damage":19.0,"enemies":"Chosen","floor":22.0,"turns":5.0},{"damage":49,"enemies":"Slavers","floor":24,"turns":4},{"damage":1,"enemies":"Colosseum Slavers","floor":25,"turns":3},{"damage":48,"enemies":"Colosseum Nobs","floor":25,"turns":3}],"seed_played":"7002708171753355947","potions_obtained":[{"floor":5.0,"key":"SteroidPotion"},{"floor":8.0,"key":"SmokeBomb"},{"floor":13.0,"key":"GhostInAJar"}],"is_trial":false,"path_per_floor":["M","$","?","?","M","R","E","M","T","R","E","?","M","M","R","B",null,"M","?","$","T","M","R","E","?"],"character_chosen":"THE_SILENT","items_purchased":["Caltrops","Acrobatics","Frozen Eye","Reflex"],"campfire_rested":2,"item_purchase_floors":[2,2,20,20],"current_hp_per_floor":[70,70,70,63,63,63,63,63,63,63,49,38,38,30,51,21,70,56,56,56,56,37,58,9,0],"gold":164,"neow_bonus":"THREE_ENEMY_KILL","is_prod":false,"is_daily":false,"chose_seed":false,"campfire_upgraded":2,"win_rate":0,"timestamp":1559981042,"path_taken":["M","$","?","?","M","R","E","?","T","R","E","?","M","M","R","BOSS","M","?","$","?","M","R","E","?"],"build_version":"2019-01-23","purchased_purges":0,"victory":false,"max_hp_per_floor":[70,70,70,70,70,70,70,70,70,70,70,70,70,70,70,70,70,70,70,70,70,70,70,70,70],"card_choices":[{"not_picked":["Dagger Throw","Skewer"],"picked":"Dagger Spray","floor":1.0},{"not_picked":["Poisoned Stab","Outmaneuver"],"picked":"Calculated Gamble","floor":5.0},{"not_picked":["Skewer","Calculated Gamble"],"picked":"Grand Finale","floor":7.0},{"not_picked":["Quick Slash","Endless Agony"],"picked":"Deflect","floor":8.0},{"not_picked":["Dash","Accuracy"],"picked":"Dagger Spray","floor":11.0},{"not_picked":["Blade Dance","Slice"],"picked":"Escape Plan","floor":13.0},{"not_picked":["Skewer","Predator"],"picked":"Outmaneuver","floor":14.0},{"not_picked":["Dagger Throw","Accuracy"],"picked":"Acrobatics","floor":15.0},{"not_picked":["Unload","Doppelganger"],"picked":"Phantasmal Killer","floor":16.0},{"not_picked":["Reflex","Flying Knee+1"],"picked":"Backflip","floor":18.0},{"not_picked":["Finisher","Poisoned Stab"],"picked":"Caltrops+1","floor":22.0},{"not_picked":["Dash","Bouncing Flask"],"picked":"Escape Plan","floor":23.0},{"not_picked":["Bouncing Flask+1","Prepared"],"picked":"Slice","floor":24}],"player_experience":494406,"relics_obtained":[{"floor":7.0,"key":"Lantern"},{"floor":9.0,"key":"Dream Catcher"},{"floor":11.0,"key":"Boot"},{"floor":19.0,"key":"Anchor"},{"floor":21.0,"key":"Mercury Hourglass"},{"floor":24,"key":"Kunai"}],"event_choices":[{"damage_healed":0.0,"max_hp_gain":0.0,"max_hp_loss":0.0,"gold_gain":0.0,"event_name":"The Cleric","player_choice":"Leave","floor":3.0,"gold_loss":0.0,"damage_taken":0.0},{"damage_healed":0.0,"max_hp_gain":0.0,"max_hp_loss":0.0,"gold_gain":0.0,"event_name":"Wheel of Change","player_choice":"Damaged","floor":4.0,"gold_loss":0.0,"damage_taken":7.0},{"damage_healed":0.0,"max_hp_gain":0.0,"max_hp_loss":0.0,"gold_gain":75.0,"event_name":"World of Goop","player_choice":"Gather Gold","floor":12.0,"gold_loss":0.0,"damage_taken":11.0},{"damage_healed":0.0,"max_hp_gain":0.0,"max_hp_loss":0.0,"gold_gain":0.0,"event_name":"Wheel of Change","player_choice":"Relic","floor":19.0,"gold_loss":0.0,"damage_taken":0.0},{"damage_healed":0,"gold_gain":0,"player_choice":"Fight","damage_taken":0,"max_hp_gain":0,"max_hp_loss":0,"event_name":"Colosseum","floor":25,"gold_loss":0},{"damage_healed":0,"gold_gain":0,"player_choice":"Fought Nobs","damage_taken":0,"max_hp_gain":0,"max_hp_loss":0,"event_name":"Colosseum","floor":25,"gold_loss":0}],"is_beta":false,"boss_relics":[{"not_picked":["Coffee Dripper","Fusion Hammer"],"picked":"Sozu"}],"items_purged_floors":[],"is_endless":false,"potions_floor_spawned":[5,8,13,18,24,25],"killed_by":"Colosseum Nobs","ascension_level":3}