{"gold_per_floor":[17,29,29,40,57,88,88,115,164,53,53],"floor_reached":11,"playtime":611,"items_purged":["Strike_B"],"score":145,"play_id":"a10d9299-3e02-4107-b00b-e06163626da2","local_time":"20190909074903","is_ascension_mode":true,"campfire_choices":[{"floor":7,"key":"REST"}],"neow_cost":"NO_GOLD","seed_source_timestamp":127414320342039,"circlet_count":0,"master_deck":["AscendersBane","Strike_B","Strike_B","Defend_B","Defend_B","Defend_B","Defend_B","Zap","Dualcast","Echo Form","Streamline","Gash","Defragment","Ball Lightning","Go for the Eyes","Turbo","Lockon"],"special_seed":0,"relics":["Cracked Core","Pocketwatch","Shuriken","Dream Catcher"],"potions_floor_usage":[6,6],"damage_taken":[{"damage":6.0,"enemies":"Cultist","floor":1.0,"turns":4.0},{"damage":13.0,"enemies":"Jaw Worm","floor":2.0,"turns":4.0},{"damage":14.0,"enemies":"Small Slimes","floor":4.0,"turns":3.0},{"damage":14.0,"enemies":"Blue Slaver","floor":5.0,"turns":4.0},{"damage":12,"enemies":"Gremlin Nob","floor":6,"turns":3},{"damage":22,"enemies":"Lagavulin","floor":8,"turns":5},{"damage":10,"enemies":"Large Slime","floor":11,"turns":3}],"seed_played":"-8288167032224202528","potions_obtained":[{"floor":2.0,"key":"EssenceOfSteel"},{"floor":5.0,"key":"FearPotion"},{"floor":8,"key":"Strength Potion"}],"is_trial":false,"path_per_floor":["M","M","?","M","M","E","R","E","T","$","M"],"character_chosen":"DEFECT","items_purchased":["Lockon"],"campfire_rested":1,"item_purchase_floors":[10],"current_hp_per_floor":[58,45,45,31,17,5,26,4,4,4,0],"gold":53,"neow_bonus":"THREE_RARE_CARDS","is_prod":false,"is_daily":false,"chose_seed":false,"campfire_upgraded":0,"win_rate":0,"timestamp":1568029743,"path_taken":["M","?","?","M","M","E","R","E","T","$","?"],"build_version":"2019-07-17","purchased_purges":1,"victory":false,"max_hp_per_floor":[71,71,71,71,71,71,71,71,71,71,71],"card_choices":[{"not_picked":["Buffer","Core Surge"],"picked":"Echo Form","floor":0.0},{"not_picked":["Redo","Lockon"],"picked":"Streamline","floor":1.0},{"not_picked":["Rip and Tear","Darkness"],"picked":"Gash","floor":2.0},{"not_picked":["Stack","Ball Lightning"],"picked":"Defragment","floor":4.0},{"not_picked":["Defragment","Barrage"],"picked":"Ball Lightning","floor":5.0},{"not_picked":["Storm","Streamline"],"picked":"Go for the Eyes","floor":6},{"not_picked":["Blizzard","Echo Form"],"picked":"Turbo","floor":8}],"player_experience":1342330,"relics_obtained":[{"floor":6,"key":"Pocketwatch"},{"floor":8,"key":"Shuriken"},{"floor":9,"key":"Dream Catcher"}],"event_choices":[{"cards_removed":["Strike_B"],"damage_healed":0.0,"max_hp_gain":0.0,"max_hp_loss":0.0,"gold_gain":0.0,"event_name":"Bonfire Elementals","player_choice":"Offered Basic","floor":3.0,"gold_loss":0.0,"damage_taken":0.0}],"is_beta":false,"boss_relics":[],"items_purged_floors":[10],"is_endless":false,"potions_floor_spawned":[2,5,8],"killed_by":"Large Slime","ascension_level":15}