{"gold_per_floor":[13,288,300,319,336,364,379,379,404,404,423,423,503,537,537,639,639,653,136,136,150,165,165,182,182,182,201,226,226,151,169,169,265,265,281,281,57,76,89,89,89,89,89,143,156,170,170,1,1,1],"floor_reached":51,"playtime":10676,"items_purged":["Defend_G"],"score":779,"play_id":"be012d22-70b2-4258-982a-c54548f75b10","local_time":"20190529054049","is_ascension_mode":false,"campfire_choices":[{"floor":8.0,"key":"REST"},{"data":"Night Terror","floor":10.0,"key":"SMITH"},{"floor":15.0,"key":"REST"},{"data":"Adrenaline","floor":23.0,"key":"SMITH"},{"data":"Envenom","floor":25.0,"key":"SMITH"},{"data":"Calculated Gamble","floor":29.0,"key":"SMITH"},{"floor":32.0,"key":"REST"},{"data":"Phantasmal Killer","floor":40.0,"key":"SMITH"},{"floor":47,"key":"REST"},{"floor":49,"key":"REST"}],"neow_cost":"NO_GOLD","seed_source_timestamp":0,"circlet_count":0,"master_deck":["Defend_G","Defend_G","Defend_G","Defend_G","Survivor","Neutralize","Deadly Poison","Backflip","Backflip","Bouncing Flask","Night Terror+1","Calculated Gamble+1","Blur","Deflect","Adrenaline+1","Burst+1","After Image+1","Storm of Steel+1","Well Laid Plans+1","Panache","Infinite Blades","Prepared","Backflip","Envenom+1","Noxious Fumes+1","A Thousand Cuts","Cloak And Dagger","Phantasmal Killer+1","PiercingWail+1","Corpse Explosion","Flechettes","Outmaneuver+1","Malaise","Doubt","Deadly Poison","Flechettes","Outmaneuver+1","Noxious Fumes+1","Bandage Up","Terror"],"special_seed":0,"relics":["Ring of the Snake","The Specimen","Singing Bowl","Question Card","Vajra","Astrolabe","Blood Vial","Nloth\u0027s Gift","Mercury Hourglass","Juzu Bracelet","Sozu","Snake Skull","Du-Vu Doll"],"potions_floor_usage":[],"damage_taken":[{"damage":0.0,"enemies":"2 Louse","floor":1.0,"turns":3.0},{"damage":3.0,"enemies":"Cultist","floor":3.0,"turns":4.0},{"damage":4.0,"enemies":"Small Slimes","floor":4.0,"turns":5.0},{"damage":4.0,"enemies":"Blue Slaver","floor":5.0,"turns":5.0},{"damage":38.0,"enemies":"3 Sentries","floor":6.0,"turns":9.0},{"damage":7.0,"enemies":"2 Fungi Beasts","floor":7.0,"turns":4.0},{"damage":14.0,"enemies":"Red Slaver","floor":11.0,"turns":5.0},{"damage":19.0,"enemies":"Gremlin Nob","floor":14.0,"turns":6.0},{"damage":0.0,"enemies":"Hexaghost","floor":16.0,"turns":15.0},{"damage":0.0,"enemies":"Shell Parasite","floor":18.0,"turns":7.0},{"damage":0.0,"enemies":"Chosen","floor":21.0,"turns":4.0},{"damage":16.0,"enemies":"Snake Plant","floor":22.0,"turns":7.0},{"damage":16.0,"enemies":"Snecko","floor":24.0,"turns":6.0},{"damage":0.0,"enemies":"3 Cultists","floor":27.0,"turns":2.0},{"damage":0.0,"enemies":"Slavers","floor":28.0,"turns":3.0},{"damage":16.0,"enemies":"Snake Plant","floor":31.0,"turns":5.0},{"damage":12.0,"enemies":"Champ","floor":33.0,"turns":13.0},{"damage":16.0,"enemies":"Orb Walker","floor":35.0,"turns":3.0},{"damage":0.0,"enemies":"3 Shapes","floor":38.0,"turns":3.0},{"damage":0.0,"enemies":"Sphere and 2 Shapes","floor":39.0,"turns":3.0},{"damage":6.0,"enemies":"2 Orb Walkers","floor":44.0,"turns":4.0},{"damage":30.0,"enemies":"Jaw Worm Horde","floor":45.0,"turns":5.0},{"damage":18,"enemies":"Transient","floor":46,"turns":5},{"damage":77,"enemies":"Awakened One","floor":50,"turns":9}],"seed_played":"-858716743286796462","potions_obtained":[{"floor":4.0,"key":"Poison Potion"},{"floor":5.0,"key":"Dexterity Potion"},{"floor":7.0,"key":"Strength Potion"},{"floor":14.0,"key":"FearPotion"},{"floor":22.0,"key":"Dexterity Potion"},{"floor":24.0,"key":"SkillPotion"},{"floor":28.0,"key":"AttackPotion"},{"floor":31.0,"key":"FairyPotion"}],"is_trial":false,"path_per_floor":["M","?","M","M","M","E","M","R","T","R","M","?","T","E","R","B",null,"M","$","?","M","M","R","M","R","T","M","E","R","?","M","R","B",null,"M","?","$","M","M","R","?","?","T","?","M","M","R","$","R","B",null],"character_chosen":"THE_SILENT","items_purchased":["Panache","Blood Vial","Infinite Blades","Prepared","Corpse Explosion","Flechettes","Bandage Up","Terror"],"campfire_rested":5,"item_purchase_floors":[19,19,19,19,37,37,48,48],"current_hp_per_floor":[70,70,67,63,59,21,14,35,42,42,28,21,21,2,25,25,77,77,77,77,77,61,61,49,49,49,51,53,53,53,39,62,52,79,63,63,63,65,67,67,67,67,67,65,37,21,45,45,69,12],"gold":1,"neow_bonus":"ONE_RARE_RELIC","is_prod":false,"is_daily":false,"chose_seed":false,"campfire_upgraded":5,"win_rate":0.0,"timestamp":1559133649,"path_taken":["M","?","?","?","M","E","?","R","T","R","M","?","?","E","R","BOSS","M","$","?","?","M","R","M","R","T","M","E","R","?","M","R","BOSS","M","?","$","M","M","R","?","?","T","?","M","M","R","?","R","BOSS"],"build_version":"2019-01-23","purchased_purges":1,"victory":true,"max_hp_per_floor":[70,70,70,70,70,70,70,70,77,77,77,77,77,77,77,77,77,77,77,77,77,77,77,79,79,79,79,79,79,79,79,79,79,79,79,79,79,79,79,79,79,79,79,81,81,81,81,81,81,81],"card_choices":[{"not_picked":["Slice","Masterful Stab"],"picked":"Deadly Poison","floor":1.0},{"not_picked":["Dagger Throw","Deflect"],"picked":"Backflip","floor":3.0},{"not_picked":["Outmaneuver","Acrobatics"],"picked":"Backflip","floor":4.0},{"not_picked":["Dagger Spray","Dodge and Roll"],"picked":"Bouncing Flask","floor":5.0},{"not_picked":["Catalyst","Backflip"],"picked":"Night Terror","floor":6.0},{"not_picked":["Bouncing Flask","Choke"],"picked":"Calculated Gamble","floor":7.0},{"not_picked":["Slice","Cloak And Dagger"],"picked":"Blur","floor":11.0},{"not_picked":["Expertise","Backflip","Riddle With Holes"],"picked":"Deflect","floor":14.0},{"not_picked":["Venomology","Envenom","Die Die Die"],"picked":"Adrenaline","floor":16.0},{"not_picked":["Outmaneuver","Flying Knee+1","Prepared"],"picked":"Well Laid Plans+1","floor":18.0},{"not_picked":["Dagger Spray","Quick Slash+1","Deadly Poison"],"picked":"Backflip","floor":21.0},{"not_picked":["PiercingWail","Sucker Punch+1","Poisoned Stab"],"picked":"Envenom","floor":22.0},{"not_picked":["All Out Attack","Flying Knee","Calculated Gamble","Prepared"],"picked":"Singing Bowl","floor":24.0},{"not_picked":["Riddle With Holes","Cloak And Dagger+1","Acrobatics"],"picked":"Noxious Fumes+1","floor":27.0},{"not_picked":["Bane","Prepared+1","Unload"],"picked":"A Thousand Cuts","floor":28.0},{"not_picked":["Sucker Punch","Dodge and Roll","Prepared"],"picked":"Cloak And Dagger","floor":31.0},{"not_picked":["Adrenaline","Night Terror","Doppelganger"],"picked":"Phantasmal Killer","floor":33.0},{"not_picked":["Backflip+1","Deflect","Blade Dance"],"picked":"PiercingWail+1","floor":35.0},{"not_picked":["Noxious Fumes","Backflip+1","Underhanded Strike"],"picked":"Outmaneuver+1","floor":38.0},{"not_picked":["Sucker Punch","Slice+1","Poisoned Stab"],"picked":"Malaise","floor":39.0},{"not_picked":["Bane","Flechettes","Caltrops","Cloak And Dagger"],"picked":"Singing Bowl","floor":44.0},{"not_picked":["Heel Hook+1","PiercingWail","Cloak And Dagger+1"],"picked":"Outmaneuver+1","floor":45.0},{"not_picked":["Terror+1","Underhanded Strike","Tactician"],"picked":"Noxious Fumes+1","floor":46}],"player_experience":247754,"relics_obtained":[{"floor":6.0,"key":"Singing Bowl"},{"floor":9.0,"key":"Strawberry"},{"floor":13.0,"key":"Question Card"},{"floor":14.0,"key":"Vajra"},{"floor":26.0,"key":"Mercury Hourglass"},{"floor":28.0,"key":"Juzu Bracelet"},{"floor":43.0,"key":"Snake Skull"},{"floor":44.0,"key":"Du-Vu Doll"}],"event_choices":[{"damage_healed":0.0,"max_hp_gain":0.0,"max_hp_loss":0.0,"gold_gain":275.0,"event_name":"Golden Shrine","player_choice":"Desecrate","floor":2.0,"gold_loss":0.0,"damage_taken":0.0,"cards_obtained":["Regret"]},{"cards_removed":["Regret"],"damage_healed":0.0,"max_hp_gain":0.0,"max_hp_loss":0.0,"gold_gain":0.0,"event_name":"Golden Wing","player_choice":"Card Removal","floor":12.0,"gold_loss":0.0,"damage_taken":7.0},{"damage_healed":0.0,"max_hp_gain":0.0,"max_hp_loss":0.0,"gold_gain":0.0,"event_name":"N\u0027loth","player_choice":"Traded Relic","floor":20.0,"relics_lost":["Strawberry"],"gold_loss":0.0,"damage_taken":0.0,"relics_obtained":["Nloth\u0027s Gift"]},{"cards_removed":["Strike_G"],"damage_healed":0.0,"max_hp_gain":0.0,"max_hp_loss":0.0,"gold_gain":0.0,"event_name":"Beggar","player_choice":"Gave Gold","floor":30.0,"gold_loss":75.0,"damage_taken":0.0},{"damage_healed":0.0,"max_hp_gain":0.0,"max_hp_loss":0.0,"gold_gain":0.0,"event_name":"Tomb of Lord Red Mask","player_choice":"Ignored","floor":36.0,"gold_loss":0.0,"damage_taken":0.0},{"damage_healed":0.0,"max_hp_gain":0.0,"max_hp_loss":0.0,"gold_gain":0.0,"event_name":"Match and Keep!","player_choice":"3 cards matched","floor":41.0,"gold_loss":0.0,"damage_taken":0.0,"cards_obtained":["Doubt","Deadly Poison","Flechettes"]},{"cards_removed":["Strike_G"],"damage_healed":0.0,"max_hp_gain":0.0,"max_hp_loss":0.0,"gold_gain":0.0,"event_name":"Falling","player_choice":"Removed Attack","floor":42.0,"gold_loss":0.0,"damage_taken":0.0},{"damage_healed":0.0,"max_hp_gain":0.0,"max_hp_loss":0.0,"gold_gain":0.0,"event_name":"Mysterious Sphere","player_choice":"Fight","floor":44.0,"gold_loss":0.0,"damage_taken":0.0}],"is_beta":false,"boss_relics":[{"not_picked":["Calling Bell","Black Star"],"picked":"Astrolabe"},{"not_picked":["Philosopher\u0027s Stone","Busted Crown"],"picked":"Sozu"}],"items_purged_floors":[19],"is_endless":false,"potions_floor_spawned":[4,5,7,14,22,24,28,31,35,45],"ascension_level":0}