{"gold_per_floor":[115,415,12,12,0,27,27,55,55,84,100,131,131,141,141,218,218,237,237,237,48,50,50,50],"floor_reached":24,"playtime":2103,"items_purged":[],"score":473,"play_id":"9e6fe18a-b9e7-45a5-a441-6bfeaa46454c","local_time":"20190908055824","is_ascension_mode":true,"campfire_choices":[{"data":"Zap","floor":7,"key":"SMITH"},{"floor":13,"key":"REST"},{"data":"Strike_B","floor":15,"key":"PURGE"},{"data":"Strike_B","floor":23,"key":"PURGE"}],"neow_cost":"NONE","seed_source_timestamp":32927825121684,"circlet_count":0,"master_deck":["AscendersBane","Strike_B","Strike_B+1","Defend_B","Defend_B","Defend_B","Defend_B","Zap+1","Dualcast","Chill","Loop","Ball Lightning+1","Gash","Loop","Reinforced Body","Undo","Glacier","Gash","FTL","Multi-Cast","Melter+1","Ghostly","Ghostly","Ghostly","Self Repair","Coolheaded","Turbo"],"relics":["Cracked Core","NeowsBlessing","Old Coin","Membership Card","Thread and Needle","Bag of Marbles","Whetstone","Peace Pipe","WingedGreaves","Boot","Inserter","OrangePellets"],"potions_floor_usage":[16,18],"damage_taken":[{"damage":0,"enemies":"2 Louse","floor":1,"turns":1},{"damage":0,"enemies":"3 Sentries","floor":6,"turns":1},{"damage":0,"enemies":"Lagavulin","floor":8,"turns":1},{"damage":23,"enemies":"Gremlin Nob","floor":10,"turns":5},{"damage":3,"enemies":"Jaw Worm","floor":11,"turns":2},{"damage":5,"enemies":"Lagavulin","floor":12,"turns":7},{"damage":0,"enemies":"Small Slimes","floor":14,"turns":3},{"damage":20,"enemies":"Hexaghost","floor":16,"turns":8},{"damage":31,"enemies":"3 Byrds","floor":18,"turns":7},{"damage":11,"enemies":"2 Thieves","floor":22,"turns":5},{"damage":40,"enemies":"Gremlin Leader","floor":24,"turns":4}],"seed_played":"3885475174784805415","potions_obtained":[{"floor":8,"key":"Swift Potion"},{"floor":10,"key":"FocusPotion"},{"floor":22,"key":"Fire Potion"}],"is_trial":false,"path_per_floor":["M","?","$","?","$","E","R","E","T","E","M","E","R","M","R","B",null,"M","?","?","$","M","R","E"],"character_chosen":"DEFECT","items_purchased":["Membership Card","Thread and Needle","Loop","Ball Lightning","Gash","Self Repair","OrangePellets","Coolheaded","Regen Potion"],"campfire_rested":1,"item_purchase_floors":[3,3,3,3,5,21,21,21,21],"current_hp_per_floor":[64,64,64,57,57,57,57,57,57,34,31,26,47,47,47,27,60,29,43,35,35,31,31,0],"gold":50,"neow_bonus":"THREE_ENEMY_KILL","is_prod":false,"is_daily":false,"chose_seed":false,"campfire_upgraded":1,"win_rate":0,"timestamp":1567936704,"path_taken":["M","?","$","?","$","E","R","E","T","E","?","E","R","M","R","BOSS","M","?","?","$","M","R","E"],"build_version":"2019-07-17","purchased_purges":0,"victory":false,"max_hp_per_floor":[71,71,71,71,71,71,71,71,71,71,71,71,71,71,71,71,71,71,71,35,35,35,35,35],"card_choices":[{"not_picked":["Leap","Coolheaded"],"picked":"Chill","floor":1},{"not_picked":["Turbo","Double Energy"],"picked":"Loop","floor":6},{"not_picked":["Force Field","Hologram"],"picked":"Reinforced Body","floor":8},{"not_picked":["White Noise","Compile Driver"],"picked":"Undo","floor":10},{"not_picked":["White Noise","Sweeping Beam"],"picked":"Glacier","floor":11},{"not_picked":["Chill","Meteor Strike"],"picked":"Gash","floor":12},{"not_picked":["Glacier","Stack"],"picked":"FTL","floor":14},{"not_picked":["Creative AI","Fission"],"picked":"Multi-Cast","floor":16},{"not_picked":["Compile Driver","Coolheaded"],"picked":"Melter+1","floor":18},{"not_picked":["Glacier","Rip and Tear"],"picked":"Turbo","floor":22}],"player_experience":1328701,"relics_obtained":[{"floor":6,"key":"Bag of Marbles"},{"floor":8,"key":"Whetstone"},{"floor":9,"key":"Peace Pipe"},{"floor":10,"key":"WingedGreaves"},{"floor":12,"key":"Boot"}],"event_choices":[{"damage_healed":0,"gold_gain":0,"player_choice":"Box","damage_taken":0,"relics_obtained":["Old Coin"],"max_hp_gain":0,"max_hp_loss":0,"event_name":"Big Fish","floor":2,"gold_loss":0,"cards_obtained":["Regret"]},{"cards_removed":["Regret"],"damage_healed":0,"gold_gain":0,"player_choice":"Card Removal","damage_taken":7,"max_hp_gain":0,"max_hp_loss":0,"event_name":"Golden Wing","floor":4,"gold_loss":0},{"damage_healed":14,"gold_gain":0,"player_choice":"Heal","damage_taken":0,"max_hp_gain":0,"max_hp_loss":0,"event_name":"The Library","floor":19,"gold_loss":0},{"damage_healed":0,"gold_gain":0,"player_choice":"Became a Ghost","damage_taken":0,"max_hp_gain":0,"max_hp_loss":36,"event_name":"Ghosts","floor":20,"gold_loss":0,"cards_obtained":["Ghostly","Ghostly","Ghostly"]}],"is_beta":false,"boss_relics":[{"not_picked":["Empty Cage","Ectoplasm"],"picked":"Inserter"}],"items_purged_floors":[],"is_endless":false,"potions_floor_spawned":[8,10,12,22],"killed_by":"Gremlin Leader","ascension_level":15}