{"gold_per_floor":[117,43,43,62,75,106,126,126,126,106,117,144,163,183,183,286,286,306,286,286,211,211,211,211],"floor_reached":24,"playtime":2769,"items_purged":[],"score":295,"play_id":"6456c096-d3bb-4c94-8df9-a7399dd1a93d","local_time":"20190704153835","is_ascension_mode":true,"campfire_choices":[{"data":"Dualcast","floor":8.0,"key":"SMITH"},{"floor":15.0,"key":"REST"},{"data":"Hologram","floor":23.0,"key":"SMITH"}],"neow_cost":"NONE","seed_source_timestamp":0,"circlet_count":0,"master_deck":["Strike_B","Strike_B","Defend_B","Defend_B","Defend_B","Zap","Dualcast+1","Gash","Gash","Conserve Battery","Hologram+1","Reprogram","Beam Cell","Go for the Eyes","Steam","Sweeping Beam","Leap","Meteor Strike","FTL","Creative AI","Redo","Gash","Ghostly","Ghostly","Ghostly","Ghostly","Ghostly"],"special_seed":0,"relics":["Cracked Core","Oddly Smooth Stone","Lantern","Dream Catcher","Kunai","Philosopher\u0027s Stone"],"potions_floor_usage":[],"damage_taken":[{"damage":6.0,"enemies":"2 Louse","floor":1.0,"turns":2.0},{"damage":0.0,"enemies":"Cultist","floor":4.0,"turns":4.0},{"damage":0.0,"enemies":"Jaw Worm","floor":5.0,"turns":3.0},{"damage":39.0,"enemies":"Lagavulin","floor":6.0,"turns":7.0},{"damage":0.0,"enemies":"2 Fungi Beasts","floor":7.0,"turns":3.0},{"damage":0.0,"enemies":"Looter","floor":11.0,"turns":3.0},{"damage":23.0,"enemies":"Gremlin Nob","floor":12.0,"turns":4.0},{"damage":0.0,"enemies":"3 Louse","floor":13.0,"turns":2.0},{"damage":4.0,"enemies":"Gremlin Gang","floor":14.0,"turns":3.0},{"damage":26.0,"enemies":"Hexaghost","floor":16.0,"turns":11.0},{"damage":15.0,"enemies":"Shell Parasite","floor":18.0,"turns":7.0},{"damage":19.0,"enemies":"2 Thieves","floor":19.0,"turns":4.0},{"damage":25,"enemies":"Shelled Parasite and Fungi","floor":24,"turns":8}],"seed_played":"8102754030910757197","potions_obtained":[{"floor":1.0,"key":"Swift Potion"},{"floor":6.0,"key":"Regen Potion"},{"floor":7.0,"key":"SpeedPotion"},{"floor":10.0,"key":"AttackPotion"},{"floor":12.0,"key":"LiquidBronze"},{"floor":13.0,"key":"FearPotion"},{"floor":14.0,"key":"EssenceOfSteel"},{"floor":18.0,"key":"Dexterity Potion"},{"floor":19.0,"key":"Energy Potion"}],"is_trial":false,"path_per_floor":["M","$","?","M","M","E","M","R","T","?","M","E","M","M","R","B",null,"M","M","?","?","?","R","M"],"character_chosen":"DEFECT","items_purchased":["Gash","Conserve Battery"],"campfire_rested":1,"item_purchase_floors":[2,2],"current_hp_per_floor":[62,62,62,62,62,23,23,23,23,23,32,9,9,5,27,1,57,42,23,23,23,23,23,0],"gold":211,"neow_bonus":"RANDOM_COMMON_RELIC","is_prod":false,"is_daily":false,"chose_seed":false,"campfire_upgraded":2,"win_rate":0,"timestamp":1562269115,"path_taken":["M","$","?","M","M","E","?","R","T","?","?","E","?","M","R","BOSS","M","M","?","?","?","R","M"],"build_version":"2019-07-01","purchased_purges":0,"victory":false,"max_hp_per_floor":[75,75,75,75,75,75,75,75,75,75,75,75,75,75,75,75,75,75,75,37,37,37,37,37],"card_choices":[{"not_picked":["Hello World","Barrage"],"picked":"Gash","floor":1.0},{"not_picked":["White Noise","Melter"],"picked":"Hologram","floor":4.0},{"not_picked":["Fusion","Doom and Gloom"],"picked":"Reprogram","floor":5.0},{"not_picked":["Conserve Battery","Cold Snap"],"picked":"Beam Cell","floor":6.0},{"not_picked":["Conserve Battery","Compile Driver"],"picked":"Go for the Eyes","floor":7.0},{"not_picked":["Redo","Recycle"],"picked":"Steam","floor":11.0},{"not_picked":["Steam","Compile Driver"],"picked":"Sweeping Beam","floor":12.0},{"not_picked":["Cold Snap","Consume"],"picked":"Leap","floor":13.0},{"not_picked":["Compile Driver","Barrage"],"picked":"Meteor Strike","floor":14.0},{"not_picked":["Storm","Barrage"],"picked":"FTL","floor":15.0},{"not_picked":["Hyperbeam","Machine Learning"],"picked":"Creative AI","floor":16.0},{"not_picked":["Hologram","Sweeping Beam"],"picked":"Redo","floor":18.0},{"not_picked":["Sweeping Beam","Auto Shields"],"picked":"Gash","floor":19.0}],"player_experience":775430,"relics_obtained":[{"floor":6.0,"key":"Lantern"},{"floor":9.0,"key":"Dream Catcher"},{"floor":12.0,"key":"Kunai"}],"event_choices":[{"cards_removed":["Strike_B"],"damage_healed":0.0,"max_hp_gain":0.0,"max_hp_loss":0.0,"gold_gain":0.0,"event_name":"Purifier","player_choice":"Purged","floor":3.0,"gold_loss":0.0,"damage_taken":0.0},{"damage_healed":0.0,"max_hp_gain":0.0,"max_hp_loss":0.0,"gold_gain":0.0,"event_name":"The Woman in Blue","player_choice":"Bought 1 Potion","floor":10.0,"gold_loss":0.0,"damage_taken":0.0},{"damage_healed":0.0,"max_hp_gain":0.0,"max_hp_loss":38.0,"gold_gain":0.0,"event_name":"Ghosts","player_choice":"Became a Ghost","floor":20.0,"gold_loss":0.0,"damage_taken":0.0,"cards_obtained":["Ghostly","Ghostly","Ghostly","Ghostly","Ghostly"]},{"cards_removed":["Strike_B"],"damage_healed":0.0,"max_hp_gain":0.0,"max_hp_loss":0.0,"gold_gain":0.0,"event_name":"Beggar","player_choice":"Gave Gold","floor":21.0,"gold_loss":75.0,"damage_taken":0.0},{"cards_removed":["Defend_B"],"damage_healed":0.0,"max_hp_gain":0.0,"max_hp_loss":0.0,"gold_gain":0.0,"event_name":"Back to Basics","player_choice":"Elegance","floor":22.0,"gold_loss":0.0,"damage_taken":0.0}],"is_beta":false,"boss_relics":[{"not_picked":["Tiny House","Calling Bell"],"picked":"Philosopher\u0027s Stone"}],"items_purged_floors":[],"is_endless":false,"potions_floor_spawned":[1,6,7,12,13,14,18,19],"killed_by":"Shelled Parasite and Fungi","ascension_level":6}