{"gold_per_floor":[119,51,31,43,60,60,89,106,106,121,139,173,173,184,184,286,286,296,221],"floor_reached":19,"playtime":1563,"items_purged":[],"score":281,"play_id":"07420485-9ffc-4ff9-ad1a-f70c64ab5b7b","local_time":"20190812145518","is_ascension_mode":true,"campfire_choices":[{"data":"Genetic Algorithm","floor":6,"key":"SMITH"},{"floor":13,"key":"REST"},{"data":"Hologram","floor":15,"key":"SMITH"}],"neow_cost":"NONE","seed_source_timestamp":9211872980110,"circlet_count":0,"master_deck":["AscendersBane","Strike_B","Strike_B","Strike_B","Strike_B","Defend_B","Defend_B","Defend_B","Defend_B","Zap","Dualcast","Coolheaded","Genetic Algorithm+1","Gash","Rebound","Hologram+1","Glacier","Auto Shields","Conserve Battery","Capacitor+1","Go for the Eyes","All For One","Pain","Regret","Parasite","Leap"],"special_seed":0,"relics":["Cracked Core","Boot","Centennial Puzzle","DataDisk","Frozen Egg 2","Calling Bell","Vajra","Matryoshka","Peace Pipe"],"potions_floor_usage":[7,12,14,16],"damage_taken":[{"damage":0.0,"enemies":"Small Slimes","floor":1.0,"turns":3.0},{"damage":0,"enemies":"Cultist","floor":4,"turns":4},{"damage":2,"enemies":"2 Louse","floor":5,"turns":3},{"damage":20,"enemies":"3 Sentries","floor":7,"turns":9},{"damage":0,"enemies":"Large Slime","floor":8,"turns":5},{"damage":8,"enemies":"Lots of Slimes","floor":10,"turns":5},{"damage":0,"enemies":"3 Louse","floor":11,"turns":4},{"damage":22,"enemies":"Gremlin Nob","floor":12,"turns":5},{"damage":22,"enemies":"Gremlin Gang","floor":14,"turns":5},{"damage":2,"enemies":"The Guardian","floor":16,"turns":15},{"damage":39,"enemies":"Shell Parasite","floor":18,"turns":8},{"damage":10,"enemies":"2 Thieves","floor":19,"turns":4}],"seed_played":"2137383420263265743","potions_obtained":[{"floor":1.0,"key":"FocusPotion"},{"floor":3,"key":"Fire Potion"},{"floor":8,"key":"Ancient Potion"},{"floor":11,"key":"PowerPotion"},{"floor":14,"key":"FearPotion"},{"floor":16,"key":"EssenceOfSteel"},{"floor":18,"key":"SteroidPotion"}],"is_trial":false,"path_per_floor":["M","$","?","M","M","R","E","M","T","M","M","E","R","M","R","B",null,"M","M"],"character_chosen":"DEFECT","items_purchased":["Genetic Algorithm"],"campfire_rested":1,"item_purchase_floors":[2],"current_hp_per_floor":[68,68,68,68,66,66,46,46,46,38,38,16,38,16,16,14,60,21,11],"gold":221,"neow_bonus":"RANDOM_COMMON_RELIC","is_prod":false,"is_daily":false,"chose_seed":false,"campfire_upgraded":2,"win_rate":0,"timestamp":1565636118,"path_taken":["M","$","?","M","M","R","E","M","T","?","M","E","R","M","R","BOSS","M","M"],"build_version":"2019-07-17","purchased_purges":0,"victory":false,"max_hp_per_floor":[75,75,75,75,75,75,75,75,75,75,75,75,75,75,75,75,75,75,75],"card_choices":[{"not_picked":["Sweeping Beam","Melter"],"picked":"Coolheaded","floor":1.0},{"not_picked":["Coolheaded","Lockon"],"picked":"Gash","floor":4},{"not_picked":["Melter","Storm"],"picked":"Rebound","floor":5},{"not_picked":["Rainbow","Turbo"],"picked":"Hologram","floor":7},{"not_picked":["Hologram","Barrage"],"picked":"Glacier","floor":8},{"not_picked":["Beam Cell","Leap"],"picked":"Auto Shields","floor":10},{"not_picked":["Coolheaded","Rebound"],"picked":"Conserve Battery","floor":11},{"not_picked":["Blizzard","Ball Lightning"],"picked":"Capacitor","floor":12},{"not_picked":["Compile Driver","Tempest"],"picked":"Go for the Eyes","floor":14},{"not_picked":["Electrodynamics+1","Machine Learning+1"],"picked":"All For One","floor":16},{"not_picked":["Rip and Tear","Genetic Algorithm+1"],"picked":"Leap","floor":18}],"player_experience":1131236,"relics_obtained":[{"floor":7,"key":"Centennial Puzzle"},{"floor":9,"key":"DataDisk"},{"floor":12,"key":"Frozen Egg 2"},{"floor":17,"key":"Vajra"},{"floor":17,"key":"Matryoshka"},{"floor":17,"key":"Peace Pipe"}],"event_choices":[{"damage_healed":0,"gold_gain":0,"player_choice":"Bought 1 Potion","damage_taken":0,"max_hp_gain":0,"max_hp_loss":0,"event_name":"The Woman in Blue","floor":3,"gold_loss":0}],"is_beta":false,"boss_relics":[{"not_picked":["Philosopher\u0027s Stone","Runic Dome"],"picked":"Calling Bell"}],"items_purged_floors":[],"is_endless":false,"potions_floor_spawned":[1,4,8,11,14,16,18],"killed_by":"2 Thieves","ascension_level":11}