{"gold_per_floor":[367,367,367,388,388,388,388,287,287,331,331,331,354,19,19,113,113,136,136,136,136,152,152,2,2,70,106,126,126,146,165,165,258,258,279,279,293,626,327,354,370,402,402,402,422,200,214,228,228,228,228,228,26,55,55],"floor_reached":56,"playtime":2616,"items_purged":["Normality","Decay","Strike_R"],"score":2140,"play_id":"656a3bd3-cccf-441b-884f-46f33b7a0ea1","local_time":"20191022173122","is_ascension_mode":true,"campfire_choices":[{"data":"Perfected Strike","floor":6,"key":"SMITH"},{"data":"Pommel Strike","floor":12,"key":"SMITH"},{"data":"Bash","floor":15,"key":"SMITH"},{"floor":23,"key":"RECALL"},{"floor":29,"key":"REST"},{"floor":32,"key":"REST"},{"floor":44,"key":"REST"},{"floor":49,"key":"REST"},{"floor":52,"key":"REST"}],"neow_cost":"CURSE","seed_source_timestamp":1050075400223300,"circlet_count":0,"master_deck":["AscendersBane","Strike_R+1","Strike_R","Defend_R+1","Defend_R+1","Defend_R+1","Defend_R","Bash+1","Perfected Strike+1","Pommel Strike+1","Twin Strike","Shrug It Off","Sever Soul","Impervious","Entrench","Dual Wield","Combust","Feel No Pain","Intimidate","Corruption","Carnage","Pummel","Reaper","Havoc+1","Havoc","Feel No Pain","Armaments","Corruption+1","True Grit","Body Slam","Shrug It Off","Spot Weakness","Warcry"],"relics":["Burning Blood","War Paint","Lantern","Dead Branch","Fusion Hammer","Pear","Regal Pillow","Snecko Eye","Medical Kit","Pen Nib","Frozen Egg 2","Sundial","ClockworkSouvenir","Art of War"],"potions_floor_usage":[16,55,55,55],"damage_taken":[{"damage":9,"enemies":"Jaw Worm","floor":1,"turns":4},{"damage":3,"enemies":"Small Slimes","floor":4,"turns":3},{"damage":27,"enemies":"Lagavulin","floor":10,"turns":6},{"damage":0,"enemies":"Cultist","floor":13,"turns":3},{"damage":0,"enemies":"Slime Boss","floor":16,"turns":8},{"damage":7,"enemies":"3 Byrds","floor":18,"turns":6},{"damage":4,"enemies":"Chosen","floor":22,"turns":3},{"damage":6,"enemies":"Gremlin Leader","floor":27,"turns":7},{"damage":11,"enemies":"3 Cultists","floor":28,"turns":4},{"damage":0,"enemies":"Centurion and Healer","floor":30,"turns":5},{"damage":2,"enemies":"Cultist and Chosen","floor":31,"turns":5},{"damage":24,"enemies":"Automaton","floor":33,"turns":11},{"damage":0,"enemies":"Orb Walker","floor":35,"turns":2},{"damage":0,"enemies":"3 Darklings","floor":37,"turns":3},{"damage":7,"enemies":"Nemesis","floor":40,"turns":6},{"damage":14,"enemies":"Writhing Mass","floor":41,"turns":8},{"damage":38,"enemies":"Reptomancer","floor":42,"turns":6},{"damage":3,"enemies":"Maw","floor":45,"turns":4},{"damage":0,"enemies":"Jaw Worm Horde","floor":47,"turns":3},{"damage":0,"enemies":"Transient","floor":48,"turns":5},{"damage":17,"enemies":"Time Eater","floor":50,"turns":8},{"damage":3,"enemies":"Shield and Spear","floor":54,"turns":3},{"damage":3,"enemies":"The Heart","floor":55,"turns":6}],"seed_played":"-6876178192892229256","potions_obtained":[{"floor":4,"key":"Fire Potion"},{"floor":10,"key":"Explosive Potion"},{"floor":22,"key":"Weak Potion"},{"floor":31,"key":"Fire Potion"},{"floor":37,"key":"EntropicBrew"},{"floor":41,"key":"Swift Potion"}],"is_trial":false,"path_per_floor":["M","?","?","M","?","R","?","$","T","E","$","R","M","$","R","B",null,"M","?","$","?","M","R","$","T","T","E","M","R","M","M","R","B",null,"M","?","M","?","$","E","M","E","T","R","M","$","M","M","R","B",null,"R","$","E","B",null],"character_chosen":"IRONCLAD","items_purchased":["Twin Strike","Dead Branch","Sever Soul","Feel No Pain","Intimidate","Medical Kit","True Grit","Body Slam","ClockworkSouvenir"],"campfire_rested":5,"item_purchase_floors":[8,14,14,24,24,39,46,46,53],"current_hp_per_floor":[65,65,68,68,73,73,51,51,51,30,30,30,36,36,36,42,65,64,73,73,73,73,73,73,83,83,83,78,83,83,83,83,65,79,83,83,83,83,83,83,78,54,54,83,83,83,83,83,83,72,80,83,83,83,83],"gold":55,"neow_bonus":"TWO_FIFTY_GOLD","is_prod":false,"is_daily":false,"chose_seed":false,"campfire_upgraded":3,"win_rate":0,"timestamp":1571740282,"path_taken":["M","?","?","?","?","R","?","$","T","E","$","R","M","$","R","BOSS","M","?","?","?","?","R","$","?","T","E","M","R","M","?","R","BOSS","M","?","?","?","?","E","M","E","T","R","M","$","?","M","R","BOSS","R","$","E","BOSS"],"build_version":"2019-07-17","purchased_purges":3,"victory":true,"max_hp_per_floor":[75,68,68,68,73,73,73,73,73,73,73,73,73,73,73,73,73,73,73,73,73,73,73,73,83,83,83,83,83,83,83,83,83,83,83,83,83,83,83,83,83,83,83,83,83,83,83,83,83,83,83,83,83,83,83],"card_choices":[{"not_picked":["Power Through","Blood for Blood"],"picked":"Perfected Strike","floor":1},{"not_picked":["Twin Strike","Sever Soul"],"picked":"Pommel Strike","floor":4},{"not_picked":["Searing Blow","Thunderclap"],"picked":"Shrug It Off","floor":10},{"not_picked":["Iron Wave","Corruption","Anger"],"picked":"SKIP","floor":13},{"not_picked":["Immolate","Juggernaut"],"picked":"Impervious","floor":16},{"not_picked":["Wild Strike","Iron Wave","Infernal Blade"],"picked":"SKIP","floor":18},{"not_picked":["Evolve","Cleave"],"picked":"Combust","floor":22},{"not_picked":["Demon Form","Thunderclap+1"],"picked":"Corruption","floor":27},{"not_picked":["Flex","Power Through","Reckless Charge"],"picked":"SKIP","floor":28},{"not_picked":["Headbutt","Body Slam"],"picked":"Carnage","floor":30},{"not_picked":["Heavy Blade+1","Headbutt"],"picked":"Pummel","floor":31},{"not_picked":["Immolate","Dark Embrace"],"picked":"Reaper","floor":33},{"not_picked":["Heavy Blade","Sword Boomerang"],"picked":"Havoc+1","floor":35},{"not_picked":["Clash+1","Perfected Strike+1"],"picked":"Havoc","floor":37},{"not_picked":["Havoc","Rampage+1"],"picked":"Feel No Pain","floor":40},{"not_picked":["Flex","Clash+1"],"picked":"Armaments","floor":41},{"not_picked":["Berserk","Body Slam+1"],"picked":"Corruption","floor":42},{"not_picked":["Searing Blow+1","Rage","Anger"],"picked":"SKIP","floor":45},{"not_picked":["Sword Boomerang","Uppercut"],"picked":"Shrug It Off","floor":47},{"not_picked":["Pommel Strike","Clothesline"],"picked":"Spot Weakness","floor":48},{"not_picked":["Clash+1","Blood for Blood"],"picked":"Warcry","floor":54}],"player_experience":851988,"relics_obtained":[{"floor":9,"key":"War Paint"},{"floor":10,"key":"Lantern"},{"floor":25,"key":"Pear"},{"floor":27,"key":"Regal Pillow"},{"floor":40,"key":"Pen Nib"},{"floor":42,"key":"Frozen Egg 2"},{"floor":43,"key":"Sundial"},{"floor":54,"key":"Art of War"}],"event_choices":[{"damage_healed":0,"gold_gain":0,"player_choice":"Lose Max HP","damage_taken":0,"relics_obtained":["Golden Idol"],"max_hp_gain":0,"max_hp_loss":7,"event_name":"Golden Idol","floor":2,"gold_loss":0},{"damage_healed":3,"gold_gain":0,"player_choice":"Full Heal","damage_taken":0,"max_hp_gain":0,"max_hp_loss":0,"event_name":"Wheel of Change","floor":3,"gold_loss":0},{"damage_healed":0,"gold_gain":0,"player_choice":"Donut","damage_taken":0,"max_hp_gain":5,"max_hp_loss":0,"event_name":"Big Fish","floor":5,"gold_loss":0},{"damage_healed":0,"gold_gain":0,"player_choice":"Entered Light","damage_taken":22,"max_hp_gain":0,"max_hp_loss":0,"event_name":"Shining Light","floor":7,"gold_loss":0,"cards_upgraded":["Strike_R","Defend_R"]},{"damage_healed":9,"gold_gain":0,"player_choice":"Full Heal","damage_taken":0,"max_hp_gain":0,"max_hp_loss":0,"event_name":"Wheel of Change","floor":19,"gold_loss":0},{"damage_healed":0,"gold_gain":0,"cards_transformed":["Strike_R","Strike_R"],"player_choice":"Became Test Subject","damage_taken":0,"max_hp_gain":0,"max_hp_loss":0,"event_name":"Drug Dealer","floor":21,"gold_loss":0,"cards_obtained":["Entrench","Dual Wield"]},{"damage_healed":0,"gold_gain":0,"player_choice":"Cursed","damage_taken":0,"max_hp_gain":0,"max_hp_loss":0,"event_name":"Wheel of Change","floor":36,"gold_loss":0,"cards_obtained":["Decay"]},{"damage_healed":0,"gold_gain":333,"player_choice":"Gave Idol","damage_taken":0,"max_hp_gain":0,"max_hp_loss":0,"event_name":"The Moai Head","floor":38,"relics_lost":["Golden Idol"],"gold_loss":0}],"is_beta":false,"boss_relics":[{"not_picked":["Empty Cage","Mark of Pain"],"picked":"Fusion Hammer"},{"not_picked":["Black Blood","Coffee Dripper"],"picked":"Snecko Eye"}],"items_purged_floors":[8,39,46],"is_endless":false,"potions_floor_spawned":[4,10,22,31,35,37,41,48,54],"ascension_level":15}