{"gold_per_floor":[117,117,117,42,54,88,88,105,186,200,212,237,237,252,252,353,353,367,382,657,657],"floor_reached":21,"playtime":1507,"items_purged":["Strike_B"],"score":346,"play_id":"c26509a3-2d96-49a6-8c4c-69ea879beb45","local_time":"20190826095021","is_ascension_mode":true,"campfire_choices":[{"data":"Darkness","floor":7.0,"key":"SMITH"},{"floor":15,"key":"REST"}],"neow_cost":"NONE","seed_source_timestamp":1492599958093,"circlet_count":0,"master_deck":["AscendersBane","Strike_B","Strike_B","Strike_B","Defend_B","Defend_B","Defend_B+1","Defend_B","Zap","Dualcast+1","Leap","Glacier","Darkness+1","BootSequence","Consume","Steam","Go for the Eyes","Defragment","Self Repair","Amplify","Go for the Eyes","Coolheaded","Regret"],"special_seed":0,"relics":["Cracked Core","NeowsBlessing","Bag of Marbles","Dream Catcher","Mercury Hourglass","Pear","Eternal Feather"],"potions_floor_usage":[16],"damage_taken":[{"damage":0.0,"enemies":"Small Slimes","floor":1.0,"turns":1.0},{"damage":0.0,"enemies":"2 Louse","floor":5.0,"turns":1.0},{"damage":0.0,"enemies":"3 Sentries","floor":6.0,"turns":1.0},{"damage":4.0,"enemies":"Jaw Worm","floor":8.0,"turns":3.0},{"damage":4.0,"enemies":"2 Fungi Beasts","floor":10.0,"turns":3.0},{"damage":0.0,"enemies":"Exordium Wildlife","floor":11.0,"turns":4.0},{"damage":31.0,"enemies":"Gremlin Nob","floor":12.0,"turns":4.0},{"damage":0,"enemies":"Lots of Slimes","floor":14,"turns":3},{"damage":42,"enemies":"Hexaghost","floor":16,"turns":14},{"damage":12,"enemies":"Shell Parasite","floor":18,"turns":8},{"damage":48,"enemies":"3 Byrds","floor":19,"turns":5},{"damage":28,"enemies":"Centurion and Healer","floor":21,"turns":3}],"seed_played":"3767298124238600026","potions_obtained":[{"floor":5.0,"key":"Ancient Potion"},{"floor":8.0,"key":"Strength Potion"},{"floor":12.0,"key":"SkillPotion"},{"floor":14,"key":"Regen Potion"}],"is_trial":false,"path_per_floor":["M","?","?","$","M","E","R","M","T","M","M","E","?","M","R","B",null,"M","M","?","M"],"character_chosen":"DEFECT","items_purchased":[],"campfire_rested":1,"item_purchase_floors":[],"current_hp_per_floor":[68,53,46,46,46,46,46,42,42,38,38,17,17,17,42,22,69,64,23,23,0],"gold":657,"neow_bonus":"THREE_ENEMY_KILL","is_prod":false,"is_daily":false,"chose_seed":false,"campfire_upgraded":1,"win_rate":0,"timestamp":1566827421,"path_taken":["M","?","?","$","M","E","R","M","T","M","?","E","?","M","R","BOSS","M","M","?","?"],"build_version":"2019-07-17","purchased_purges":1,"victory":false,"max_hp_per_floor":[75,75,75,75,75,75,75,75,75,75,75,85,85,85,85,85,85,85,85,85,85],"card_choices":[{"not_picked":["Rebound","Sweeping Beam"],"picked":"Leap","floor":1.0},{"not_picked":["Coolheaded","Turbo"],"picked":"Glacier","floor":5.0},{"not_picked":["Ball Lightning","Turbo"],"picked":"Darkness","floor":6.0},{"not_picked":["Go for the Eyes","Streamline"],"picked":"BootSequence","floor":8.0},{"not_picked":["Leap","Heatsinks"],"picked":"Consume","floor":10.0},{"not_picked":["Hello World","Sweeping Beam"],"picked":"Steam","floor":11.0},{"not_picked":["Cold Snap","Static Discharge"],"picked":"Go for the Eyes","floor":12.0},{"not_picked":["Go for the Eyes","Ball Lightning"],"picked":"Defragment","floor":14},{"not_picked":["Stack","Storm"],"picked":"Self Repair","floor":15},{"not_picked":["Seek","All For One"],"picked":"Amplify","floor":16},{"not_picked":["Stack","Lockon"],"picked":"Go for the Eyes","floor":18},{"not_picked":["Leap","Beam Cell"],"picked":"Coolheaded","floor":19}],"player_experience":1194709,"relics_obtained":[{"floor":6.0,"key":"Dream Catcher"},{"floor":9.0,"key":"Mercury Hourglass"},{"floor":12.0,"key":"Pear"}],"event_choices":[{"damage_healed":0.0,"max_hp_gain":0.0,"max_hp_loss":0.0,"gold_gain":0.0,"event_name":"Shining Light","player_choice":"Entered Light","floor":2.0,"gold_loss":0.0,"damage_taken":15.0,"cards_upgraded":["Defend_B","Dualcast"]},{"damage_healed":0.0,"max_hp_gain":0.0,"max_hp_loss":0.0,"gold_gain":0.0,"event_name":"Scrap Ooze","player_choice":"Success","floor":3.0,"gold_loss":0.0,"damage_taken":7.0,"relics_obtained":["Bag of Marbles"]},{"damage_healed":0,"gold_gain":0,"player_choice":"Searched \u00270\u0027 times","damage_taken":0,"max_hp_gain":0,"max_hp_loss":0,"event_name":"Dead Adventurer","floor":13,"gold_loss":0},{"damage_healed":0,"gold_gain":275,"player_choice":"Desecrate","damage_taken":0,"max_hp_gain":0,"max_hp_loss":0,"event_name":"Golden Shrine","floor":20,"gold_loss":0,"cards_obtained":["Regret"]}],"is_beta":false,"boss_relics":[{"not_picked":["Runic Pyramid","Cursed Key"],"picked":"Eternal Feather"}],"items_purged_floors":[4],"is_endless":false,"potions_floor_spawned":[5,8,12,14],"killed_by":"Centurion and Healer","ascension_level":12}