{"gold_per_floor":[364,364,46,11,11,44,63,63,63,63],"floor_reached":10,"playtime":499,"items_purged":[],"score":77,"play_id":"4470e68a-cf0e-4d08-9bff-b1f90fb0d84d","local_time":"20190610002232","is_ascension_mode":true,"campfire_choices":[],"neow_cost":"CURSE","seed_source_timestamp":182839319548367,"circlet_count":0,"master_deck":["Strike_R+1","Strike_R","Strike_R","Strike_R","Strike_R","Defend_R","Defend_R","Defend_R","Defend_R","Bash+1","Doubt","Seeing Red","Dark Embrace","Offering","Discovery","Flex","Rupture"],"relics":["Burning Blood","Golden Idol","Centennial Puzzle","The Courier"],"potions_floor_usage":[10],"damage_taken":[{"damage":13,"enemies":"Jaw Worm","floor":1,"turns":4},{"damage":46,"enemies":"Lagavulin","floor":6,"turns":7},{"damage":13,"enemies":"Small Slimes","floor":7,"turns":4},{"damage":19,"enemies":"3 Sentries","floor":10,"turns":2}],"seed_played":"5355792554285502506","potions_obtained":[{"floor":6,"key":"Swift Potion"}],"is_trial":false,"path_per_floor":["M","?","$","?","?","E","M","$","T","E"],"character_chosen":"IRONCLAD","items_purchased":["Dark Embrace","Offering","Discovery"],"campfire_rested":0,"item_purchase_floors":[3,3,3],"current_hp_per_floor":[73,53,53,73,57,17,10,10,10,0],"gold":63,"neow_bonus":"TWO_FIFTY_GOLD","is_prod":false,"is_daily":false,"chose_seed":false,"campfire_upgraded":0,"win_rate":0,"timestamp":1560151352,"path_taken":["M","?","$","?","?","E","M","$","T","E"],"build_version":"2019-01-23","purchased_purges":0,"victory":false,"max_hp_per_floor":[80,80,80,80,80,80,80,80,80,80],"card_choices":[{"not_picked":["Havoc","Clash"],"picked":"Seeing Red","floor":1},{"not_picked":["Warcry","Carnage"],"picked":"Flex","floor":6},{"not_picked":["Clothesline","Clash"],"picked":"Rupture","floor":7}],"player_experience":544656,"relics_obtained":[{"floor":6,"key":"Centennial Puzzle"},{"floor":9,"key":"The Courier"}],"event_choices":[{"damage_healed":0,"gold_gain":0,"player_choice":"Take Damage","damage_taken":20,"relics_obtained":["Golden Idol"],"max_hp_gain":0,"max_hp_loss":0,"event_name":"Golden Idol","floor":2,"gold_loss":0},{"damage_healed":20,"gold_gain":0,"player_choice":"Healed","damage_taken":0,"max_hp_gain":0,"max_hp_loss":0,"event_name":"The Cleric","floor":4,"gold_loss":35},{"damage_healed":0,"gold_gain":0,"player_choice":"Entered Light","damage_taken":16,"max_hp_gain":0,"max_hp_loss":0,"event_name":"Shining Light","floor":5,"gold_loss":0,"cards_upgraded":["Strike_R","Bash"]}],"is_beta":false,"boss_relics":[],"items_purged_floors":[],"is_endless":false,"potions_floor_spawned":[6],"killed_by":"3 Sentries","ascension_level":4}