{"gold_per_floor":[116,134,134,148,109,134,152,102,102,113,113,130,35,210,210,307,307,318,32,46,58,93,120,120,120,120,9,9,9,9,9,9,107,107,121,172,188,207,307,307,320,320,343,363,363,363],"floor_reached":46,"playtime":9375,"items_purged":[],"score":488,"play_id":"e0804db3-2156-4a00-b8c9-5e6543d52332","local_time":"20190529180718","is_ascension_mode":false,"campfire_choices":[{"data":"Zap","floor":11,"key":"SMITH"},{"data":"Dualcast","floor":15,"key":"SMITH"},{"floor":24,"key":"REST"},{"data":"Self Repair","floor":29,"key":"SMITH"},{"floor":32,"key":"REST"},{"data":"Defragment","floor":40,"key":"SMITH"},{"data":"Self Repair","floor":42,"key":"SMITH"}],"neow_cost":"NONE","seed_source_timestamp":233666116708602,"circlet_count":0,"master_deck":["Strike_B","Strike_B","Strike_B","Defend_B+1","Defend_B","Defend_B+1","Defend_B","Zap+1","Dualcast+1","Steam","Gash","Go for the Eyes","Self Repair+1","BootSequence","Glacier","Conserve Battery","Compile Driver","Conserve Battery","Self Repair+1","Machine Learning","Hologram","Sadistic Nature","Go for the Eyes","Defragment+1","Gash+1","Double Energy","White Noise+1","Capacitor","White Noise","FTL","Thunder Strike","Storm+1","Streamline","Force Field","Hologram+1","Redo+1","Buffer","Defragment+1"],"relics":["FrozenCore","Omamori","Pantograph","Black Star","Red Mask","Pocketwatch","Juzu Bracelet","Pear","GremlinMask","Du-Vu Doll","Girya","Boot","Symbiotic Virus"],"potions_floor_usage":[10,16,16,22,22,33,36],"damage_taken":[{"damage":1,"enemies":"Cultist","floor":1,"turns":3},{"damage":0,"enemies":"Small Slimes","floor":2,"turns":5},{"damage":0,"enemies":"2 Louse","floor":4,"turns":2},{"damage":20,"enemies":"3 Sentries","floor":6,"turns":8},{"damage":1,"enemies":"Exordium Wildlife","floor":7,"turns":3},{"damage":2,"enemies":"Large Slime","floor":10,"turns":8},{"damage":0,"enemies":"3 Louse","floor":12,"turns":4},{"damage":15,"enemies":"Slime Boss","floor":16,"turns":17},{"damage":9,"enemies":"Spheric Guardian","floor":18,"turns":6},{"damage":17,"enemies":"3 Byrds","floor":20,"turns":8},{"damage":15,"enemies":"Snake Plant","floor":21,"turns":6},{"damage":35,"enemies":"Masked Bandits","floor":22,"turns":7},{"damage":48,"enemies":"Gremlin Leader","floor":23,"turns":12},{"damage":14,"enemies":"Champ","floor":33,"turns":15},{"damage":22,"enemies":"3 Darklings","floor":35,"turns":9},{"damage":82,"enemies":"2 Orb Walkers","floor":36,"turns":5},{"damage":20,"enemies":"Orb Walker","floor":37,"turns":5},{"damage":4,"enemies":"Spire Growth","floor":38,"turns":5},{"damage":1,"enemies":"Mind Bloom Boss Battle","floor":39,"turns":7},{"damage":52,"enemies":"4 Shapes","floor":41,"turns":5},{"damage":1,"enemies":"Transient","floor":44,"turns":5},{"damage":36,"enemies":"Jaw Worm Horde","floor":46,"turns":4}],"seed_played":"-5755826780394388619","potions_obtained":[{"floor":6,"key":"Fire Potion"},{"floor":7,"key":"SkillPotion"},{"floor":10,"key":"FearPotion"},{"floor":18,"key":"SpeedPotion"},{"floor":20,"key":"SteroidPotion"},{"floor":23,"key":"PowerPotion"},{"floor":35,"key":"AttackPotion"},{"floor":39,"key":"SteroidPotion"}],"is_trial":false,"path_per_floor":["M","M","?","M","$","E","M","?","T","M","R","M","$","?","R","B",null,"M","$","M","M","?","E","R","?","T","$","?","R","?","?","R","B",null,"M","?","M","M","?","R","M","R","T","M","T","M"],"character_chosen":"DEFECT","items_purchased":["Self Repair","Conserve Battery","Self Repair","Sadistic Nature","Go for the Eyes","Defragment","White Noise","FTL"],"campfire_rested":2,"item_purchase_floors":[5,13,13,19,19,19,27,27],"current_hp_per_floor":[81,81,65,65,65,52,58,58,58,63,63,70,70,70,70,81,82,82,82,79,78,50,2,26,10,20,20,20,20,20,20,49,77,97,92,27,24,30,61,61,16,16,16,25,25,0],"gold":363,"neow_bonus":"TEN_PERCENT_HP_BONUS","is_prod":false,"is_daily":false,"chose_seed":false,"campfire_upgraded":5,"win_rate":0.0,"timestamp":1559178438,"path_taken":["M","?","?","M","$","E","M","?","T","M","R","M","?","?","R","BOSS","M","$","M","M","?","E","R","?","T","?","?","R","?","?","R","BOSS","M","?","M","M","?","R","M","R","T","M","?","M"],"build_version":"2019-01-23","purchased_purges":0,"victory":false,"max_hp_per_floor":[82,82,82,82,82,82,82,82,82,82,82,82,82,82,82,82,82,82,82,82,82,82,82,82,87,97,97,97,97,97,97,97,97,97,97,97,97,97,97,97,97,97,97,97,97,97],"card_choices":[{"not_picked":["Gash","Cold Snap"],"picked":"Steam","floor":1},{"not_picked":["Leap","Ball Lightning"],"picked":"Gash","floor":2},{"not_picked":["Blizzard","Lockon"],"picked":"Go for the Eyes","floor":4},{"not_picked":["Meteor Strike","Redo"],"picked":"BootSequence","floor":6},{"not_picked":["Steam","Compile Driver"],"picked":"Glacier","floor":7},{"not_picked":["Rip and Tear","Steam"],"picked":"Conserve Battery","floor":10},{"not_picked":["Barrage","Streamline"],"picked":"Compile Driver","floor":12},{"not_picked":["Rainbow","Core Surge"],"picked":"Machine Learning","floor":16},{"not_picked":["Loop","Beam Cell"],"picked":"Hologram","floor":18},{"not_picked":["Beam Cell","Turbo"],"picked":"Gash+1","floor":20},{"not_picked":["Fusion","Rip and Tear"],"picked":"Double Energy","floor":21},{"not_picked":["Rip and Tear","Sweeping Beam"],"picked":"White Noise+1","floor":22},{"not_picked":["Go for the Eyes+1","Steam"],"picked":"Capacitor","floor":23},{"not_picked":["Rainbow","Reboot"],"picked":"Thunder Strike","floor":33},{"not_picked":["Steam","Turbo"],"picked":"Storm+1","floor":35},{"not_picked":["Chill","Steam+1"],"picked":"Streamline","floor":36},{"not_picked":["Leap+1","Cold Snap"],"picked":"Force Field","floor":37},{"not_picked":["Steam+1","Rebound+1"],"picked":"Hologram+1","floor":38},{"not_picked":["Ball Lightning","Steam Power+1"],"picked":"Redo+1","floor":39},{"not_picked":["Auto Shields","Leap+1"],"picked":"Buffer","floor":41},{"not_picked":["Doom and Gloom+1","Skim+1"],"picked":"Defragment+1","floor":44}],"player_experience":278197,"relics_obtained":[{"floor":6,"key":"Omamori"},{"floor":9,"key":"Pantograph"},{"floor":22,"key":"Red Mask"},{"floor":23,"key":"Pocketwatch"},{"floor":23,"key":"Juzu Bracelet"},{"floor":26,"key":"Pear"},{"floor":36,"key":"Du-Vu Doll"},{"floor":39,"key":"Girya"},{"floor":43,"key":"Boot"},{"floor":45,"key":"Symbiotic Virus"}],"event_choices":[{"damage_healed":0,"gold_gain":0,"player_choice":"Entered Light","damage_taken":16,"max_hp_gain":0,"max_hp_loss":0,"event_name":"Shining Light","floor":3,"gold_loss":0,"cards_upgraded":["Defend_B","Defend_B"]},{"cards_removed":["Strike_B"],"damage_healed":0,"gold_gain":0,"player_choice":"Card Removal","damage_taken":0,"max_hp_gain":0,"max_hp_loss":0,"event_name":"The Cleric","floor":8,"gold_loss":50},{"damage_healed":0,"gold_gain":175,"player_choice":"AGREE","damage_taken":0,"max_hp_gain":0,"max_hp_loss":0,"event_name":"Liars Game","floor":14,"gold_loss":0,"cards_obtained":["Doubt"]},{"damage_healed":0,"gold_gain":0,"player_choice":"Fought Bandits","damage_taken":0,"max_hp_gain":0,"max_hp_loss":0,"event_name":"Masked Bandits","floor":22,"gold_loss":0},{"damage_healed":0,"gold_gain":0,"player_choice":"Shed Blood","damage_taken":21,"max_hp_gain":5,"max_hp_loss":0,"event_name":"Forgotten Altar","floor":25,"gold_loss":0},{"damage_healed":0,"gold_gain":0,"player_choice":"Trade","damage_taken":0,"relics_obtained":["GremlinMask"],"max_hp_gain":0,"max_hp_loss":0,"event_name":"FaceTrader","floor":28,"gold_loss":0},{"damage_healed":0,"gold_gain":0,"player_choice":"Ignored","damage_taken":0,"max_hp_gain":0,"max_hp_loss":0,"event_name":"Beggar","floor":30,"gold_loss":0},{"damage_healed":0,"gold_gain":0,"player_choice":"Ignored","damage_taken":0,"max_hp_gain":0,"max_hp_loss":0,"event_name":"NoteForYourself","floor":31,"gold_loss":0},{"damage_healed":0,"gold_gain":0,"player_choice":"Fight","damage_taken":0,"max_hp_gain":0,"max_hp_loss":0,"event_name":"Mysterious Sphere","floor":36,"gold_loss":0},{"damage_healed":0,"gold_gain":0,"player_choice":"Fight","damage_taken":0,"max_hp_gain":0,"max_hp_loss":0,"event_name":"MindBloom","floor":39,"gold_loss":0}],"is_beta":false,"boss_relics":[{"not_picked":["Fusion Hammer","Velvet Choker"],"picked":"Black Star"},{"not_picked":["Pandora\u0027s Box","Orrery"],"picked":"FrozenCore"}],"items_purged_floors":[],"is_endless":false,"potions_floor_spawned":[6,7,10,18,20,23,35,39],"killed_by":"Jaw Worm Horde","ascension_level":0}