{"gold_per_floor":[114,114,114,124,139,168,180,180],"floor_reached":8,"playtime":1414,"items_purged":[],"score":58,"play_id":"caa2bf09-5be9-4073-a4ed-da4edd20338f","local_time":"20190521133208","is_ascension_mode":false,"campfire_choices":[],"neow_cost":"NONE","seed_source_timestamp":0,"circlet_count":0,"master_deck":["Strike_B","Strike_B","Strike_B+1","Defend_B","Defend_B","Defend_B","Defend_B","Zap","Dualcast+1","Heatsinks","Coolheaded","Capacitor","Rebound","Chaos","Electrodynamics+1"],"special_seed":0,"relics":["Cracked Core","Gremlin Horn","Frozen Egg 2"],"potions_floor_usage":[6],"damage_taken":[{"damage":1.0,"enemies":"Cultist","floor":1.0,"turns":4.0},{"damage":0.0,"enemies":"Small Slimes","floor":4.0,"turns":4.0},{"damage":11.0,"enemies":"Jaw Worm","floor":5.0,"turns":3.0},{"damage":18,"enemies":"3 Sentries","floor":6,"turns":6},{"damage":6,"enemies":"3 Louse","floor":7,"turns":4},{"damage":16,"enemies":"Lagavulin","floor":8,"turns":3}],"seed_played":"6939276361943119857","potions_obtained":[{"floor":4.0,"key":"PowerPotion"},{"floor":7,"key":"LiquidBronze"}],"is_trial":false,"path_per_floor":["M","?","?","M","M","E","M","E"],"character_chosen":"DEFECT","items_purchased":[],"campfire_rested":0,"item_purchase_floors":[],"current_hp_per_floor":[74,56,41,41,30,12,6,0],"gold":180,"neow_bonus":"TRANSFORM_CARD","is_prod":false,"is_daily":false,"chose_seed":false,"campfire_upgraded":0,"win_rate":0.0,"timestamp":1558470728,"path_taken":["M","?","?","M","M","E","M","E"],"build_version":"2019-01-23","purchased_purges":0,"victory":false,"max_hp_per_floor":[75,75,75,75,75,75,75,75],"card_choices":[{"not_picked":["BootSequence","Compile Driver"],"picked":"Coolheaded","floor":1.0},{"not_picked":["Turbo","Redo"],"picked":"Capacitor","floor":4.0},{"not_picked":["Blizzard","Turbo"],"picked":"Rebound","floor":5.0},{"not_picked":["Ball Lightning","Undo"],"picked":"Chaos","floor":6},{"not_picked":["Lockon","Stack"],"picked":"Electrodynamics+1","floor":7}],"player_experience":151466,"relics_obtained":[{"floor":6,"key":"Frozen Egg 2"}],"event_choices":[{"damage_healed":0.0,"max_hp_gain":0.0,"max_hp_loss":0.0,"gold_gain":0.0,"event_name":"Scrap Ooze","player_choice":"Success","floor":2.0,"gold_loss":0.0,"damage_taken":18.0,"relics_obtained":["Gremlin Horn"]},{"damage_healed":0.0,"max_hp_gain":0.0,"max_hp_loss":0.0,"gold_gain":0.0,"event_name":"Shining Light","player_choice":"Entered Light","floor":3.0,"gold_loss":0.0,"damage_taken":15.0,"cards_upgraded":["Dualcast","Strike_B"]}],"is_beta":false,"boss_relics":[],"items_purged_floors":[],"is_endless":false,"potions_floor_spawned":[4,7],"killed_by":"Lagavulin","ascension_level":0}