{"gold_per_floor":[118,128,93,13,13,48,68,68,68,68,87,87,149,160,160,265,265,284,301,301,328,345,345,372,387,387,399,409,428,428,440,440,440],"floor_reached":33,"playtime":11415,"items_purged":[],"score":418,"play_id":"4afe0d8b-984c-4b43-949c-bb27b1fc9d19","local_time":"20190716195217","is_ascension_mode":true,"campfire_choices":[{"data":"Seek","floor":8.0,"key":"SMITH"},{"data":"Consume","floor":15.0,"key":"SMITH"},{"data":"Redo","floor":23.0,"key":"SMITH"},{"data":"Defragment","floor":30.0,"key":"SMITH"},{"data":"Coolheaded","floor":32,"key":"SMITH"}],"neow_cost":"PERCENT_DAMAGE","seed_source_timestamp":0,"circlet_count":0,"master_deck":["Defend_B","Defend_B+1","Defend_B","Defend_B","Zap","Dualcast+1","Self Repair","Beam Cell","Seek+1","Turbo","Auto Shields","Doom and Gloom","Consume+1","Coolheaded+1","Multi-Cast","Sweeping Beam+1","Glacier+1","Bite+1","Bite","Bite+1","Bite","Bite","Redo+1","Fusion+1","Coolheaded","Defragment+1","Biased Cognition","BootSequence","Compile Driver"],"special_seed":0,"relics":["Cracked Core","StoneCalendar","Meat on the Bone","War Paint","Tiny Chest","Eternal Feather","Lantern","Whetstone","Gambling Chip"],"potions_floor_usage":[33,33],"damage_taken":[{"damage":5.0,"enemies":"Small Slimes","floor":1.0,"turns":2.0},{"damage":4.0,"enemies":"2 Louse","floor":2.0,"turns":3.0},{"damage":28.0,"enemies":"Lagavulin","floor":6.0,"turns":7.0},{"damage":1.0,"enemies":"Cultist","floor":7.0,"turns":3.0},{"damage":7.0,"enemies":"2 Fungi Beasts","floor":11.0,"turns":3.0},{"damage":31.0,"enemies":"Gremlin Nob","floor":13.0,"turns":4.0},{"damage":10.0,"enemies":"Exordium Wildlife","floor":14.0,"turns":3.0},{"damage":16.0,"enemies":"Hexaghost","floor":16.0,"turns":8.0},{"damage":24.0,"enemies":"3 Byrds","floor":18.0,"turns":5.0},{"damage":11.0,"enemies":"Shell Parasite","floor":19.0,"turns":4.0},{"damage":13.0,"enemies":"Snake Plant","floor":22.0,"turns":5.0},{"damage":53.0,"enemies":"Book of Stabbing","floor":24.0,"turns":7.0},{"damage":14.0,"enemies":"Centurion and Healer","floor":25.0,"turns":7.0},{"damage":3.0,"enemies":"Snecko","floor":27.0,"turns":8.0},{"damage":18.0,"enemies":"3 Cultists","floor":28.0,"turns":4.0},{"damage":18.0,"enemies":"Centurion and Healer","floor":29.0,"turns":8.0},{"damage":2,"enemies":"Snecko","floor":31,"turns":7},{"damage":82,"enemies":"Champ","floor":33,"turns":11}],"seed_played":"1088599068089388595","potions_obtained":[{"floor":1.0,"key":"SkillPotion"},{"floor":14.0,"key":"Regen Potion"},{"floor":16.0,"key":"Strength Potion"},{"floor":22.0,"key":"Block Potion"},{"floor":24.0,"key":"Weak Potion"},{"floor":29.0,"key":"SkillPotion"}],"is_trial":false,"path_per_floor":["M","M","?","$","?","E","M","R","T","?","M","$","E","M","R","B",null,"M","M","?","T","M","R","E","M","T","M","M","M","R","M","R","B"],"character_chosen":"DEFECT","items_purchased":["Seek"],"campfire_rested":0,"item_purchase_floors":[4],"current_hp_per_floor":[45,48,66,66,66,45,51,51,51,51,51,51,39,48,48,54,70,53,49,49,49,51,52,24,37,37,48,39,41,52,52,52,0],"gold":440,"neow_bonus":"ONE_RARE_RELIC","is_prod":false,"is_daily":false,"chose_seed":false,"campfire_upgraded":5,"win_rate":0,"timestamp":1563321137,"path_taken":["M","M","?","$","?","E","M","R","T","?","M","$","E","M","R","BOSS","M","?","?","?","M","R","E","M","T","?","M","M","R","M","R","BOSS"],"build_version":"2019-07-05","purchased_purges":0,"victory":false,"max_hp_per_floor":[75,75,75,75,75,75,75,75,75,75,75,75,75,75,75,75,75,75,75,52,52,52,52,52,52,52,52,52,52,52,52,52,52],"card_choices":[{"not_picked":["Hologram","Chaos"],"picked":"Self Repair","floor":1.0},{"not_picked":["Force Field","Steam Power"],"picked":"Beam Cell","floor":2.0},{"not_picked":["Stack","Double Energy"],"picked":"Turbo","floor":6.0},{"not_picked":["Leap","Beam Cell"],"picked":"Auto Shields","floor":7.0},{"not_picked":["Steam","Sweeping Beam"],"picked":"Doom and Gloom","floor":11.0},{"not_picked":["Beam Cell","Streamline"],"picked":"Consume","floor":13.0},{"not_picked":["Storm","Skim"],"picked":"Coolheaded","floor":14.0},{"not_picked":["Electrodynamics","Core Surge"],"picked":"Multi-Cast","floor":16.0},{"not_picked":["Consume","Go for the Eyes"],"picked":"Sweeping Beam+1","floor":18.0},{"not_picked":["Barrage+1","Conserve Battery"],"picked":"Glacier+1","floor":19.0},{"not_picked":["Turbo","Cold Snap"],"picked":"Redo","floor":22.0},{"not_picked":["Cold Snap","Hologram+1"],"picked":"Fusion+1","floor":24.0},{"not_picked":["Leap+1","Go for the Eyes"],"picked":"Coolheaded","floor":25.0},{"not_picked":["Coolheaded","Aggregate"],"picked":"Defragment","floor":27.0},{"not_picked":["White Noise","Beam Cell"],"picked":"Biased Cognition","floor":28.0},{"not_picked":["Beam Cell+1","Go for the Eyes"],"picked":"BootSequence","floor":29.0},{"not_picked":["Darkness","Ball Lightning"],"picked":"Compile Driver","floor":31}],"player_experience":953081,"relics_obtained":[{"floor":6.0,"key":"War Paint"},{"floor":13.0,"key":"Tiny Chest"},{"floor":21.0,"key":"Lantern"},{"floor":24.0,"key":"Whetstone"},{"floor":26.0,"key":"Gambling Chip"}],"event_choices":[{"damage_healed":18.0,"max_hp_gain":0.0,"max_hp_loss":0.0,"gold_gain":0.0,"event_name":"The Cleric","player_choice":"Healed","floor":3.0,"gold_loss":35.0,"damage_taken":0.0},{"damage_healed":0.0,"max_hp_gain":0.0,"max_hp_loss":0.0,"gold_gain":0.0,"event_name":"Big Fish","player_choice":"Box","floor":5.0,"gold_loss":0.0,"damage_taken":0.0,"relics_obtained":["Meat on the Bone"],"cards_obtained":["Regret"]},{"cards_removed":["Regret"],"damage_healed":0.0,"max_hp_gain":0.0,"max_hp_loss":0.0,"gold_gain":0.0,"event_name":"Purifier","player_choice":"Purged","floor":10.0,"gold_loss":0.0,"damage_taken":0.0},{"damage_healed":0.0,"max_hp_gain":0.0,"max_hp_loss":23.0,"gold_gain":0.0,"event_name":"Vampires","player_choice":"Became a vampire","floor":20.0,"gold_loss":0.0,"damage_taken":0.0,"cards_obtained":["Bite","Bite","Bite","Bite","Bite"]}],"is_beta":false,"boss_relics":[{"not_picked":["Empty Cage","Busted Crown"],"picked":"Eternal Feather"}],"items_purged_floors":[],"is_endless":false,"potions_floor_spawned":[1,14,16,22,24,29],"killed_by":"Champ","ascension_level":8}