{"gold_per_floor":[109,124,141,2,177,211,211,229,254,254,293,328,358,390,402,414],"floor_reached":16,"playtime":2080,"items_purged":[],"score":182,"play_id":"6afb4a36-643a-4b08-b4ae-6ec79089b59c","local_time":"20190826104535","is_ascension_mode":true,"campfire_choices":[{"floor":7.0,"key":"REST"},{"floor":15.0,"key":"REST"}],"neow_cost":"NONE","seed_source_timestamp":0,"circlet_count":0,"master_deck":["AscendersBane","Strike_B","Strike_B","Strike_B","Strike_B","Defend_B","Defend_B","Defend_B","Defend_B","Zap","Dualcast","Aggregate","Hologram","Glacier","Gash","Self Repair","Turbo","Doubt","Seek","Sweeping Beam","Rip and Tear","Injury","Multi-Cast","Darkness","FTL","Meteor Strike","Compile Driver"],"special_seed":0,"relics":["Cracked Core","NeowsBlessing","Dream Catcher","DataDisk","Golden Idol","MawBank"],"potions_floor_usage":[16,16],"damage_taken":[{"damage":0.0,"enemies":"Cultist","floor":1.0,"turns":1.0},{"damage":0.0,"enemies":"Jaw Worm","floor":2.0,"turns":1.0},{"damage":0.0,"enemies":"2 Louse","floor":3.0,"turns":1.0},{"damage":46.0,"enemies":"3 Sentries","floor":6.0,"turns":12.0},{"damage":22.0,"enemies":"Exordium Thugs","floor":8.0,"turns":6.0},{"damage":16.0,"enemies":"Lagavulin","floor":11.0,"turns":8.0},{"damage":8.0,"enemies":"Lots of Slimes","floor":12.0,"turns":6.0},{"damage":9.0,"enemies":"Red Slaver","floor":13.0,"turns":3.0},{"damage":0.0,"enemies":"Exordium Wildlife","floor":14.0,"turns":2.0},{"damage":39,"enemies":"Hexaghost","floor":16,"turns":9}],"seed_played":"-1713266273131584276","potions_obtained":[{"floor":2.0,"key":"Strength Potion"},{"floor":3.0,"key":"FearPotion"},{"floor":13.0,"key":"AttackPotion"},{"floor":14.0,"key":"AttackPotion"}],"is_trial":false,"path_per_floor":["M","M","M","$","?","E","R","M","T","?","E","M","M","M","R","B"],"character_chosen":"DEFECT","items_purchased":["Gash","Self Repair","Turbo"],"campfire_rested":2,"item_purchase_floors":[4,4,4],"current_hp_per_floor":[68,68,68,68,68,29,51,29,29,29,20,19,17,17,39,0],"gold":414,"neow_bonus":"THREE_ENEMY_KILL","is_prod":false,"is_daily":false,"chose_seed":false,"campfire_upgraded":0,"win_rate":0,"timestamp":1566830735,"path_taken":["M","?","M","$","?","E","R","M","T","?","E","?","?","M","R","BOSS"],"build_version":"2019-07-17","purchased_purges":0,"victory":false,"max_hp_per_floor":[75,75,75,75,75,75,75,75,75,75,75,75,75,75,75,75],"card_choices":[{"not_picked":["Rebound","Double Energy"],"picked":"Aggregate","floor":1.0},{"not_picked":["Force Field","Heatsinks"],"picked":"Hologram","floor":2.0},{"not_picked":["Leap","Rebound"],"picked":"Glacier","floor":3.0},{"not_picked":["Turbo","Stack"],"picked":"Seek","floor":6.0},{"not_picked":["Streamline","Storm"],"picked":"Sweeping Beam","floor":7.0},{"not_picked":["Steam Power","Leap"],"picked":"Rip and Tear","floor":8.0},{"not_picked":["Gash","Genetic Algorithm"],"picked":"Multi-Cast","floor":11.0},{"not_picked":["Leap","Cold Snap"],"picked":"Darkness","floor":12.0},{"not_picked":["Sweeping Beam","Chaos"],"picked":"FTL","floor":13.0},{"not_picked":["Redo","FTL"],"picked":"Meteor Strike","floor":14.0},{"not_picked":["Leap","Steam"],"picked":"Compile Driver","floor":15.0}],"player_experience":1196216,"relics_obtained":[{"floor":6.0,"key":"Dream Catcher"},{"floor":9.0,"key":"DataDisk"},{"floor":11.0,"key":"MawBank"}],"event_choices":[{"damage_healed":0.0,"max_hp_gain":0.0,"max_hp_loss":0.0,"gold_gain":175.0,"event_name":"Liars Game","player_choice":"AGREE","floor":5.0,"gold_loss":0.0,"damage_taken":0.0,"cards_obtained":["Doubt"]},{"damage_healed":0.0,"max_hp_gain":0.0,"max_hp_loss":0.0,"gold_gain":0.0,"event_name":"Golden Idol","player_choice":"Take Wound","floor":10.0,"gold_loss":0.0,"damage_taken":0.0,"relics_obtained":["Golden Idol"],"cards_obtained":["Injury"]}],"is_beta":false,"boss_relics":[],"items_purged_floors":[],"is_endless":false,"potions_floor_spawned":[2,3,13,14],"killed_by":"Hexaghost","ascension_level":12}