{"gold_per_floor":[111,111,111,35,35,35,74,74,99,113,133,152,152,165,165,290,290,315,82,22,22,112,112],"floor_reached":23,"playtime":2490,"items_purged":[],"score":329,"play_id":"0354aa68-3867-4c95-bed0-4bdeea54a656","local_time":"20190819223202","is_ascension_mode":true,"campfire_choices":[{"floor":6.0,"key":"REST"},{"data":"Zap","floor":8.0,"key":"SMITH"},{"data":"Self Repair","floor":13.0,"key":"SMITH"},{"floor":15,"key":"REST"}],"neow_cost":"NONE","seed_source_timestamp":0,"circlet_count":0,"master_deck":["AscendersBane","Strike_B","Strike_B","Strike_B+1","Strike_B","Defend_B","Defend_B","Defend_B","Defend_B","Zap+1","Dualcast+1","Beam Cell","Capacitor","Gash","Auto Shields","Self Repair+1","Glacier","Echo Form","Go for the Eyes","Reprogram","Panacea","Panacea","Enlightenment"],"special_seed":0,"relics":["Cracked Core","NeowsBlessing","Golden Idol","The Courier","Black Star","HandDrill","Shovel"],"potions_floor_usage":[14,16],"damage_taken":[{"damage":0.0,"enemies":"Jaw Worm","floor":1.0,"turns":1.0},{"damage":0.0,"enemies":"3 Sentries","floor":7.0,"turns":1.0},{"damage":0.0,"enemies":"2 Louse","floor":10.0,"turns":1.0},{"damage":6.0,"enemies":"Cultist","floor":11.0,"turns":3.0},{"damage":6.0,"enemies":"Looter","floor":12.0,"turns":3.0},{"damage":30,"enemies":"Exordium Thugs","floor":14,"turns":5},{"damage":11,"enemies":"The Guardian","floor":16,"turns":13},{"damage":24,"enemies":"Shell Parasite","floor":18,"turns":10},{"damage":18,"enemies":"Gremlin Leader","floor":23,"turns":2}],"seed_played":"5727021919427796271","potions_obtained":[{"floor":5.0,"key":"FocusPotion"},{"floor":5.0,"key":"Dexterity Potion"}],"is_trial":false,"path_per_floor":["M","?","?","$","?","R","E","R","T","M","M","M","R","M","R","B",null,"M","$","?","$","?","E"],"character_chosen":"DEFECT","items_purchased":["Capacitor","HandDrill","Reprogram"],"campfire_rested":2,"item_purchase_floors":[4,19,19],"current_hp_per_floor":[68,53,35,35,35,57,57,57,57,57,51,45,45,25,47,46,68,54,54,54,54,12,0],"gold":112,"neow_bonus":"THREE_ENEMY_KILL","is_prod":false,"is_daily":false,"chose_seed":false,"campfire_upgraded":2,"win_rate":0,"timestamp":1566268322,"path_taken":["M","?","?","$","?","R","E","R","T","M","M","?","R","M","R","BOSS","M","$","?","?","?","E"],"build_version":"2019-07-17","purchased_purges":0,"victory":false,"max_hp_per_floor":[75,75,75,75,75,75,75,75,75,75,75,75,75,75,75,75,75,75,75,75,75,75,75],"card_choices":[{"not_picked":["Turbo","Stack"],"picked":"Beam Cell","floor":1.0},{"not_picked":["Tempest","White Noise","Hello World"],"picked":"SKIP","floor":7.0},{"not_picked":["Steam","Turbo"],"picked":"Gash","floor":10.0},{"not_picked":["Force Field","Go for the Eyes"],"picked":"Auto Shields","floor":11.0},{"not_picked":["Go for the Eyes","Aggregate"],"picked":"Self Repair","floor":12.0},{"not_picked":["Cold Snap","Stack"],"picked":"Glacier","floor":14},{"not_picked":["Biased Cognition","Hyperbeam"],"picked":"Echo Form","floor":16},{"not_picked":["Leap","Steam Power"],"picked":"Go for the Eyes","floor":18}],"player_experience":1150163,"relics_obtained":[{"floor":7.0,"key":"The Courier"}],"event_choices":[{"damage_healed":0.0,"max_hp_gain":0.0,"max_hp_loss":0.0,"gold_gain":0.0,"event_name":"Shining Light","player_choice":"Entered Light","floor":2.0,"gold_loss":0.0,"damage_taken":15.0,"cards_upgraded":["Strike_B","Dualcast"]},{"damage_healed":0.0,"max_hp_gain":0.0,"max_hp_loss":0.0,"gold_gain":0.0,"event_name":"Golden Idol","player_choice":"Take Damage","floor":3.0,"gold_loss":0.0,"damage_taken":18.0,"relics_obtained":["Golden Idol"]},{"damage_healed":0.0,"max_hp_gain":0.0,"max_hp_loss":0.0,"gold_gain":0.0,"event_name":"Lab","player_choice":"Got Potions","floor":5.0,"gold_loss":0.0,"damage_taken":0.0},{"damage_healed":0,"gold_gain":0,"player_choice":"Paid Gold","damage_taken":0,"relics_obtained":["Shovel"],"max_hp_gain":0,"max_hp_loss":0,"event_name":"WeMeetAgain","floor":20,"gold_loss":60},{"damage_healed":0,"gold_gain":90,"player_choice":"CARD POTION GOLD CARD CARD ","damage_taken":42,"max_hp_gain":0,"max_hp_loss":0,"event_name":"Knowing Skull","floor":22,"potions_obtained":["GamblersBrew"],"gold_loss":0,"cards_obtained":["Panacea","Panacea","Enlightenment"]}],"is_beta":false,"boss_relics":[{"not_picked":["Astrolabe","Calling Bell"],"picked":"Black Star"}],"items_purged_floors":[],"is_endless":false,"potions_floor_spawned":[10,12],"killed_by":"Gremlin Leader","ascension_level":11}