{"gold_per_floor":[113,113,55,70,20,20,20,49,49,49,81,81,6,35,35,134,134,146,146,146,157,157,157,187,187,187,187,203,229,240,252,252,350,350,366,291,302,262,273,273,299,299,346,99,112,112,112,112,112,112,112,112,3,35,35],"floor_reached":56,"playtime":23687,"items_purged":["Predator"],"score":1528,"play_id":"47ee55f6-95b3-40b5-bfa4-5695e3d5fa23","local_time":"20190703201308","is_ascension_mode":true,"campfire_choices":[{"data":"Neutralize","floor":6.0,"key":"SMITH"},{"data":"Defend_G","floor":10.0,"key":"PURGE"},{"data":"Caltrops","floor":15.0,"key":"SMITH"},{"data":"Calculated Gamble","floor":23.0,"key":"SMITH"},{"data":"Bouncing Flask","floor":25.0,"key":"PURGE"},{"data":"Burst","floor":27.0,"key":"SMITH"},{"floor":32.0,"key":"REST"},{"data":"Choke","floor":40.0,"key":"PURGE"},{"data":"Night Terror","floor":42.0,"key":"SMITH"},{"floor":47.0,"key":"REST"},{"floor":49.0,"key":"RECALL"},{"floor":52.0,"key":"DIG"}],"neow_cost":"NONE","seed_source_timestamp":0,"circlet_count":0,"master_deck":["Neutralize+1","Backflip","Blur+1","Flechettes","Caltrops+1","Adrenaline","A Thousand Cuts","Reflex+1","Storm of Steel","Heel Hook","Dash","Deadly Poison","Tactician","Calculated Gamble+1","Burst+1","Phantasmal Killer","Unload","Prepared","Cloak And Dagger+1","Night Terror+1","Caltrops+1","Caltrops","Acrobatics+1","After Image","Caltrops","Forethought","Calculated Gamble","Decay","Flash of Steel","Acrobatics","Night Terror"],"special_seed":0,"relics":["NeowsBlessing","Singing Bowl","Pear","Thread and Needle","Peace Pipe","Bag of Preparation","Question Card","Vajra","Pandora\u0027s Box","Enchiridion","Nloth\u0027s Gift","Mummified Hand","Ornamental Fan","Juzu Bracelet","Runic Pyramid","Shovel","War Paint","Kunai","Blood Vial"],"potions_floor_usage":[55,55],"damage_taken":[{"damage":0.0,"enemies":"Small Slimes","floor":1.0,"turns":1.0},{"damage":0.0,"enemies":"Cultist","floor":4.0,"turns":1.0},{"damage":0.0,"enemies":"Lagavulin","floor":8.0,"turns":1.0},{"damage":12.0,"enemies":"3 Sentries","floor":11.0,"turns":18.0},{"damage":26.0,"enemies":"Lagavulin","floor":14.0,"turns":11.0},{"damage":3.0,"enemies":"The Guardian","floor":16.0,"turns":13.0},{"damage":2.0,"enemies":"Spheric Guardian","floor":18.0,"turns":3.0},{"damage":11.0,"enemies":"Chosen","floor":21.0,"turns":5.0},{"damage":13.0,"enemies":"Gremlin Leader","floor":24.0,"turns":5.0},{"damage":0.0,"enemies":"Snecko","floor":28.0,"turns":3.0},{"damage":0.0,"enemies":"Book of Stabbing","floor":29.0,"turns":4.0},{"damage":4.0,"enemies":"Snake Plant","floor":30.0,"turns":2.0},{"damage":0.0,"enemies":"Shelled Parasite and Fungi","floor":31.0,"turns":3.0},{"damage":22.0,"enemies":"Champ","floor":33.0,"turns":12.0},{"damage":0.0,"enemies":"3 Shapes","floor":35.0,"turns":2.0},{"damage":31.0,"enemies":"3 Darklings","floor":37.0,"turns":4.0},{"damage":0.0,"enemies":"Sphere and 2 Shapes","floor":39.0,"turns":3.0},{"damage":0.0,"enemies":"Nemesis","floor":41.0,"turns":5.0},{"damage":7.0,"enemies":"Jaw Worm Horde","floor":45.0,"turns":5.0},{"damage":33.0,"enemies":"Time Eater","floor":50.0,"turns":10.0},{"damage":64.0,"enemies":"Shield and Spear","floor":54.0,"turns":4.0},{"damage":3,"enemies":"The Heart","floor":55,"turns":6}],"seed_played":"4091276471969252716","potions_obtained":[{"floor":8.0,"key":"GhostInAJar"},{"floor":16.0,"key":"Energy Potion"},{"floor":28.0,"key":"Poison Potion"},{"floor":29.0,"key":"EssenceOfSteel"},{"floor":30.0,"key":"Strength Potion"},{"floor":38.0,"key":"LiquidBronze"},{"floor":38.0,"key":"EntropicBrew"},{"floor":38.0,"key":"GamblersBrew"},{"floor":45.0,"key":"Explosive Potion"},{"floor":54.0,"key":"Weak Potion"}],"is_trial":false,"path_per_floor":["M","?","?","M","?","R","$","E","T","R","E","T","$","E","R","B",null,"M","?","?","M","T","R","E","R","T","R","M","E","M","M","R","B",null,"M","$","M","?","M","R","E","R","T","$","M","?","R","?","R","B",null,"R","$","E","B",null],"character_chosen":"THE_SILENT","items_purchased":["Caltrops","Caltrops","Caltrops","Forethought","Flash of Steel","Acrobatics"],"campfire_rested":2,"item_purchase_floors":[13,36,44,44,53,53],"current_hp_per_floor":[70,58,68,70,70,70,70,70,70,70,58,58,58,32,32,29,69,67,51,51,40,40,40,27,27,27,27,27,27,23,23,47,25,68,68,68,37,37,39,39,39,39,39,39,32,32,57,57,57,24,69,69,69,5,4],"gold":35,"neow_bonus":"THREE_ENEMY_KILL","is_prod":false,"is_daily":false,"chose_seed":false,"campfire_upgraded":5,"win_rate":0,"timestamp":1562199188,"path_taken":["M","?","?","?","?","R","?","E","T","R","E","?","$","E","R","BOSS","M","?","?","?","?","R","E","R","T","R","M","E","M","M","R","BOSS","M","$","M","?","M","R","E","R","T","$","M","?","R","?","R","BOSS","R","$","E","BOSS"],"build_version":"2019-07-01","purchased_purges":1,"victory":true,"max_hp_per_floor":[70,70,80,82,82,82,82,82,82,82,82,82,82,82,82,82,82,82,82,82,82,82,82,82,82,82,82,82,82,82,82,82,82,82,82,82,82,82,84,84,84,84,84,84,84,84,84,84,84,84,84,84,84,84,84],"card_choices":[{"not_picked":["Acrobatics","Deadly Poison"],"picked":"Backflip","floor":1.0},{"not_picked":["Backstab","Skewer","Flying Knee"],"picked":"Singing Bowl","floor":4.0},{"not_picked":["Bane","Riddle With Holes"],"picked":"Blur","floor":8.0},{"not_picked":["Acrobatics","Deadly Poison"],"picked":"Flechettes","floor":11.0},{"not_picked":["Sucker Punch","Dagger Throw","Prepared"],"picked":"Adrenaline","floor":14.0},{"not_picked":["Wraith Form v2","Unload","Glass Knife"],"picked":"A Thousand Cuts","floor":16.0},{"not_picked":["Leg Sweep","Deflect","Flying Knee"],"picked":"Tactician","floor":18.0},{"not_picked":["Prepared","Escape Plan+1","Reflex"],"picked":"Calculated Gamble","floor":21.0},{"not_picked":["Night Terror","Poisoned Stab","Outmaneuver"],"picked":"Burst","floor":24.0},{"not_picked":["Acrobatics","Deflect","Quick Slash+1"],"picked":"Phantasmal Killer","floor":28.0},{"not_picked":["Outmaneuver","Catalyst","Endless Agony"],"picked":"Unload","floor":29.0},{"not_picked":["Dodge and Roll+1","Cloak And Dagger","Backflip"],"picked":"Prepared","floor":30.0},{"not_picked":["Flechettes","Riddle With Holes","Deflect"],"picked":"Cloak And Dagger+1","floor":31.0},{"not_picked":["Wraith Form v2","Corpse Explosion","Doppelganger"],"picked":"Night Terror","floor":33.0},{"not_picked":["Underhanded Strike","Reflex+1","Backflip+1"],"picked":"Caltrops+1","floor":35.0},{"not_picked":["Blade Dance+1","Poisoned Stab","Expertise"],"picked":"Acrobatics+1","floor":37.0},{"not_picked":["Flying Knee+1","Poisoned Stab","Riddle With Holes","Deflect+1"],"picked":"Singing Bowl","floor":39.0},{"not_picked":["Backstab","Terror","Doppelganger"],"picked":"After Image","floor":41.0},{"not_picked":["Backflip","Deadly Poison","Blade Dance+1"],"picked":"Calculated Gamble","floor":45.0},{"not_picked":["Underhanded Strike+1","Outmaneuver","Backstab+1"],"picked":"Night Terror","floor":54.0}],"player_experience":750422,"relics_obtained":[{"floor":8.0,"key":"Thread and Needle"},{"floor":9.0,"key":"Peace Pipe"},{"floor":11.0,"key":"Bag of Preparation"},{"floor":12.0,"key":"Question Card"},{"floor":14.0,"key":"Vajra"},{"floor":19.0,"key":"Enchiridion"},{"floor":22.0,"key":"Mummified Hand"},{"floor":24.0,"key":"Ornamental Fan"},{"floor":29.0,"key":"Juzu Bracelet"},{"floor":41.0,"key":"Shovel"},{"floor":43.0,"key":"War Paint"},{"floor":52.0,"key":"Kunai"},{"floor":54.0,"key":"Blood Vial"}],"event_choices":[{"damage_healed":0.0,"max_hp_gain":0.0,"max_hp_loss":0.0,"gold_gain":0.0,"event_name":"Scrap Ooze","player_choice":"Success","floor":2.0,"gold_loss":0.0,"damage_taken":12.0,"relics_obtained":["Singing Bowl"]},{"damage_healed":0.0,"max_hp_gain":0.0,"max_hp_loss":0.0,"gold_gain":0.0,"event_name":"WeMeetAgain","player_choice":"Paid Gold","floor":3.0,"gold_loss":58.0,"damage_taken":0.0,"relics_obtained":["Pear"]},{"cards_removed":["Strike_G"],"damage_healed":0.0,"max_hp_gain":0.0,"max_hp_loss":0.0,"gold_gain":0.0,"event_name":"The Cleric","player_choice":"Card Removal","floor":5.0,"gold_loss":50.0,"damage_taken":0.0},{"damage_healed":0.0,"max_hp_gain":0.0,"max_hp_loss":0.0,"gold_gain":0.0,"event_name":"Cursed Tome","player_choice":"Obtained Book","floor":19.0,"gold_loss":0.0,"damage_taken":16.0},{"damage_healed":0.0,"max_hp_gain":0.0,"max_hp_loss":0.0,"gold_gain":0.0,"event_name":"N\u0027loth","player_choice":"Traded Relic","floor":20.0,"relics_lost":["Ring of the Snake"],"gold_loss":0.0,"damage_taken":0.0,"relics_obtained":["Nloth\u0027s Gift"]},{"damage_healed":0.0,"max_hp_gain":0.0,"max_hp_loss":0.0,"gold_gain":0.0,"event_name":"The Woman in Blue","player_choice":"Bought 3 Potions","floor":38.0,"gold_loss":0.0,"damage_taken":0.0},{"cards_removed":["Survivor"],"damage_healed":0.0,"max_hp_gain":0.0,"max_hp_loss":0.0,"gold_gain":0.0,"event_name":"Falling","player_choice":"Removed Skill","floor":46.0,"gold_loss":0.0,"damage_taken":0.0},{"damage_healed":0.0,"max_hp_gain":0.0,"max_hp_loss":0.0,"gold_gain":0.0,"event_name":"Wheel of Change","player_choice":"Cursed","floor":48.0,"gold_loss":0.0,"damage_taken":0.0,"cards_obtained":["Decay"]}],"is_beta":false,"boss_relics":[{"not_picked":["Black Star","Sozu"],"picked":"Pandora\u0027s Box"},{"not_picked":["Velvet Choker","Orrery"],"picked":"Runic Pyramid"}],"items_purged_floors":[44],"is_endless":false,"potions_floor_spawned":[8,16,28,29,30,31,45,54],"ascension_level":5}