{"gold_per_floor":[112,112,112,112,41,41,70,80,126,126,136,153,180,180,180,282,282,292,292,309,321,337,368,387,415,415,415,428,493,562,137,137,236,236,253,273,273,292,309,309,339,339,365,365,382,416,416,416,416,416],"floor_reached":50,"playtime":5748,"items_purged":["Iron Wave"],"score":745,"play_id":"3cf826fc-5dd3-43a7-bc47-d0010bc3abb6","local_time":"20190701103219","daily_mods":["Draft"],"is_ascension_mode":false,"campfire_choices":[{"data":"Armaments","floor":6.0,"key":"SMITH"},{"data":"Searing Blow","floor":10.0,"key":"SMITH"},{"data":"Evolve","floor":15.0,"key":"SMITH"},{"data":"Searing Blow+2","floor":27.0,"key":"SMITH"},{"data":"Forethought","floor":32.0,"key":"SMITH"},{"floor":40.0,"key":"REST"},{"floor":42.0,"key":"REST"},{"data":"Searing Blow+4","floor":49.0,"key":"SMITH"}],"neow_cost":"","seed_source_timestamp":0,"circlet_count":0,"master_deck":["Thunderclap","Searing Blow+5","Infernal Blade+1","Shrug It Off","Iron Wave+1","Combust+1","Armaments+1","Thunderclap","Evolve+1","Armaments","Fiend Fire","Body Slam+1","Juggernaut","Blood for Blood+1","Reaper+1","Headbutt+1","Evolve","Inflame","Ghostly Armor+1","Fire Breathing+1","Bludgeon+1","Power Through+1","Rupture","Burning Pact+1","Forethought+1","Feed+1","Entrench+1","Feel No Pain","Demon Form","Seeing Red+1","Battle Trance","Feel No Pain","Writhe"],"special_seed":0,"relics":["Burning Blood","Sundial","Molten Egg 2","Orichalcum","PreservedInsect","Philosopher\u0027s Stone","Dodecahedron","Potion Belt","Whetstone","Tiny Chest","Pantograph","Kunai","Black Star","Juzu Bracelet","Regal Pillow","Smiling Mask","Darkstone Periapt","Strawberry"],"potions_floor_usage":[],"damage_taken":[{"damage":1.0,"enemies":"2 Louse","floor":1.0,"turns":2.0},{"damage":15.0,"enemies":"Lagavulin","floor":7.0,"turns":6.0},{"damage":0.0,"enemies":"Jaw Worm","floor":8.0,"turns":2.0},{"damage":0.0,"enemies":"Small Slimes","floor":11.0,"turns":2.0},{"damage":0.0,"enemies":"Exordium Thugs","floor":12.0,"turns":3.0},{"damage":3.0,"enemies":"Gremlin Nob","floor":13.0,"turns":3.0},{"damage":38.0,"enemies":"Hexaghost","floor":16.0,"turns":6.0},{"damage":6.0,"enemies":"3 Byrds","floor":18.0,"turns":3.0},{"damage":7.0,"enemies":"2 Thieves","floor":20.0,"turns":3.0},{"damage":23.0,"enemies":"Chosen and Byrds","floor":21.0,"turns":4.0},{"damage":6.0,"enemies":"Cultist and Chosen","floor":22.0,"turns":3.0},{"damage":32.0,"enemies":"Slavers","floor":23.0,"turns":4.0},{"damage":26.0,"enemies":"Shelled Parasite and Fungi","floor":24.0,"turns":4.0},{"damage":13.0,"enemies":"Book of Stabbing","floor":25.0,"turns":4.0},{"damage":21.0,"enemies":"Snake Plant","floor":28.0,"turns":4.0},{"damage":8.0,"enemies":"Gremlin Leader","floor":29.0,"turns":4.0},{"damage":56.0,"enemies":"Collector","floor":33.0,"turns":6.0},{"damage":8.0,"enemies":"3 Shapes","floor":35.0,"turns":2.0},{"damage":1.0,"enemies":"Orb Walker","floor":36.0,"turns":4.0},{"damage":31.0,"enemies":"Maw","floor":38.0,"turns":7.0},{"damage":33.0,"enemies":"3 Darklings","floor":39.0,"turns":6.0},{"damage":84.0,"enemies":"Reptomancer","floor":41.0,"turns":6.0},{"damage":13.0,"enemies":"Transient","floor":45.0,"turns":5.0},{"damage":44.0,"enemies":"Nemesis","floor":46.0,"turns":5.0},{"damage":107,"enemies":"Awakened One","floor":50,"turns":6}],"seed_played":"3020631381429672282","potions_obtained":[{"floor":4.0,"key":"AttackPotion"},{"floor":4.0,"key":"Ancient Potion"},{"floor":4.0,"key":"EntropicBrew"},{"floor":8.0,"key":"Block Potion"},{"floor":11.0,"key":"BloodPotion"},{"floor":21.0,"key":"Block Potion"},{"floor":25.0,"key":"SmokeBomb"},{"floor":28.0,"key":"SteroidPotion"},{"floor":35.0,"key":"SmokeBomb"},{"floor":36.0,"key":"Energy Potion"},{"floor":39.0,"key":"EssenceOfSteel"},{"floor":41.0,"key":"Fire Potion"}],"is_trial":true,"path_per_floor":["M","?","T","?","$","R","E","M","T","R","M","M","E","?","R","B",null,"M","?","M","M","M","E","M","E","T","R","M","E","T","$","R","B",null,"M","M","?","M","M","R","E","R","T","?","M","E","?","?","R","B"],"character_chosen":"IRONCLAD","items_purchased":["Fiend Fire","Forethought","Kunai"],"campfire_rested":2,"item_purchase_floors":[5,31,31],"current_hp_per_floor":[80,73,73,73,73,73,64,70,70,70,76,80,80,64,64,40,80,80,80,79,74,80,60,50,43,43,43,28,61,61,61,61,38,80,78,80,80,55,49,73,15,54,54,59,61,41,70,70,70,0],"gold":416,"neow_bonus":"","is_prod":false,"is_daily":false,"chose_seed":false,"campfire_upgraded":6,"win_rate":0,"timestamp":1561991539,"path_taken":["M","?","?","?","$","R","E","M","T","R","?","M","E","?","R","BOSS","M","?","?","?","M","E","M","E","T","R","M","E","?","$","R","BOSS","M","M","?","M","M","R","E","R","T","?","M","E","?","?","R","BOSS"],"build_version":"2019-01-23","purchased_purges":1,"victory":false,"max_hp_per_floor":[80,80,80,80,80,80,80,80,80,80,80,80,80,80,80,80,80,80,80,80,80,80,80,80,80,80,80,80,80,80,80,80,80,80,80,80,80,80,80,80,80,80,80,80,80,91,97,97,97,101],"card_choices":[{"not_picked":["Body Slam","Wild Strike"],"picked":"Thunderclap","floor":0.0},{"not_picked":["Armaments","Thunderclap"],"picked":"Searing Blow","floor":0.0},{"not_picked":["Clash","Shockwave"],"picked":"Infernal Blade","floor":0.0},{"not_picked":["Perfected Strike","Entrench"],"picked":"Cleave","floor":0.0},{"not_picked":["Carnage","Flex"],"picked":"Shrug It Off","floor":0.0},{"not_picked":["Searing Blow","Pommel Strike"],"picked":"Iron Wave","floor":0.0},{"not_picked":["Cleave","Havoc"],"picked":"Combust","floor":0.0},{"not_picked":["Heavy Blade","Combust"],"picked":"Thunderclap","floor":0.0},{"not_picked":["Hemokinesis","Dual Wield"],"picked":"Shrug It Off","floor":0.0},{"not_picked":["Anger","Twin Strike"],"picked":"Armaments","floor":0.0},{"not_picked":["Hemokinesis","Uppercut"],"picked":"Thunderclap","floor":0.0},{"not_picked":["Havoc","Thunderclap"],"picked":"Pommel Strike","floor":0.0},{"not_picked":["Flex","Hemokinesis"],"picked":"Iron Wave","floor":0.0},{"not_picked":["Anger","Battle Trance"],"picked":"Evolve","floor":0.0},{"not_picked":["Thunderclap","Cleave"],"picked":"Armaments","floor":0.0},{"not_picked":["Perfected Strike","Sword Boomerang","Wild Strike"],"picked":"SKIP","floor":1.0},{"not_picked":["Cleave","Flex"],"picked":"Body Slam","floor":7.0},{"not_picked":["Heavy Blade+1","Second Wind","Entrench"],"picked":"SKIP","floor":8.0},{"not_picked":["Uppercut+1","Wild Strike+1","Twin Strike+1"],"picked":"SKIP","floor":11.0},{"not_picked":["Pommel Strike+1","Twin Strike+1"],"picked":"Juggernaut","floor":12.0},{"not_picked":["Clothesline+1","Clash+1"],"picked":"Blood for Blood+1","floor":13.0},{"not_picked":["Juggernaut","Bludgeon+1"],"picked":"Reaper+1","floor":16.0},{"not_picked":["Flex","Carnage+1"],"picked":"Headbutt+1","floor":18.0},{"not_picked":["Anger+1","Headbutt+1"],"picked":"Inflame","floor":20.0},{"not_picked":["Havoc","Armaments"],"picked":"Ghostly Armor+1","floor":21.0},{"not_picked":["Cleave+1","True Grit"],"picked":"Fire Breathing+1","floor":22.0},{"not_picked":["Iron Wave+1","Shockwave"],"picked":"Bludgeon+1","floor":23.0},{"not_picked":["Clash+1","Sword Boomerang+1","Body Slam+1"],"picked":"SKIP","floor":24.0},{"not_picked":["Clash+1","Sword Boomerang+1","Body Slam+1"],"picked":"SKIP","floor":24.0},{"not_picked":["Warcry","Second Wind"],"picked":"Power Through+1","floor":25.0},{"not_picked":["Whirlwind+1","Searing Blow+1"],"picked":"Rupture","floor":28.0},{"not_picked":["Twin Strike+1","Body Slam+1"],"picked":"Burning Pact+1","floor":29.0},{"not_picked":["Brutality","Juggernaut"],"picked":"Feed+1","floor":33.0},{"not_picked":["True Grit","Thunderclap+1"],"picked":"Entrench+1","floor":35.0},{"not_picked":["Cleave+1","Warcry+1"],"picked":"Feel No Pain","floor":36.0},{"not_picked":["Carnage+1","Clothesline+1"],"picked":"Demon Form","floor":38.0},{"not_picked":["Carnage+1","Sword Boomerang+1","Clash+1"],"picked":"SKIP","floor":39.0},{"not_picked":["Combust","Cleave+1"],"picked":"Seeing Red+1","floor":41.0},{"not_picked":["Searing Blow+1","Fire Breathing+1"],"picked":"Battle Trance","floor":45.0},{"not_picked":["Shockwave","Flex+1"],"picked":"Feel No Pain","floor":46.0}],"player_experience":738182,"relics_obtained":[{"floor":3.0,"key":"Sundial"},{"floor":7.0,"key":"Molten Egg 2"},{"floor":9.0,"key":"Orichalcum"},{"floor":13.0,"key":"PreservedInsect"},{"floor":23.0,"key":"Dodecahedron"},{"floor":25.0,"key":"Potion Belt"},{"floor":26.0,"key":"Whetstone"},{"floor":29.0,"key":"Tiny Chest"},{"floor":30.0,"key":"Pantograph"},{"floor":41.0,"key":"Juzu Bracelet"},{"floor":41.0,"key":"Regal Pillow"},{"floor":43.0,"key":"Smiling Mask"},{"floor":46.0,"key":"Darkstone Periapt"},{"floor":46.0,"key":"Strawberry"}],"event_choices":[{"cards_removed":["Pommel Strike"],"damage_healed":0.0,"max_hp_gain":0.0,"max_hp_loss":0.0,"gold_gain":0.0,"event_name":"Golden Wing","player_choice":"Card Removal","floor":2.0,"gold_loss":0.0,"damage_taken":7.0},{"damage_healed":0.0,"max_hp_gain":0.0,"max_hp_loss":0.0,"gold_gain":0.0,"event_name":"Lab","player_choice":"Got Potions","floor":4.0,"gold_loss":0.0,"damage_taken":0.0},{"damage_healed":0.0,"max_hp_gain":0.0,"max_hp_loss":0.0,"gold_gain":0.0,"event_name":"Shining Light","player_choice":"Entered Light","floor":14.0,"gold_loss":0.0,"damage_taken":16.0,"cards_upgraded":["Infernal Blade","Combust"]},{"damage_healed":0.0,"max_hp_gain":0.0,"max_hp_loss":0.0,"gold_gain":0.0,"cards_transformed":["Cleave"],"event_name":"Transmorgrifier","player_choice":"Transformed","floor":19.0,"gold_loss":0.0,"damage_taken":0.0,"cards_obtained":["Evolve"]},{"cards_removed":["Shrug It Off"],"damage_healed":0.0,"max_hp_gain":0.0,"max_hp_loss":0.0,"gold_gain":0.0,"event_name":"Falling","player_choice":"Removed Skill","floor":37.0,"gold_loss":0.0,"damage_taken":0.0},{"cards_removed":["Thunderclap"],"damage_healed":5.0,"max_hp_gain":0.0,"max_hp_loss":0.0,"gold_gain":0.0,"event_name":"Bonfire Elementals","player_choice":"Offered Common","floor":44.0,"gold_loss":0.0,"damage_taken":0.0},{"cards_removed":["Thunderclap"],"damage_healed":5.0,"max_hp_gain":0.0,"max_hp_loss":0.0,"gold_gain":0.0,"event_name":"Bonfire Elementals","player_choice":"Offered Special","floor":44.0,"gold_loss":0.0,"damage_taken":0.0},{"damage_healed":23.0,"max_hp_gain":0.0,"max_hp_loss":0.0,"gold_gain":0.0,"event_name":"Winding Halls","player_choice":"Writhe","floor":47.0,"gold_loss":0.0,"damage_taken":0.0,"cards_obtained":["Writhe"]},{"damage_healed":0.0,"max_hp_gain":0.0,"max_hp_loss":0.0,"gold_gain":0.0,"event_name":"Accursed Blacksmith","player_choice":"Forge","floor":48.0,"gold_loss":0.0,"damage_taken":0.0,"cards_upgraded":["Searing Blow"]}],"is_beta":false,"boss_relics":[{"not_picked":["Tiny House","Calling Bell"],"picked":"Philosopher\u0027s Stone"},{"not_picked":["Coffee Dripper","Orrery"],"picked":"Black Star"}],"items_purged_floors":[31],"is_endless":true,"potions_floor_spawned":[8,11,13,21,22,25,28,35,36,39,41],"killed_by":"Awakened One","ascension_level":0}