{"gold_per_floor":[15,15,32,207,157,157,190,208,208,234,234,234,259,272,272,393,393,408,432,432,448,464,464,83,83],"floor_reached":25,"playtime":5627,"items_purged":["Injury"],"score":224,"play_id":"a1b6fc66-757a-4ddd-8d4e-c3f407c5ddda","local_time":"20190531154131","is_ascension_mode":true,"campfire_choices":[{"floor":6.0,"key":"RECALL"},{"floor":12.0,"key":"REST"},{"floor":15.0,"key":"REST"},{"data":"Tactician","floor":23.0,"key":"SMITH"}],"neow_cost":"NO_GOLD","seed_source_timestamp":0,"circlet_count":0,"master_deck":["Defend_G","Defend_G","Defend_G","Strike_G","Survivor","Neutralize","Tactician+1","Expertise","Deadly Poison","Deadly Poison","Well Laid Plans","Acrobatics","Dodge and Roll","Outmaneuver","Dodge and Roll","Bullet Time","Terror+1","Terror+1","Distraction+1","Prepared","Escape Plan+1","Noxious Fumes","Crippling Poison","Magnetism","Skewer","Noxious Fumes"],"special_seed":0,"relics":["Ring of the Snake","Ice Cream","Pear","Bloody Idol","Astrolabe"],"potions_floor_usage":[],"damage_taken":[{"damage":4.0,"enemies":"Cultist","floor":1.0,"turns":7.0},{"damage":2.0,"enemies":"2 Louse","floor":3.0,"turns":4.0},{"damage":35.0,"enemies":"Lagavulin","floor":7.0,"turns":8.0},{"damage":0.0,"enemies":"Small Slimes","floor":8.0,"turns":3.0},{"damage":19.0,"enemies":"3 Sentries","floor":10.0,"turns":8.0},{"damage":8.0,"enemies":"3 Louse","floor":13.0,"turns":5.0},{"damage":7.0,"enemies":"Large Slime","floor":14.0,"turns":10.0},{"damage":9.0,"enemies":"Hexaghost","floor":16.0,"turns":13.0},{"damage":13.0,"enemies":"Spheric Guardian","floor":18.0,"turns":5.0},{"damage":0.0,"enemies":"Chosen","floor":19.0,"turns":6.0},{"damage":8.0,"enemies":"Centurion and Healer","floor":21.0,"turns":9.0},{"damage":42.0,"enemies":"Sentry and Sphere","floor":22.0,"turns":7.0},{"damage":45,"enemies":"Slavers","floor":25,"turns":4}],"seed_played":"-6767310143558169403","potions_obtained":[{"floor":1.0,"key":"Fire Potion"},{"floor":10.0,"key":"SkillPotion"},{"floor":14.0,"key":"GamblersBrew"},{"floor":16.0,"key":"Strength Potion"},{"floor":18.0,"key":"Ancient Potion"},{"floor":19.0,"key":"Regen Potion"}],"is_trial":false,"path_per_floor":["M","?","M","?","?","R","E","M","T","E","?","R","M","M","R","B",null,"M","M","?","M","M","R","$","E"],"character_chosen":"THE_SILENT","items_purchased":["Magnetism","Skewer","Noxious Fumes"],"campfire_rested":2,"item_purchase_floors":[24,24,24],"current_hp_per_floor":[66,59,57,57,57,57,22,22,22,13,13,37,29,22,46,37,80,67,67,67,64,41,41,41,0],"gold":83,"neow_bonus":"TRANSFORM_TWO_CARDS","is_prod":false,"is_daily":false,"chose_seed":false,"campfire_upgraded":1,"win_rate":0,"timestamp":1559342491,"path_taken":["M","?","M","?","?","R","E","M","T","E","?","R","M","M","R","BOSS","M","M","?","M","M","R","$","E"],"build_version":"2019-01-23","purchased_purges":1,"victory":false,"max_hp_per_floor":[70,70,70,70,70,70,70,70,70,80,80,80,80,80,80,80,80,80,80,80,80,80,80,80,80],"card_choices":[{"not_picked":["Underhanded Strike","Poisoned Stab"],"picked":"Deadly Poison","floor":1.0},{"not_picked":["Slice","Underhanded Strike"],"picked":"Deadly Poison","floor":3.0},{"not_picked":["Endless Agony","Heel Hook"],"picked":"Well Laid Plans","floor":7.0},{"not_picked":["Prepared","Terror"],"picked":"Acrobatics","floor":8.0},{"not_picked":["Riddle With Holes","Poisoned Stab"],"picked":"Dodge and Roll","floor":10.0},{"not_picked":["Bane","Sucker Punch"],"picked":"Outmaneuver","floor":13.0},{"not_picked":["Masterful Stab","PiercingWail"],"picked":"Dodge and Roll","floor":14.0},{"not_picked":["Malaise","Adrenaline"],"picked":"Bullet Time","floor":16.0},{"not_picked":["Sucker Punch","Flying Knee"],"picked":"Prepared","floor":18.0},{"not_picked":["Well Laid Plans","Blade Dance"],"picked":"Escape Plan+1","floor":19.0},{"not_picked":["Dagger Spray+1","Flechettes"],"picked":"Noxious Fumes","floor":21.0},{"not_picked":["PiercingWail","Calculated Gamble+1"],"picked":"Crippling Poison","floor":22.0}],"player_experience":305323,"relics_obtained":[{"floor":7.0,"key":"Ice Cream"},{"floor":10.0,"key":"Pear"}],"event_choices":[{"cards_removed":["Defend_G"],"damage_healed":0.0,"max_hp_gain":0.0,"max_hp_loss":0.0,"gold_gain":0.0,"event_name":"Golden Wing","player_choice":"Card Removal","floor":2.0,"gold_loss":0.0,"damage_taken":7.0},{"damage_healed":0.0,"max_hp_gain":0.0,"max_hp_loss":0.0,"gold_gain":175.0,"event_name":"Liars Game","player_choice":"AGREE","floor":4.0,"gold_loss":0.0,"damage_taken":0.0,"cards_obtained":["Doubt"]},{"cards_removed":["Doubt"],"damage_healed":0.0,"max_hp_gain":0.0,"max_hp_loss":0.0,"gold_gain":0.0,"event_name":"The Cleric","player_choice":"Card Removal","floor":5.0,"gold_loss":50.0,"damage_taken":0.0},{"damage_healed":0.0,"max_hp_gain":0.0,"max_hp_loss":0.0,"gold_gain":0.0,"event_name":"Golden Idol","player_choice":"Take Wound","floor":11.0,"gold_loss":0.0,"damage_taken":0.0,"relics_obtained":["Golden Idol"],"cards_obtained":["Injury"]},{"damage_healed":0.0,"max_hp_gain":0.0,"max_hp_loss":0.0,"gold_gain":0.0,"event_name":"Forgotten Altar","player_choice":"Gave Idol","floor":20.0,"relics_lost":["Golden Idol"],"gold_loss":0.0,"damage_taken":0.0,"relics_obtained":["Bloody Idol"]}],"is_beta":false,"boss_relics":[{"not_picked":["Ring of the Serpent","Busted Crown"],"picked":"Astrolabe"}],"items_purged_floors":[24],"is_endless":false,"potions_floor_spawned":[1,10,14,16,18,19],"killed_by":"Slavers","ascension_level":1}