{"gold_per_floor":[116,66,241,241,241,267,267,302,329,329,291,291,8,27,27,27],"floor_reached":16,"playtime":888,"items_purged":[],"score":239,"play_id":"c93d7a39-bbc7-42b9-a521-91ff679b4033","local_time":"20190816200234","is_ascension_mode":true,"campfire_choices":[{"data":"Zap","floor":12,"key":"SMITH"},{"data":"Hologram","floor":15,"key":"SMITH"}],"neow_cost":"NONE","seed_source_timestamp":185259537379008,"circlet_count":0,"master_deck":["AscendersBane","Strike_B","Strike_B+1","Defend_B","Defend_B","Defend_B","Defend_B","Zap+1","Dualcast","Turbo+1","Coolheaded","Auto Shields","Skim","Hologram+1","Beam Cell"],"relics":["Cracked Core","NeowsBlessing","Ancient Tea Set","Pen Nib","Juzu Bracelet","Centennial Puzzle","Shuriken"],"potions_floor_usage":[],"damage_taken":[{"damage":0,"enemies":"Small Slimes","floor":1,"turns":1},{"damage":0,"enemies":"3 Sentries","floor":6,"turns":1},{"damage":0,"enemies":"Gremlin Nob","floor":8,"turns":1},{"damage":0,"enemies":"Jaw Worm","floor":14,"turns":3},{"damage":47,"enemies":"Slime Boss","floor":16,"turns":9}],"seed_played":"-7543792617024830130","potions_obtained":[{"floor":14,"key":"SteroidPotion"}],"is_trial":false,"path_per_floor":["M","?","?","?","?","E","?","E","T","?","$","R","$","M","R","B"],"character_chosen":"DEFECT","items_purchased":["Skim","Hologram","Shuriken"],"campfire_rested":0,"item_purchase_floors":[11,13,13],"current_hp_per_floor":[68,68,68,68,53,53,46,46,46,39,39,39,39,39,39,0],"gold":27,"neow_bonus":"THREE_ENEMY_KILL","is_prod":false,"is_daily":false,"chose_seed":false,"campfire_upgraded":2,"win_rate":0,"timestamp":1566000154,"path_taken":["M","?","?","?","?","E","?","E","T","?","?","R","$","M","R","BOSS"],"build_version":"2019-07-17","purchased_purges":0,"victory":false,"max_hp_per_floor":[75,75,75,75,75,75,75,75,75,75,75,75,75,75,75,75],"card_choices":[{"not_picked":["Redo","Darkness"],"picked":"Turbo","floor":1},{"not_picked":["Melter","Darkness"],"picked":"Coolheaded","floor":6},{"not_picked":["Cold Snap","Redo"],"picked":"Auto Shields","floor":8},{"not_picked":["Static Discharge","Reinforced Body"],"picked":"Beam Cell","floor":14}],"player_experience":1147630,"relics_obtained":[{"floor":6,"key":"Ancient Tea Set"},{"floor":8,"key":"Pen Nib"},{"floor":9,"key":"Juzu Bracelet"}],"event_choices":[{"cards_removed":["Strike_B"],"damage_healed":0,"gold_gain":0,"player_choice":"Card Removal","damage_taken":0,"max_hp_gain":0,"max_hp_loss":0,"event_name":"The Cleric","floor":2,"gold_loss":50},{"damage_healed":0,"gold_gain":175,"player_choice":"AGREE","damage_taken":0,"max_hp_gain":0,"max_hp_loss":0,"event_name":"Liars Game","floor":3,"gold_loss":0,"cards_obtained":["Doubt"]},{"cards_removed":["Doubt"],"damage_healed":0,"gold_gain":0,"player_choice":"Forget","damage_taken":0,"max_hp_gain":0,"max_hp_loss":0,"event_name":"Living Wall","floor":4,"gold_loss":0},{"damage_healed":0,"gold_gain":0,"player_choice":"Entered Light","damage_taken":15,"max_hp_gain":0,"max_hp_loss":0,"event_name":"Shining Light","floor":5,"gold_loss":0,"cards_upgraded":["Strike_B","Turbo"]},{"cards_removed":["Strike_B"],"damage_healed":0,"gold_gain":0,"player_choice":"Card Removal","damage_taken":7,"max_hp_gain":0,"max_hp_loss":0,"event_name":"Golden Wing","floor":7,"gold_loss":0},{"damage_healed":0,"gold_gain":0,"player_choice":"Success","damage_taken":7,"relics_obtained":["Centennial Puzzle"],"max_hp_gain":0,"max_hp_loss":0,"event_name":"Scrap Ooze","floor":10,"gold_loss":0}],"is_beta":false,"boss_relics":[],"items_purged_floors":[],"is_endless":false,"potions_floor_spawned":[14],"killed_by":"Slime Boss","ascension_level":11}