{"gold_per_floor":[110,124,49,59,11,44,44,75,127,414,445,457,486,515,527,634,646,668,590,614,626,638,650,679,691],"floor_reached":25,"playtime":2344,"items_purged":["Strike_G"],"score":367,"play_id":"88ba5032-2e45-444a-80b7-1fedd88e8772","local_time":"20190710152939","is_ascension_mode":true,"campfire_choices":[{"data":"Neutralize","floor":7,"key":"SMITH"},{"floor":12,"key":"REST"},{"floor":15,"key":"REST"},{"floor":23,"key":"REST"}],"neow_cost":"NONE","seed_source_timestamp":493260349633353,"circlet_count":0,"master_deck":["Defend_G","Defend_G","Defend_G","Defend_G","Defend_G","Survivor","Neutralize+1","Well Laid Plans","Noxious Fumes","Backflip","Acrobatics","Blur","Bouncing Flask+1","Escape Plan","Dodge and Roll","Night Terror","Tools of the Trade","PiercingWail","Bite","Bite","Bite","Bite","Bite","Catalyst","Footwork"],"relics":["Ring of the Snake","NeowsBlessing","Letter Opener","Potion Belt","MawBank","Sozu"],"potions_floor_usage":[11,16,16,16],"damage_taken":[{"damage":0,"enemies":"Cultist","floor":1,"turns":1},{"damage":0,"enemies":"Jaw Worm","floor":2,"turns":1},{"damage":0,"enemies":"Small Slimes","floor":4,"turns":1},{"damage":50,"enemies":"Gremlin Nob","floor":6,"turns":6},{"damage":9,"enemies":"Lagavulin","floor":8,"turns":12},{"damage":0,"enemies":"Gremlin Gang","floor":11,"turns":4},{"damage":12,"enemies":"Looter","floor":13,"turns":4},{"damage":0,"enemies":"2 Fungi Beasts","floor":14,"turns":4},{"damage":0,"enemies":"The Guardian","floor":16,"turns":9},{"damage":21,"enemies":"Spheric Guardian","floor":18,"turns":5},{"damage":20,"enemies":"Shell Parasite","floor":20,"turns":6},{"damage":16,"enemies":"Cultist and Chosen","floor":24,"turns":6},{"damage":34,"enemies":"Slavers","floor":25,"turns":2}],"seed_played":"-8630776110157641223","potions_obtained":[{"floor":1,"key":"Energy Potion"},{"floor":6,"key":"Block Potion"},{"floor":8,"key":"GhostInAJar"},{"floor":13,"key":"Weak Potion"},{"floor":14,"key":"SpeedPotion"}],"is_trial":false,"path_per_floor":["M","M","$","M","$","E","R","E","T","?","M","R","M","M","R","B",null,"M","?","M","?","?","R","M","E"],"character_chosen":"THE_SILENT","items_purchased":["Acrobatics"],"campfire_rested":3,"item_purchase_floors":[5],"current_hp_per_floor":[63,63,63,63,63,13,13,4,4,4,4,25,13,13,34,34,61,40,40,20,20,20,34,30,0],"gold":691,"neow_bonus":"THREE_ENEMY_KILL","is_prod":false,"is_daily":false,"chose_seed":false,"campfire_upgraded":1,"win_rate":0,"timestamp":1562786979,"path_taken":["M","?","$","M","$","E","R","E","T","?","M","R","M","?","R","BOSS","M","?","?","?","?","R","M","E"],"build_version":"2019-07-05","purchased_purges":1,"victory":false,"max_hp_per_floor":[70,70,70,70,70,70,70,70,70,70,70,70,70,70,70,70,70,70,70,70,49,49,49,49,49],"card_choices":[{"not_picked":["Deflect","Blade Dance"],"picked":"Well Laid Plans","floor":1},{"not_picked":["Dodge and Roll","Acrobatics"],"picked":"Noxious Fumes","floor":2},{"not_picked":["Blade Dance","Slice"],"picked":"Backflip","floor":4},{"not_picked":["Skewer","PiercingWail"],"picked":"Blur","floor":6},{"not_picked":["PiercingWail","Predator"],"picked":"Bouncing Flask","floor":8},{"not_picked":["All Out Attack","Poisoned Stab"],"picked":"Escape Plan","floor":11},{"not_picked":["Sucker Punch","Infinite Blades"],"picked":"Dodge and Roll","floor":13},{"not_picked":["Distraction","Underhanded Strike"],"picked":"Night Terror","floor":14},{"not_picked":["Glass Knife","Doppelganger"],"picked":"Tools of the Trade","floor":16},{"not_picked":["Terror","Infinite Blades","Riddle With Holes"],"picked":"SKIP","floor":18},{"not_picked":["Flying Knee","Slice"],"picked":"PiercingWail","floor":20},{"not_picked":["Dodge and Roll","Acrobatics"],"picked":"Footwork","floor":24}],"player_experience":852737,"relics_obtained":[{"floor":6,"key":"Letter Opener"},{"floor":8,"key":"Potion Belt"},{"floor":9,"key":"MawBank"}],"event_choices":[{"damage_healed":0,"gold_gain":275,"player_choice":"Desecrate","damage_taken":0,"max_hp_gain":0,"max_hp_loss":0,"event_name":"Golden Shrine","floor":10,"gold_loss":0,"cards_obtained":["Regret"]},{"cards_removed":["Regret"],"damage_healed":0,"gold_gain":0,"player_choice":"Upgrade and Remove","damage_taken":0,"max_hp_gain":0,"max_hp_loss":0,"event_name":"Designer","floor":19,"gold_loss":90,"cards_upgraded":["Bouncing Flask"]},{"damage_healed":0,"gold_gain":0,"player_choice":"Became a vampire","damage_taken":0,"max_hp_gain":0,"max_hp_loss":21,"event_name":"Vampires","floor":21,"gold_loss":0,"cards_obtained":["Bite","Bite","Bite","Bite","Bite"]},{"damage_healed":0,"gold_gain":0,"player_choice":"Read","damage_taken":0,"max_hp_gain":0,"max_hp_loss":0,"event_name":"The Library","floor":22,"gold_loss":0,"cards_obtained":["Catalyst"]}],"is_beta":false,"boss_relics":[{"not_picked":["Velvet Choker","Runic Pyramid"],"picked":"Sozu"}],"items_purged_floors":[3],"is_endless":false,"potions_floor_spawned":[1,6,8,13,14],"killed_by":"Slavers","ascension_level":6}