{"gold_per_floor":[15,15,15,31,47,86,86],"floor_reached":7,"playtime":1641,"items_purged":[],"score":71,"play_id":"d1b80e0f-8024-42c5-81ea-f373774e5b43","local_time":"20190717183725","is_ascension_mode":true,"campfire_choices":[],"neow_cost":"NO_GOLD","seed_source_timestamp":245362360861185,"circlet_count":0,"master_deck":["Strike_R","Strike_R","Strike_R","Strike_R","Strike_R","Defend_R","Defend_R","Defend_R","Defend_R","Bash","Feed+1","Power Through+1","Second Wind","Rampage","Wild Strike"],"relics":["Burning Blood","Golden Idol","Boot"],"potions_floor_usage":[7,7],"damage_taken":[{"damage":28,"enemies":"Jaw Worm","floor":1,"turns":6},{"damage":3,"enemies":"2 Louse","floor":4,"turns":2},{"damage":6,"enemies":"Cultist","floor":5,"turns":4},{"damage":36,"enemies":"Lagavulin","floor":6,"turns":10},{"damage":25,"enemies":"Exordium Thugs","floor":7,"turns":6}],"seed_played":"-4043068032770322790","potions_obtained":[{"floor":1,"key":"Swift Potion"},{"floor":4,"key":"SkillPotion"},{"floor":6,"key":"Energy Potion"}],"is_trial":false,"path_per_floor":["M","?","?","M","M","E","M"],"character_chosen":"IRONCLAD","items_purchased":[],"campfire_rested":0,"item_purchase_floors":[],"current_hp_per_floor":[53,53,38,45,49,23,0],"gold":86,"neow_bonus":"THREE_RARE_CARDS","is_prod":false,"is_daily":false,"chose_seed":false,"campfire_upgraded":0,"win_rate":0,"timestamp":1563403045,"path_taken":["M","?","?","M","M","E","M"],"build_version":"2019-07-05","purchased_purges":0,"victory":false,"max_hp_per_floor":[83,77,77,81,85,89,89],"card_choices":[{"not_picked":["Dark Embrace","Reaper"],"picked":"Feed","floor":0},{"not_picked":["Sever Soul","Clash"],"picked":"Power Through","floor":1},{"not_picked":["Headbutt","Pommel Strike"],"picked":"Second Wind","floor":4},{"not_picked":["Havoc","Sever Soul"],"picked":"Rampage","floor":5},{"not_picked":["Iron Wave","Uppercut"],"picked":"Wild Strike","floor":6}],"player_experience":991237,"relics_obtained":[{"floor":6,"key":"Boot"}],"event_choices":[{"damage_healed":0,"gold_gain":0,"player_choice":"Lose Max HP","damage_taken":0,"relics_obtained":["Golden Idol"],"max_hp_gain":0,"max_hp_loss":6,"event_name":"Golden Idol","floor":2,"gold_loss":0},{"damage_healed":0,"gold_gain":0,"player_choice":"Entered Light","damage_taken":15,"max_hp_gain":0,"max_hp_loss":0,"event_name":"Shining Light","floor":3,"gold_loss":0,"cards_upgraded":["Feed","Power Through"]}],"is_beta":false,"boss_relics":[],"items_purged_floors":[],"is_endless":false,"potions_floor_spawned":[1,4,6],"killed_by":"Exordium Thugs","ascension_level":8}