{"gold_per_floor":[114,114,132,152,172,204,214,314,314,331,341,341,8,20,20,20],"floor_reached":16,"playtime":1326,"items_purged":[],"score":106,"play_id":"3e7868ce-8323-4efb-b704-c06eed9329b9","local_time":"20191020145809","is_ascension_mode":false,"campfire_choices":[{"floor":12,"key":"REST"},{"data":"Multi-Cast","floor":15,"key":"SMITH"}],"neow_cost":"NONE","seed_source_timestamp":101214440252000,"circlet_count":0,"master_deck":["Strike_B","Strike_B","Strike_B","Strike_B","Defend_B","Defend_B","Defend_B","Defend_B","Zap","Dualcast","Sweeping Beam","Conserve Battery","Blizzard","Cold Snap","Chill","Multi-Cast+1","Cold Snap","Force Field","Coolheaded","Flash of Steel","Coolheaded"],"relics":["Cracked Core","Lantern","Frozen Eye"],"potions_floor_usage":[16,16],"damage_taken":[{"damage":5,"enemies":"Small Slimes","floor":1,"turns":3},{"damage":0,"enemies":"2 Louse","floor":3,"turns":2},{"damage":1,"enemies":"Cultist","floor":4,"turns":3},{"damage":7,"enemies":"Blue Slaver","floor":5,"turns":3},{"damage":49,"enemies":"Lagavulin","floor":6,"turns":7},{"damage":9,"enemies":"3 Louse","floor":7,"turns":3},{"damage":5,"enemies":"Looter","floor":10,"turns":3},{"damage":0,"enemies":"2 Fungi Beasts","floor":11,"turns":3},{"damage":0,"enemies":"Red Slaver","floor":14,"turns":4},{"damage":35,"enemies":"Hexaghost","floor":16,"turns":16}],"seed_played":"8895307493683150457","potions_obtained":[{"floor":5,"key":"Dexterity Potion"},{"floor":7,"key":"SpeedPotion"},{"floor":11,"key":"Block Potion"},{"floor":14,"key":"Swift Potion"}],"is_trial":false,"path_per_floor":["M","?","M","M","M","E","M","?","T","M","M","R","$","M","R","B"],"character_chosen":"DEFECT","items_purchased":["Frozen Eye","Coolheaded","Flash of Steel"],"campfire_rested":1,"item_purchase_floors":[13,13,13],"current_hp_per_floor":[77,77,77,76,69,20,11,11,11,6,6,30,30,30,30,0],"gold":20,"neow_bonus":"TEN_PERCENT_HP_BONUS","is_prod":false,"is_daily":false,"chose_seed":false,"campfire_upgraded":1,"win_rate":0.0,"timestamp":1571597889,"path_taken":["M","?","M","M","M","E","M","?","T","M","M","R","$","M","R","BOSS"],"build_version":"2019-07-17","purchased_purges":0,"victory":false,"max_hp_per_floor":[82,82,82,82,82,82,82,82,82,82,82,82,82,82,82,82],"card_choices":[{"not_picked":["Beam Cell","Leap"],"picked":"Sweeping Beam","floor":1},{"not_picked":["Go for the Eyes","Redo"],"picked":"Conserve Battery","floor":3},{"not_picked":["Undo","Gash"],"picked":"Blizzard","floor":4},{"not_picked":["Streamline","Redo"],"picked":"Cold Snap","floor":5},{"not_picked":["Rip and Tear","Conserve Battery"],"picked":"Chill","floor":6},{"not_picked":["Sweeping Beam","Tempest"],"picked":"Multi-Cast","floor":7},{"not_picked":["Streamline","Aggregate"],"picked":"Cold Snap","floor":10},{"not_picked":["Leap","Sweeping Beam"],"picked":"Force Field","floor":11},{"not_picked":["Beam Cell","Conserve Battery"],"picked":"Coolheaded","floor":14}],"player_experience":12134,"relics_obtained":[{"floor":6,"key":"Lantern"}],"event_choices":[{"damage_healed":0,"gold_gain":0,"player_choice":"Ignored","damage_taken":0,"max_hp_gain":0,"max_hp_loss":0,"event_name":"Golden Wing","floor":2,"gold_loss":0},{"damage_healed":0,"gold_gain":100,"player_choice":"Pray","damage_taken":0,"max_hp_gain":0,"max_hp_loss":0,"event_name":"Golden Shrine","floor":8,"gold_loss":0}],"is_beta":false,"boss_relics":[],"items_purged_floors":[],"is_endless":false,"potions_floor_spawned":[5,7,11,14],"killed_by":"Hexaghost","ascension_level":0}