{"gold_per_floor":[119,119,149,149,173,207,222,222,246,281,296,12,39,52,52,182,182,196,196,196,196,121,162,162,196,196,217,217,250,275,357,357,477,477,500,514,529,543,91,91,112,112,112,130,130,130,130,463,463,463],"floor_reached":50,"playtime":8091,"items_purged":[],"score":663,"play_id":"745a4d24-1bd3-4b60-a456-40548815ec2b","local_time":"20190610033215","is_ascension_mode":true,"campfire_choices":[{"data":"Dualcast","floor":8.0,"key":"SMITH"},{"data":"Zap","floor":15.0,"key":"SMITH"},{"data":"Hologram","floor":24.0,"key":"SMITH"},{"data":"Redo","floor":28.0,"key":"SMITH"},{"floor":32.0,"key":"REST"},{"data":"Fission","floor":40.0,"key":"SMITH"},{"floor":42.0,"key":"REST"},{"data":"Magnetism","floor":45.0,"key":"SMITH"},{"floor":49.0,"key":"RECALL"}],"neow_cost":"NONE","seed_source_timestamp":0,"circlet_count":0,"master_deck":["Strike_B+1","Strike_B+1","Defend_B","Defend_B","Defend_B","Defend_B","Zap+1","Dualcast+1","Glacier","Cold Snap","FTL","Steam","Gash","Machine Learning","Hologram+1","Heatsinks","Sweeping Beam","Creative AI+1","Skim","Turbo","Stack+1","Redo+1","Chaos","Machine Learning","Capacitor+1","Fission+1","Redo+1","Go for the Eyes+1","Parasite","Chill+1","Double Energy+1","Magnetism+1","Self Repair","Gash+1","Turbo+1","Panache","Transmutation","Impatience"],"special_seed":0,"relics":["FrozenCore","NeowsBlessing","Tiny Chest","Ancient Tea Set","Juzu Bracelet","Ornamental Fan","Cables","Whetstone","Letter Opener","Lantern","Happy Flower","Thread and Needle","Anchor","Question Card","Nuclear Battery","Medical Kit"],"potions_floor_usage":[50],"damage_taken":[{"damage":0.0,"enemies":"Small Slimes","floor":1.0,"turns":1.0},{"damage":0.0,"enemies":"Jaw Worm","floor":5.0,"turns":1.0},{"damage":0.0,"enemies":"Gremlin Nob","floor":6.0,"turns":1.0},{"damage":0.0,"enemies":"Cultist","floor":7.0,"turns":3.0},{"damage":9.0,"enemies":"3 Sentries","floor":10.0,"turns":9.0},{"damage":6.0,"enemies":"Blue Slaver","floor":11.0,"turns":3.0},{"damage":0.0,"enemies":"Exordium Thugs","floor":14.0,"turns":4.0},{"damage":9.0,"enemies":"The Guardian","floor":16.0,"turns":12.0},{"damage":1.0,"enemies":"Spheric Guardian","floor":18.0,"turns":4.0},{"damage":18.0,"enemies":"Gremlin Leader","floor":23.0,"turns":10.0},{"damage":4.0,"enemies":"Book of Stabbing","floor":25.0,"turns":7.0},{"damage":0.0,"enemies":"3 Byrds","floor":27.0,"turns":5.0},{"damage":32.0,"enemies":"Slavers","floor":29.0,"turns":5.0},{"damage":0.0,"enemies":"Sentry and Sphere","floor":30.0,"turns":6.0},{"damage":1.0,"enemies":"Champ","floor":33.0,"turns":11.0},{"damage":6.0,"enemies":"Orb Walker","floor":35.0,"turns":5.0},{"damage":0.0,"enemies":"3 Shapes","floor":36.0,"turns":5.0},{"damage":6.0,"enemies":"Writhing Mass","floor":37.0,"turns":8.0},{"damage":17.0,"enemies":"3 Darklings","floor":38.0,"turns":5.0},{"damage":23.0,"enemies":"Jaw Worm Horde","floor":41.0,"turns":4.0},{"damage":22.0,"enemies":"4 Shapes","floor":44.0,"turns":5.0},{"damage":45,"enemies":"Time Eater","floor":50,"turns":7}],"seed_played":"7636047175342622366","potions_obtained":[{"floor":1.0,"key":"AttackPotion"},{"floor":5.0,"key":"FearPotion"},{"floor":7.0,"key":"FearPotion"},{"floor":10.0,"key":"Dexterity Potion"},{"floor":16.0,"key":"AttackPotion"},{"floor":25.0,"key":"FearPotion"},{"floor":27.0,"key":"Fruit Juice"},{"floor":30.0,"key":"Swift Potion"},{"floor":33.0,"key":"Block Potion"},{"floor":35.0,"key":"PowerPotion"}],"is_trial":false,"path_per_floor":["M","?","?","?","M","E","M","R","T","E","M","$","T","M","R","B",null,"M","T","?","?","?","E","R","E","T","M","R","E","M","T","R","B",null,"M","M","M","M","$","R","M","R","T","M","R","?","?","?","R","B"],"character_chosen":"DEFECT","items_purchased":["Cables","Heatsinks","Medical Kit","Magnetism","Self Repair"],"campfire_rested":2,"item_purchase_floors":[12,12,39,39,39],"current_hp_per_floor":[75,57,54,54,54,54,54,54,54,45,39,39,39,39,39,30,75,74,74,74,74,74,56,56,52,52,52,57,25,25,25,49,48,80,74,74,68,51,51,51,35,59,59,44,44,44,34,34,34,0],"gold":463,"neow_bonus":"THREE_ENEMY_KILL","is_prod":false,"is_daily":false,"chose_seed":false,"campfire_upgraded":6,"win_rate":0,"timestamp":1560162735,"path_taken":["M","?","?","?","?","E","M","R","T","E","M","?","?","M","R","BOSS","M","?","?","?","?","E","R","E","T","M","R","E","M","?","R","BOSS","M","M","M","M","$","R","M","R","T","M","R","?","?","?","R","BOSS"],"build_version":"2019-01-23","purchased_purges":0,"victory":false,"max_hp_per_floor":[75,75,75,75,75,75,75,75,75,75,75,75,75,75,75,75,75,75,75,75,75,75,75,75,75,75,75,80,80,80,80,80,80,80,80,80,80,80,80,80,80,80,80,80,80,80,80,80,80,80],"card_choices":[{"not_picked":["Gash","Chaos"],"picked":"Glacier","floor":1.0},{"not_picked":["Steam Power","Rebound"],"picked":"FTL","floor":5.0},{"not_picked":["Redo","Ball Lightning"],"picked":"Steam","floor":6.0},{"not_picked":["Melter","Double Energy"],"picked":"Gash","floor":7.0},{"not_picked":["Static Discharge","Go for the Eyes"],"picked":"Machine Learning","floor":10.0},{"not_picked":["Barrage","Hello World"],"picked":"Hologram","floor":11.0},{"not_picked":["Leap","Rip and Tear"],"picked":"Sweeping Beam","floor":14.0},{"not_picked":["Reboot","Buffer"],"picked":"Creative AI","floor":16.0},{"not_picked":["Hologram","Rip and Tear"],"picked":"Skim","floor":18.0},{"not_picked":["Ball Lightning+1","Hyperbeam"],"picked":"Stack+1","floor":23.0},{"not_picked":["Reinforced Body","Compile Driver"],"picked":"Redo","floor":25.0},{"not_picked":["Conserve Battery+1","Undo"],"picked":"Chaos","floor":27.0},{"not_picked":["Compile Driver","Steam+1"],"picked":"Machine Learning","floor":29.0},{"not_picked":["Redo","Barrage+1"],"picked":"Capacitor","floor":30.0},{"not_picked":["Amplify","Buffer","Multi-Cast"],"picked":"Fission","floor":33.0},{"not_picked":["Coolheaded+1","Sunder","Steam+1"],"picked":"Redo+1","floor":35.0},{"not_picked":["Sweeping Beam","Doom and Gloom","Skim"],"picked":"Go for the Eyes+1","floor":36.0},{"not_picked":["Go for the Eyes+1","Steam","Redo+1"],"picked":"Chill+1","floor":37.0},{"not_picked":["Genetic Algorithm","Static Discharge+1","Skim+1"],"picked":"Double Energy+1","floor":38.0},{"not_picked":["Sweeping Beam+1","Hologram","Compile Driver+1"],"picked":"Gash+1","floor":41.0},{"not_picked":["Cold Snap","Compile Driver+1","Rip and Tear+1"],"picked":"Turbo+1","floor":44.0},{"not_picked":["Discovery","Magnetism","Madness"],"picked":"Panache","floor":47.0},{"not_picked":["Dark Shackles","Enlightenment","PanicButton"],"picked":"Transmutation","floor":47.0},{"not_picked":["Bandage Up","Enlightenment","Finesse"],"picked":"Impatience","floor":47.0}],"player_experience":547621,"relics_obtained":[{"floor":6.0,"key":"Ancient Tea Set"},{"floor":9.0,"key":"Juzu Bracelet"},{"floor":10.0,"key":"Ornamental Fan"},{"floor":13.0,"key":"Whetstone"},{"floor":19.0,"key":"Letter Opener"},{"floor":23.0,"key":"Lantern"},{"floor":25.0,"key":"Happy Flower"},{"floor":26.0,"key":"Thread and Needle"},{"floor":29.0,"key":"Anchor"},{"floor":31.0,"key":"Question Card"}],"event_choices":[{"damage_healed":0.0,"max_hp_gain":0.0,"max_hp_loss":0.0,"gold_gain":0.0,"event_name":"Golden Idol","player_choice":"Take Damage","floor":2.0,"gold_loss":0.0,"damage_taken":18.0,"relics_obtained":["Golden Idol"]},{"damage_healed":0.0,"max_hp_gain":0.0,"max_hp_loss":0.0,"gold_gain":0.0,"event_name":"Scrap Ooze","player_choice":"Success","floor":3.0,"gold_loss":0.0,"damage_taken":3.0,"relics_obtained":["Tiny Chest"]},{"damage_healed":0.0,"max_hp_gain":0.0,"max_hp_loss":0.0,"gold_gain":0.0,"cards_transformed":["Strike_B"],"event_name":"Living Wall","player_choice":"Change","floor":4.0,"gold_loss":0.0,"damage_taken":0.0,"cards_obtained":["Cold Snap"]},{"damage_healed":0.0,"max_hp_gain":0.0,"max_hp_loss":0.0,"gold_gain":0.0,"event_name":"Accursed Blacksmith","player_choice":"Forge","floor":20.0,"gold_loss":0.0,"damage_taken":0.0,"cards_upgraded":["Creative AI"]},{"damage_healed":0.0,"max_hp_gain":0.0,"max_hp_loss":0.0,"gold_gain":0.0,"event_name":"The Library","player_choice":"Read","floor":21.0,"gold_loss":0.0,"damage_taken":0.0,"cards_obtained":["Turbo"]},{"cards_removed":["Strike_B"],"damage_healed":0.0,"max_hp_gain":0.0,"max_hp_loss":0.0,"gold_gain":0.0,"event_name":"Beggar","player_choice":"Gave Gold","floor":22.0,"gold_loss":75.0,"damage_taken":0.0},{"damage_healed":0.0,"max_hp_gain":0.0,"max_hp_loss":0.0,"gold_gain":0.0,"event_name":"Upgrade Shrine","player_choice":"Upgraded","floor":46.0,"gold_loss":0.0,"damage_taken":0.0,"cards_upgraded":["Capacitor"]},{"damage_healed":0.0,"max_hp_gain":0.0,"max_hp_loss":0.0,"gold_gain":0.0,"event_name":"SensoryStone","player_choice":"Memory 3","floor":47.0,"gold_loss":0.0,"damage_taken":10.0},{"damage_healed":0.0,"max_hp_gain":0.0,"max_hp_loss":0.0,"gold_gain":333.0,"event_name":"The Moai Head","player_choice":"Gave Idol","floor":48.0,"relics_lost":["Golden Idol"],"gold_loss":0.0,"damage_taken":0.0}],"is_beta":false,"boss_relics":[{"not_picked":["Lizard Tail","White Beast Statue"],"picked":"FrozenCore"},{"not_picked":["Empty Cage","Runic Dome"],"picked":"Nuclear Battery"}],"items_purged_floors":[],"is_endless":false,"potions_floor_spawned":[1,5,7,10,16,25,27,30,33,35,38],"killed_by":"Time Eater","ascension_level":3}