{"gold_per_floor":[118,135,150,29,47,47,76,91,121,108,108,108,137,155,155,258,258,273,286,286,286,286,286],"floor_reached":23,"playtime":1571,"items_purged":[],"score":284,"play_id":"9605f6f5-1996-4cea-ac39-167b8eedc172","local_time":"20190717024321","is_ascension_mode":true,"campfire_choices":[{"data":"Armaments","floor":6.0,"key":"SMITH"},{"data":"Barricade","floor":11.0,"key":"SMITH"},{"data":"Berserk","floor":15,"key":"SMITH"}],"neow_cost":"TEN_PERCENT_HP_LOSS","seed_source_timestamp":174054390494105,"circlet_count":0,"master_deck":["Strike_R","Defend_R","Defend_R","Defend_R+1","Defend_R","Bash","Offering","Juggernaut","Armaments+1","Iron Wave","Body Slam","Barricade+1","Thunderclap","Reaper","Shockwave","Headbutt","Shrug It Off","Finesse","Fiend Fire","Bash","Bloodletting","Berserk+1","Double Tap","Writhe","Doubt","Regret","Iron Wave","Intimidate","True Grit+1"],"special_seed":0,"relics":["Burning Blood","Calipers","Tiny Chest","Bag of Marbles","Calling Bell","Lantern","The Courier","Dead Branch","Shuriken","War Paint"],"potions_floor_usage":[16,16,23],"damage_taken":[{"damage":13.0,"enemies":"Jaw Worm","floor":1.0,"turns":3.0},{"damage":6.0,"enemies":"Cultist","floor":2.0,"turns":3.0},{"damage":0.0,"enemies":"2 Louse","floor":3.0,"turns":3.0},{"damage":14.0,"enemies":"Blue Slaver","floor":5.0,"turns":3.0},{"damage":31.0,"enemies":"3 Sentries","floor":7.0,"turns":7.0},{"damage":19.0,"enemies":"Red Slaver","floor":8.0,"turns":4.0},{"damage":21.0,"enemies":"Exordium Thugs","floor":10.0,"turns":4.0},{"damage":22.0,"enemies":"Gremlin Nob","floor":13.0,"turns":4.0},{"damage":8,"enemies":"2 Fungi Beasts","floor":14,"turns":4},{"damage":9,"enemies":"Slime Boss","floor":16,"turns":8},{"damage":24,"enemies":"Spheric Guardian","floor":18,"turns":4},{"damage":59,"enemies":"3 Byrds","floor":19,"turns":7},{"damage":36,"enemies":"Gremlin Leader","floor":23,"turns":3}],"seed_played":"-8497029967947747786","potions_obtained":[{"floor":5.0,"key":"Block Potion"},{"floor":7.0,"key":"FearPotion"},{"floor":10.0,"key":"BloodPotion"},{"floor":19,"key":"Dexterity Potion"}],"is_trial":false,"path_per_floor":["M","M","M","$","M","R","E","M","T","M","R","?","E","M","R","B",null,"M","M","T","?","T","E"],"character_chosen":"IRONCLAD","items_purchased":["Barricade","Thunderclap"],"campfire_rested":0,"item_purchase_floors":[4,4],"current_hp_per_floor":[65,65,71,71,63,63,52,39,39,36,36,36,27,35,35,56,68,56,15,15,15,15,0],"gold":286,"neow_bonus":"TRANSFORM_TWO_CARDS","is_prod":false,"is_daily":false,"chose_seed":false,"campfire_upgraded":3,"win_rate":0,"timestamp":1563345801,"path_taken":["M","M","M","$","M","R","E","M","T","M","R","?","E","M","R","BOSS","M","M","?","?","?","E"],"build_version":"2019-07-05","purchased_purges":0,"victory":false,"max_hp_per_floor":[72,72,72,72,72,72,72,72,72,72,72,72,72,72,72,72,72,72,72,72,72,72,72],"card_choices":[{"not_picked":["Flex","Perfected Strike"],"picked":"Armaments","floor":1.0},{"not_picked":["Power Through","Uppercut"],"picked":"Iron Wave","floor":2.0},{"not_picked":["Perfected Strike","Bloodletting"],"picked":"Body Slam","floor":3.0},{"not_picked":["Pommel Strike","Ghostly Armor"],"picked":"Reaper","floor":5.0},{"not_picked":["Clash","Heavy Blade"],"picked":"Shockwave","floor":7.0},{"not_picked":["Warcry","Armaments"],"picked":"Headbutt","floor":8.0},{"not_picked":["Sever Soul","Warcry"],"picked":"Shrug It Off","floor":10.0},{"not_picked":["Sword Boomerang","Perfected Strike"],"picked":"Bloodletting","floor":13.0},{"not_picked":["Perfected Strike","Pommel Strike"],"picked":"Berserk","floor":14},{"not_picked":["Brutality","Limit Break"],"picked":"Double Tap","floor":16},{"not_picked":["Wild Strike+1","Pommel Strike"],"picked":"Iron Wave","floor":18},{"not_picked":["Anger","Wild Strike","Perfected Strike"],"picked":"SKIP","floor":19}],"player_experience":985780,"relics_obtained":[{"floor":7.0,"key":"Calipers"},{"floor":9.0,"key":"Tiny Chest"},{"floor":13.0,"key":"Bag of Marbles"},{"floor":17,"key":"Lantern"},{"floor":17,"key":"The Courier"},{"floor":17,"key":"Dead Branch"},{"floor":20,"key":"Shuriken"},{"floor":22,"key":"War Paint"}],"event_choices":[{"damage_healed":0.0,"max_hp_gain":0.0,"max_hp_loss":0.0,"gold_gain":0.0,"event_name":"Match and Keep!","player_choice":"3 cards matched","floor":12.0,"gold_loss":0.0,"damage_taken":0.0,"cards_obtained":["Finesse","Fiend Fire","Bash"]},{"damage_healed":0,"gold_gain":0,"cards_transformed":["Strike_R","Strike_R"],"player_choice":"Became Test Subject","damage_taken":0,"max_hp_gain":0,"max_hp_loss":0,"event_name":"Drug Dealer","floor":21,"gold_loss":0,"cards_obtained":["Intimidate","True Grit"]}],"is_beta":false,"boss_relics":[{"not_picked":["Runic Dome","Astrolabe"],"picked":"Calling Bell"}],"items_purged_floors":[],"is_endless":false,"potions_floor_spawned":[5,7,10,19],"killed_by":"Gremlin Leader","ascension_level":8}