{"gold_per_floor":[114,64,64,79,79,79,94,132,132,132],"floor_reached":10,"playtime":834,"items_purged":[],"score":89,"play_id":"fcf55db4-f153-4055-99bb-13110d1480f7","local_time":"20190715181459","is_ascension_mode":true,"campfire_choices":[{"data":"Feed","floor":6.0,"key":"SMITH"}],"neow_cost":"CURSE","seed_source_timestamp":0,"circlet_count":0,"master_deck":["Strike_R","Strike_R","Strike_R","Strike_R","Strike_R","Defend_R","Defend_R","Defend_R","Defend_R","Bash","Feed+1","Pummel","Spot Weakness","Spot Weakness","Limit Break"],"special_seed":0,"relics":["Burning Blood","Golden Idol","Ornamental Fan","Bottled Lightning"],"potions_floor_usage":[10],"damage_taken":[{"damage":7.0,"enemies":"Small Slimes","floor":1.0,"turns":6.0},{"damage":10.0,"enemies":"2 Louse","floor":4.0,"turns":5.0},{"damage":12.0,"enemies":"Jaw Worm","floor":7.0,"turns":2.0},{"damage":28.0,"enemies":"Gremlin Nob","floor":8.0,"turns":4.0},{"damage":29,"enemies":"Lagavulin","floor":10,"turns":4}],"seed_played":"-4796314206332686327","potions_obtained":[{"floor":8.0,"key":"Strength Potion"}],"is_trial":false,"path_per_floor":["M","?","$","M","?","R","M","E","T","E"],"character_chosen":"IRONCLAD","items_purchased":[],"campfire_rested":0,"item_purchase_floors":[],"current_hp_per_floor":[74,74,74,73,52,52,50,28,28,0],"gold":132,"neow_bonus":"THREE_RARE_CARDS","is_prod":false,"is_daily":false,"chose_seed":false,"campfire_upgraded":1,"win_rate":0,"timestamp":1563228899,"path_taken":["M","?","$","M","?","R","M","E","T","E"],"build_version":"2019-07-05","purchased_purges":0,"victory":false,"max_hp_per_floor":[83,83,83,86,86,86,90,90,90,90],"card_choices":[{"not_picked":["Fiend Fire","Offering"],"picked":"Feed","floor":0.0},{"not_picked":["Pommel Strike","Body Slam"],"picked":"Pummel","floor":1.0},{"not_picked":["Cleave","Perfected Strike"],"picked":"Spot Weakness","floor":4.0},{"not_picked":["Headbutt","Wild Strike"],"picked":"Spot Weakness","floor":7.0},{"not_picked":["Offering","Sever Soul"],"picked":"Limit Break","floor":8.0}],"player_experience":939304,"relics_obtained":[{"floor":8.0,"key":"Ornamental Fan"},{"floor":9.0,"key":"Bottled Lightning"}],"event_choices":[{"cards_removed":["Shame"],"damage_healed":0.0,"max_hp_gain":0.0,"max_hp_loss":0.0,"gold_gain":0.0,"event_name":"The Cleric","player_choice":"Card Removal","floor":2.0,"gold_loss":50.0,"damage_taken":0.0},{"damage_healed":0.0,"max_hp_gain":0.0,"max_hp_loss":0.0,"gold_gain":0.0,"event_name":"Golden Idol","player_choice":"Take Damage","floor":5.0,"gold_loss":0.0,"damage_taken":21.0,"relics_obtained":["Golden Idol"]}],"is_beta":false,"boss_relics":[],"items_purged_floors":[],"is_endless":false,"potions_floor_spawned":[8],"killed_by":"Lagavulin","ascension_level":7}