{"gold_per_floor":[117,129,129,140,140,167,167,185,185,197,227,252,280,300,300,395,395,413,20,33,33,49,49,76,94,168,197,216,226,226,246,246,349,349,363,374,83,101,0,33,33,33,78,107,107],"floor_reached":45,"playtime":3364,"items_purged":["Shame"],"score":777,"play_id":"4cf9ae90-6d93-475f-8f96-b21f9009f6b6","local_time":"20190906121456","is_ascension_mode":true,"campfire_choices":[{"data":"Bash","floor":7.0,"key":"SMITH"},{"floor":15.0,"key":"REST"},{"data":"Enlightenment","floor":23.0,"key":"SMITH"},{"data":"Feel No Pain","floor":32,"key":"SMITH"},{"data":"Seeing Red","floor":41,"key":"SMITH"}],"neow_cost":"CURSE","seed_source_timestamp":112990594123078,"circlet_count":0,"master_deck":["Strike_R","Strike_R","Strike_R","Strike_R","Defend_R","Defend_R","Defend_R","Defend_R","Bash+1","Anger","Corruption","True Grit","Inflame","Battle Trance","Clothesline","Iron Wave+1","Cleave","Sword Boomerang","Combust","Reaper","Shrug It Off","Pummel","Flame Barrier","Bludgeon+1","Enlightenment+1","Seeing Red+1","Inflame+1","Impervious","Thunderclap+1","Headbutt+1","Feel No Pain+1","Seeing Red","Offering","Shrug It Off","Disarm","Evolve","Iron Wave","Warcry","Spot Weakness+1","Heavy Blade+1","Headbutt","Reaper"],"special_seed":0,"relics":["Black Blood","Incense Burner","Vajra","StoneCalendar","Sundial","Bag of Marbles","Odd Mushroom","Gremlin Horn","Eternal Feather","Self Forming Clay","Torii","Boot","Lantern","Red Mask","Whetstone","Smiling Mask","Ginger"],"potions_floor_usage":[33,33],"damage_taken":[{"damage":9.0,"enemies":"Small Slimes","floor":1.0,"turns":4.0},{"damage":2.0,"enemies":"Jaw Worm","floor":2.0,"turns":3.0},{"damage":1.0,"enemies":"2 Louse","floor":4.0,"turns":2.0},{"damage":9.0,"enemies":"Gremlin Nob","floor":6.0,"turns":4.0},{"damage":15.0,"enemies":"Gremlin Gang","floor":8.0,"turns":5.0},{"damage":12.0,"enemies":"Exordium Wildlife","floor":10.0,"turns":3.0},{"damage":16.0,"enemies":"Lagavulin","floor":11.0,"turns":5.0},{"damage":20.0,"enemies":"The Mushroom Lair","floor":12.0,"turns":4.0},{"damage":22.0,"enemies":"3 Sentries","floor":13.0,"turns":5.0},{"damage":0.0,"enemies":"2 Fungi Beasts","floor":14.0,"turns":2.0},{"damage":41.0,"enemies":"The Guardian","floor":16.0,"turns":7.0},{"damage":16.0,"enemies":"Shell Parasite","floor":18.0,"turns":4.0},{"damage":14.0,"enemies":"Spheric Guardian","floor":20.0,"turns":5.0},{"damage":36.0,"enemies":"Snecko","floor":22.0,"turns":5.0},{"damage":25.0,"enemies":"Gremlin Leader","floor":24.0,"turns":5.0},{"damage":3,"enemies":"Sentry and Sphere","floor":25,"turns":4},{"damage":32,"enemies":"Book of Stabbing","floor":27,"turns":6},{"damage":9,"enemies":"Cultist and Chosen","floor":28,"turns":5},{"damage":13,"enemies":"Snecko","floor":29,"turns":5},{"damage":10,"enemies":"Snake Plant","floor":31,"turns":4},{"damage":77,"enemies":"Champ","floor":33,"turns":9},{"damage":26,"enemies":"3 Darklings","floor":35,"turns":4},{"damage":3,"enemies":"3 Shapes","floor":36,"turns":3},{"damage":18,"enemies":"3 Darklings","floor":38,"turns":5},{"damage":30,"enemies":"Nemesis","floor":40,"turns":7},{"damage":67,"enemies":"Reptomancer","floor":44,"turns":7},{"damage":55,"enemies":"Transient","floor":45,"turns":5}],"seed_played":"-2372310533543284484","potions_obtained":[{"floor":2.0,"key":"Explosive Potion"},{"floor":4.0,"key":"SpeedPotion"},{"floor":6.0,"key":"Ancient Potion"},{"floor":12.0,"key":"FearPotion"},{"floor":16.0,"key":"Dexterity Potion"},{"floor":18.0,"key":"Energy Potion"},{"floor":24.0,"key":"Ancient Potion"},{"floor":25,"key":"Weak Potion"},{"floor":28,"key":"BloodPotion"},{"floor":29,"key":"EssenceOfSteel"},{"floor":33,"key":"Weak Potion"},{"floor":38,"key":"SkillPotion"},{"floor":40,"key":"Dexterity Potion"}],"is_trial":false,"path_per_floor":["M","M","?","M","?","E","R","M","T","M","E","?","E","M","R","B",null,"M","$","M","?","M","R","E","M","T","E","M","M","?","M","R","B",null,"M","M","$","M","?","E","R","?","T","E","M"],"character_chosen":"IRONCLAD","items_purchased":["Pummel","Flame Barrier","Bludgeon","Enlightenment","Evolve","Iron Wave","Warcry","Lantern"],"campfire_rested":1,"item_purchase_floors":[19,19,19,19,37,37,37,37],"current_hp_per_floor":[69,73,78,83,76,73,73,64,64,58,48,34,18,24,49,14,67,57,57,49,41,16,31,33,38,38,12,23,23,23,31,49,10,66,50,78,78,70,70,50,74,74,74,28,0],"gold":107,"neow_bonus":"ONE_RARE_RELIC","is_prod":false,"is_daily":false,"chose_seed":false,"campfire_upgraded":4,"win_rate":0,"timestamp":1567786496,"path_taken":["M","M","?","M","?","E","R","M","T","M","E","?","E","M","R","BOSS","M","$","M","?","M","R","E","M","T","E","M","?","?","M","R","BOSS","M","M","$","M","?","E","R","?","T","E","?"],"build_version":"2019-07-17","purchased_purges":1,"victory":false,"max_hp_per_floor":[80,80,85,85,85,85,85,85,85,85,85,85,85,85,85,85,85,85,85,85,85,85,85,85,85,85,85,85,85,85,85,85,85,85,85,85,85,85,85,85,85,85,85,85,85],"card_choices":[{"not_picked":["Pommel Strike","Body Slam"],"picked":"Anger","floor":1.0},{"not_picked":["Armaments","Seeing Red"],"picked":"Corruption","floor":2.0},{"not_picked":["Anger","Dual Wield"],"picked":"True Grit","floor":4.0},{"not_picked":["Reckless Charge","Thunderclap"],"picked":"Inflame","floor":6.0},{"not_picked":["Twin Strike","Second Wind"],"picked":"Battle Trance","floor":8.0},{"not_picked":["Second Wind","Flex"],"picked":"Clothesline","floor":10.0},{"not_picked":["Wild Strike","Headbutt"],"picked":"Iron Wave","floor":11.0},{"not_picked":["Twin Strike","Flex"],"picked":"Cleave","floor":12.0},{"not_picked":["Shockwave","Warcry"],"picked":"Sword Boomerang","floor":13.0},{"not_picked":["Body Slam","Second Wind"],"picked":"Combust","floor":14.0},{"not_picked":["Brutality","Bludgeon"],"picked":"Reaper","floor":16.0},{"not_picked":["Cleave+1","Havoc"],"picked":"Shrug It Off","floor":18.0},{"not_picked":["Fiend Fire","True Grit+1"],"picked":"Seeing Red","floor":20.0},{"not_picked":["Armaments","Corruption+1"],"picked":"Inflame+1","floor":22.0},{"not_picked":["Infernal Blade","Wild Strike"],"picked":"Impervious","floor":24.0},{"not_picked":["Flex","Perfected Strike"],"picked":"Thunderclap+1","floor":25},{"not_picked":["Wild Strike","Flex"],"picked":"Headbutt+1","floor":27},{"not_picked":["True Grit","Burning Pact+1"],"picked":"Feel No Pain","floor":28},{"not_picked":["Warcry","Flex"],"picked":"Seeing Red","floor":29},{"not_picked":["Headbutt","Fire Breathing","Anger"],"picked":"SKIP","floor":31},{"not_picked":["Berserk","Barricade"],"picked":"Offering","floor":33},{"not_picked":["Body Slam+1","True Grit"],"picked":"Shrug It Off","floor":35},{"not_picked":["Clothesline+1","Iron Wave+1"],"picked":"Disarm","floor":36},{"not_picked":["Heavy Blade","Body Slam"],"picked":"Spot Weakness+1","floor":38},{"not_picked":["Anger","Headbutt+1"],"picked":"Heavy Blade+1","floor":40},{"not_picked":["Flex+1","Shrug It Off"],"picked":"Reaper","floor":44}],"player_experience":1314055,"relics_obtained":[{"floor":6.0,"key":"StoneCalendar"},{"floor":9.0,"key":"Sundial"},{"floor":11.0,"key":"Bag of Marbles"},{"floor":12.0,"key":"Odd Mushroom"},{"floor":13.0,"key":"Gremlin Horn"},{"floor":24.0,"key":"Self Forming Clay"},{"floor":27,"key":"Torii"},{"floor":40,"key":"Whetstone"},{"floor":43,"key":"Smiling Mask"},{"floor":44,"key":"Ginger"}],"event_choices":[{"damage_healed":0.0,"max_hp_gain":5.0,"max_hp_loss":0.0,"gold_gain":0.0,"event_name":"Big Fish","player_choice":"Donut","floor":3.0,"gold_loss":0.0,"damage_taken":0.0},{"damage_healed":0.0,"max_hp_gain":0.0,"max_hp_loss":0.0,"gold_gain":0.0,"event_name":"Scrap Ooze","player_choice":"Success","floor":5.0,"gold_loss":0.0,"damage_taken":7.0,"relics_obtained":["Vajra"]},{"damage_healed":0.0,"max_hp_gain":0.0,"max_hp_loss":0.0,"gold_gain":0.0,"event_name":"Mushrooms","player_choice":"Fought Mushrooms","floor":12.0,"gold_loss":0.0,"damage_taken":0.0},{"damage_healed":0.0,"max_hp_gain":0.0,"max_hp_loss":0.0,"gold_gain":0.0,"event_name":"Wheel of Change","player_choice":"Damaged","floor":21.0,"gold_loss":0.0,"damage_taken":8.0},{"damage_healed":0,"gold_gain":0,"player_choice":"Opened","damage_taken":0,"relics_obtained":["Boot"],"max_hp_gain":0,"max_hp_loss":0,"event_name":"The Mausoleum","floor":30,"gold_loss":0},{"damage_healed":0,"gold_gain":0,"player_choice":"Paid","damage_taken":0,"relics_obtained":["Red Mask"],"max_hp_gain":0,"max_hp_loss":0,"event_name":"Tomb of Lord Red Mask","floor":39,"gold_loss":101},{"damage_healed":0,"gold_gain":0,"cards_transformed":["Strike_R"],"player_choice":"Transformed","damage_taken":0,"max_hp_gain":0,"max_hp_loss":0,"event_name":"Transmorgrifier","floor":42,"gold_loss":0,"cards_obtained":["Headbutt"]}],"is_beta":false,"boss_relics":[{"not_picked":["Tiny House","Fusion Hammer"],"picked":"Eternal Feather"},{"not_picked":["Pandora\u0027s Box","Astrolabe"],"picked":"Black Blood"}],"items_purged_floors":[19],"is_endless":false,"potions_floor_spawned":[2,4,6,8,12,16,18,24,25,28,29,33,38,40],"killed_by":"Transient","ascension_level":8}