{"gold_per_floor":[363,363,270,285,7,7,25,65,89,120,88,124,124,143,143,271,271,246,269,269,282,282],"floor_reached":22,"playtime":2099,"items_purged":[],"score":265,"play_id":"190116ca-05f8-4b61-abac-e2d8e5d9c63a","local_time":"20190707165445","is_ascension_mode":true,"campfire_choices":[{"data":"Neutralize","floor":6,"key":"SMITH"},{"floor":13,"key":"REST"},{"floor":15,"key":"REST"}],"neow_cost":"TEN_PERCENT_HP_LOSS","seed_source_timestamp":0,"circlet_count":0,"master_deck":["Strike_G","Strike_G","Strike_G","Strike_G","Strike_G","Defend_G","Defend_G","Defend_G","Defend_G","Defend_G","Survivor","Neutralize+1","Noxious Fumes","Footwork","Cloak And Dagger","Bouncing Flask","Acrobatics","Caltrops","Flying Knee","Prepared","Dodge and Roll","After Image","Calculated Gamble","Backflip","Tools of the Trade","Caltrops+1","Bane","Well Laid Plans","Heel Hook","Deflect","Prepared"],"relics":["Ring of the Snake","Golden Idol","Membership Card","Regal Pillow","Bottled Lightning","Prayer Wheel","Eternal Feather"],"potions_floor_usage":[8,10,12,16],"damage_taken":[{"damage":0,"enemies":"Small Slimes","floor":1,"turns":3},{"damage":0,"enemies":"Jaw Worm","floor":4,"turns":6},{"damage":0,"enemies":"Cultist","floor":7,"turns":4},{"damage":21,"enemies":"3 Sentries","floor":8,"turns":8},{"damage":5,"enemies":"Lagavulin","floor":10,"turns":8},{"damage":20,"enemies":"3 Sentries","floor":12,"turns":9},{"damage":15,"enemies":"Red Slaver","floor":14,"turns":5},{"damage":10,"enemies":"Slime Boss","floor":16,"turns":12},{"damage":44,"enemies":"2 Thieves","floor":18,"turns":5},{"damage":10,"enemies":"Shell Parasite","floor":19,"turns":7},{"damage":39,"enemies":"Snake Plant","floor":21,"turns":7},{"damage":25,"enemies":"Shelled Parasite and Fungi","floor":22,"turns":3}],"seed_played":"7418712941889636823","potions_obtained":[{"floor":4,"key":"Explosive Potion"},{"floor":8,"key":"SkillPotion"},{"floor":10,"key":"SkillPotion"},{"floor":12,"key":"Ancient Potion"},{"floor":14,"key":"Dexterity Potion"},{"floor":18,"key":"Explosive Potion"}],"is_trial":false,"path_per_floor":["M","?","$","M","$","R","M","E","T","E","?","E","R","M","R","B",null,"M","M","?","M","M"],"character_chosen":"THE_SILENT","items_purchased":["Footwork","Cloak And Dagger","Membership Card","Acrobatics","Caltrops","Flying Knee"],"campfire_rested":2,"item_purchase_floors":[3,3,5,5,5,5],"current_hp_per_floor":[63,48,48,48,48,48,48,27,27,22,22,2,35,20,53,43,58,14,4,63,24,0],"gold":282,"neow_bonus":"TWO_FIFTY_GOLD","is_prod":false,"is_daily":false,"chose_seed":true,"campfire_upgraded":1,"win_rate":0,"timestamp":1562532885,"path_taken":["M","?","$","M","$","R","M","E","T","E","?","E","R","M","R","BOSS","M","M","?","?","M"],"build_version":"2019-07-05","purchased_purges":0,"victory":false,"max_hp_per_floor":[63,63,63,63,63,63,63,63,63,63,63,63,63,63,63,63,63,63,63,63,63,63],"card_choices":[{"not_picked":["Sucker Punch","Deadly Poison"],"picked":"Noxious Fumes","floor":1},{"not_picked":["Finisher","Poisoned Stab"],"picked":"Bouncing Flask","floor":4},{"not_picked":["Poisoned Stab","Distraction"],"picked":"Prepared","floor":7},{"not_picked":["Dagger Throw","Underhanded Strike"],"picked":"Dodge and Roll","floor":8},{"not_picked":["Dagger Spray","Outmaneuver"],"picked":"After Image","floor":10},{"not_picked":["A Thousand Cuts","Finisher"],"picked":"Calculated Gamble","floor":12},{"not_picked":["Eviscerate","Distraction"],"picked":"Endless Agony","floor":14},{"not_picked":["Dodge and Roll","Catalyst"],"picked":"Backflip","floor":14},{"not_picked":["Night Terror","Doppelganger"],"picked":"Tools of the Trade","floor":16},{"not_picked":["Predator","Leg Sweep+1"],"picked":"Caltrops+1","floor":18},{"not_picked":["Endless Agony","Crippling Poison"],"picked":"Bane","floor":18},{"not_picked":["Dagger Throw","Blade Dance"],"picked":"Well Laid Plans","floor":19},{"not_picked":["Bouncing Flask","Masterful Stab"],"picked":"Heel Hook","floor":19},{"not_picked":["Flying Knee","Riddle With Holes+1"],"picked":"Deflect","floor":21},{"not_picked":["Dagger Spray","Quick Slash"],"picked":"Prepared","floor":21}],"player_experience":812787,"relics_obtained":[{"floor":8,"key":"Regal Pillow"},{"floor":10,"key":"Bottled Lightning"},{"floor":12,"key":"Prayer Wheel"}],"event_choices":[{"damage_healed":0,"gold_gain":0,"player_choice":"Take Damage","damage_taken":15,"relics_obtained":["Golden Idol"],"max_hp_gain":0,"max_hp_loss":0,"event_name":"Golden Idol","floor":2,"gold_loss":0},{"damage_healed":0,"gold_gain":0,"player_choice":"Left Gold","damage_taken":0,"max_hp_gain":0,"max_hp_loss":0,"event_name":"World of Goop","floor":11,"gold_loss":32},{"cards_removed":["Endless Agony"],"damage_healed":59,"gold_gain":0,"player_choice":"Offered Uncommon","damage_taken":0,"max_hp_gain":0,"max_hp_loss":0,"event_name":"Bonfire Elementals","floor":20,"gold_loss":0}],"is_beta":false,"boss_relics":[{"not_picked":["Ring of the Serpent","Fusion Hammer"],"picked":"Eternal Feather"}],"items_purged_floors":[],"is_endless":false,"potions_floor_spawned":[4,8,10,12,14,18],"killed_by":"Shelled Parasite and Fungi","ascension_level":6}