{"gold_per_floor":[119,129,129,140,158,158,170,205,205,205],"floor_reached":10,"playtime":671,"items_purged":[],"score":95,"play_id":"03c0566e-5cb7-4228-be79-e4e8a5381845","local_time":"20190707141800","is_ascension_mode":true,"campfire_choices":[{"data":"Bash","floor":6,"key":"SMITH"}],"neow_cost":"NONE","seed_source_timestamp":333972367893509,"circlet_count":0,"master_deck":["Strike_R","Strike_R","Strike_R","Strike_R","Strike_R","Defend_R","Defend_R","Defend_R","Defend_R","Bash+1","Exhume","Iron Wave","Hemokinesis","Decay","Power Through","Evolve","Inflame","Disarm"],"relics":["Burning Blood","Blood Vial"],"potions_floor_usage":[8,10,10],"damage_taken":[{"damage":0,"enemies":"Small Slimes","floor":1,"turns":3},{"damage":6,"enemies":"Cultist","floor":2,"turns":4},{"damage":9,"enemies":"Jaw Worm","floor":4,"turns":3},{"damage":11,"enemies":"3 Louse","floor":5,"turns":4},{"damage":24,"enemies":"Gremlin Gang","floor":7,"turns":6},{"damage":51,"enemies":"Lagavulin","floor":8,"turns":9},{"damage":15,"enemies":"3 Sentries","floor":10,"turns":2}],"seed_played":"4955650323281338041","potions_obtained":[{"floor":4,"key":"Weak Potion"},{"floor":5,"key":"SkillPotion"},{"floor":8,"key":"EssenceOfSteel"}],"is_trial":false,"path_per_floor":["M","M","?","M","M","R","M","E","T","E"],"character_chosen":"IRONCLAD","items_purchased":[],"campfire_rested":0,"item_purchase_floors":[],"current_hp_per_floor":[78,78,78,75,70,70,52,7,7,0],"gold":205,"neow_bonus":"ONE_RANDOM_RARE_CARD","is_prod":false,"is_daily":false,"chose_seed":false,"campfire_upgraded":1,"win_rate":0,"timestamp":1562523480,"path_taken":["M","M","?","?","M","R","M","E","T","E"],"build_version":"2019-07-05","purchased_purges":0,"victory":false,"max_hp_per_floor":[80,80,80,80,80,80,80,80,80,80],"card_choices":[{"not_picked":["Heavy Blade","Warcry"],"picked":"Iron Wave","floor":1},{"not_picked":["Wild Strike","Perfected Strike"],"picked":"Hemokinesis","floor":2},{"not_picked":["Clothesline","Twin Strike"],"picked":"Power Through","floor":4},{"not_picked":["Sever Soul","Clash"],"picked":"Evolve","floor":5},{"not_picked":["Carnage","Shrug It Off"],"picked":"Inflame","floor":7},{"not_picked":["Dropkick","Havoc"],"picked":"Disarm","floor":8}],"player_experience":807438,"relics_obtained":[{"floor":8,"key":"Blood Vial"}],"event_choices":[{"damage_healed":0,"gold_gain":0,"player_choice":"Cursed","damage_taken":0,"max_hp_gain":0,"max_hp_loss":0,"event_name":"Wheel of Change","floor":3,"gold_loss":0,"cards_obtained":["Decay"]}],"is_beta":false,"boss_relics":[],"items_purged_floors":[],"is_endless":false,"potions_floor_spawned":[4,5,8],"killed_by":"3 Sentries","ascension_level":7}