{"gold_per_floor":[119,69,69,69,144,179,192,192,192,192,22,41,41,55,55,160,160,172,198,198,208,220,252,252,276,276,290,14,46,46,65,65,170,170,183,183,6,19,34,34,50,102,127,154,166,186,202,216,216,216],"floor_reached":51,"playtime":5647,"items_purged":[],"score":764,"play_id":"5640bdff-933f-4022-bf48-1bce3f15b35b","local_time":"20190528062229","is_ascension_mode":false,"campfire_choices":[{"data":"Combust","floor":8.0,"key":"SMITH"},{"data":"Strike_R","floor":13.0,"key":"PURGE"},{"data":"Strike_R","floor":15.0,"key":"PURGE"},{"data":"Mayhem","floor":32.0,"key":"SMITH"},{"data":"Feed","floor":40.0,"key":"SMITH"},{"data":"Juggernaut","floor":49,"key":"SMITH"}],"neow_cost":"CURSE","seed_source_timestamp":0,"circlet_count":0,"master_deck":["Strike_R","Strike_R","Strike_R","Defend_R","Defend_R","Defend_R","Defend_R","Bash","Disarm","Combust+1","Rampage","Intimidate+1","Bandage Up+1","Infernal Blade+1","Infernal Blade+1","Double Tap+1","Rupture+1","Hemokinesis","Rampage+1","Iron Wave","Inflame","Shrug It Off+1","Mayhem+1","Rage+1","Iron Wave","Feed+1","J.A.X.+1","Disarm+1","Limit Break+1","Cleave","Transmutation+1","Second Wind+1","Whirlwind","Anger","Juggernaut+1","Spot Weakness+1","Flex+1","Dual Wield+1","Battle Trance+1"],"special_seed":0,"relics":["Black Blood","Torii","Lantern","Bag of Preparation","Peace Pipe","Toxic Egg 2","Eternal Feather","Red Mask","FaceOfCleric","Matryoshka","Dream Catcher","Red Skull","Pen Nib","Orichalcum","Omamori","Anchor","Calipers","Bronze Scales","Centennial Puzzle"],"potions_floor_usage":[42,45,46,50],"damage_taken":[{"damage":9.0,"enemies":"2 Louse","floor":1.0,"turns":3.0},{"damage":52.0,"enemies":"Gremlin Nob","floor":6.0,"turns":5.0},{"damage":0.0,"enemies":"Small Slimes","floor":7.0,"turns":3.0},{"damage":1.0,"enemies":"Jaw Worm","floor":12.0,"turns":3.0},{"damage":1.0,"enemies":"Red Slaver","floor":14.0,"turns":4.0},{"damage":11.0,"enemies":"Slime Boss","floor":16.0,"turns":5.0},{"damage":20.0,"enemies":"3 Byrds","floor":18.0,"turns":4.0},{"damage":21.0,"enemies":"Masked Bandits","floor":19.0,"turns":4.0},{"damage":2.0,"enemies":"Shell Parasite","floor":21.0,"turns":2.0},{"damage":10.0,"enemies":"Cultist and Chosen","floor":22.0,"turns":5.0},{"damage":13.0,"enemies":"Gremlin Leader","floor":23.0,"turns":4.0},{"damage":3.0,"enemies":"Snake Plant","floor":27.0,"turns":2.0},{"damage":16.0,"enemies":"Book of Stabbing","floor":29.0,"turns":6.0},{"damage":14.0,"enemies":"Centurion and Healer","floor":31.0,"turns":5.0},{"damage":30.0,"enemies":"Champ","floor":33.0,"turns":7.0},{"damage":7.0,"enemies":"Orb Walker","floor":35.0,"turns":3.0},{"damage":31.0,"enemies":"3 Darklings","floor":38.0,"turns":6.0},{"damage":43.0,"enemies":"Spire Growth","floor":39.0,"turns":5.0},{"damage":9.0,"enemies":"Writhing Mass","floor":41.0,"turns":4.0},{"damage":48,"enemies":"2 Orb Walkers","floor":42,"turns":4},{"damage":23,"enemies":"Jaw Worm Horde","floor":45,"turns":4},{"damage":15,"enemies":"Spire Growth","floor":46,"turns":4},{"damage":0,"enemies":"Transient","floor":47,"turns":5},{"damage":1,"enemies":"Sphere and 2 Shapes","floor":48,"turns":2},{"damage":75,"enemies":"Time Eater","floor":50,"turns":8}],"seed_played":"8949641550784942613","potions_obtained":[{"floor":6.0,"key":"AttackPotion"},{"floor":12.0,"key":"Ancient Potion"},{"floor":16.0,"key":"Poison Potion"},{"floor":18.0,"key":"PowerPotion"},{"floor":19.0,"key":"SpeedPotion"},{"floor":23.0,"key":"FearPotion"},{"floor":31.0,"key":"FearPotion"},{"floor":33.0,"key":"BloodPotion"},{"floor":39.0,"key":"Strength Potion"},{"floor":42,"key":"Weak Potion"},{"floor":45,"key":"Regen Potion"},{"floor":47,"key":"Weak Potion"}],"is_trial":false,"path_per_floor":["M","?","?","?","?","E","M","R","T","?","$","M","R","M","R","B",null,"M","?","?","M","M","E","?","T","T","M","$","E","?","M","R","B",null,"M","?","$","M","M","R","M","?","T","T","M","M","M","M","R","B",null],"character_chosen":"IRONCLAD","items_purchased":["Intimidate+1","Bandage Up+1","Mayhem","Rage+1","Iron Wave","Transmutation+1"],"campfire_rested":0,"item_purchase_floors":[11,11,28,28,28,37],"current_hp_per_floor":[77,77,77,77,66,20,26,26,26,19,19,30,30,41,41,42,80,72,63,63,68,71,71,55,55,55,65,65,62,62,64,79,62,95,96,96,96,82,56,74,82,51,51,51,45,59,76,86,104,46],"gold":216,"neow_bonus":"ONE_RARE_RELIC","is_prod":false,"is_daily":false,"chose_seed":false,"campfire_upgraded":4,"win_rate":0.0,"timestamp":1559049749,"path_taken":["M","?","?","?","?","E","M","R","T","?","$","M","R","M","R","BOSS","M","?","?","M","?","E","?","?","T","M","$","E","?","M","R","BOSS","M","?","?","M","M","R","M","?","T","?","M","M","M","M","R","BOSS"],"build_version":"2019-01-23","purchased_purges":0,"victory":true,"max_hp_per_floor":[80,80,80,80,80,80,80,80,80,80,80,80,80,80,80,80,80,80,80,80,81,82,83,88,88,88,89,89,90,90,94,94,95,95,96,96,96,97,98,98,99,100,100,100,101,102,103,104,104,105],"card_choices":[{"not_picked":["Uppercut","True Grit"],"picked":"Disarm","floor":1.0},{"not_picked":["True Grit","Blood for Blood"],"picked":"Combust","floor":6.0},{"not_picked":["Cleave","Twin Strike"],"picked":"Rampage","floor":7.0},{"not_picked":["Dropkick","Body Slam"],"picked":"Infernal Blade+1","floor":12.0},{"not_picked":["Wild Strike","Iron Wave"],"picked":"Infernal Blade+1","floor":14.0},{"not_picked":["Immolate","Berserk"],"picked":"Double Tap+1","floor":16.0},{"not_picked":["Pummel","Shockwave+1"],"picked":"Rupture+1","floor":18.0},{"not_picked":["Reckless Charge","Iron Wave"],"picked":"Hemokinesis","floor":19.0},{"not_picked":["Twin Strike","Burning Pact+1"],"picked":"Rampage+1","floor":21.0},{"not_picked":["Shockwave+1","Sword Boomerang"],"picked":"Iron Wave","floor":22.0},{"not_picked":["Shrug It Off+1","Disarm+1"],"picked":"Inflame","floor":23.0},{"not_picked":["Hemokinesis","Perfected Strike"],"picked":"Shrug It Off+1","floor":27.0},{"not_picked":["Body Slam","Dropkick"],"picked":"Feed","floor":29.0},{"not_picked":["Wild Strike","Twin Strike"],"picked":"Disarm+1","floor":31.0},{"not_picked":["Double Tap+1","Impervious+1"],"picked":"Limit Break+1","floor":33.0},{"not_picked":["Entrench+1","Intimidate+1"],"picked":"Cleave","floor":35.0},{"not_picked":["Uppercut+1","True Grit+1"],"picked":"Second Wind+1","floor":38.0},{"not_picked":["True Grit+1","Ghostly Armor+1"],"picked":"Whirlwind","floor":39.0},{"not_picked":["Wild Strike","Whirlwind"],"picked":"Anger","floor":41.0},{"not_picked":["Clash","Rupture"],"picked":"Juggernaut","floor":42},{"not_picked":["Hemokinesis","Iron Wave"],"picked":"Spot Weakness+1","floor":45},{"not_picked":["True Grit+1","Iron Wave+1"],"picked":"Flex+1","floor":46},{"not_picked":["Pummel","Whirlwind"],"picked":"Dual Wield+1","floor":47},{"not_picked":["Twin Strike+1","Heavy Blade"],"picked":"Battle Trance+1","floor":48}],"player_experience":220610,"relics_obtained":[{"floor":6.0,"key":"Bag of Preparation"},{"floor":9.0,"key":"Peace Pipe"},{"floor":19.0,"key":"Red Mask"},{"floor":23.0,"key":"Matryoshka"},{"floor":25.0,"key":"Dream Catcher"},{"floor":25.0,"key":"Red Skull"},{"floor":26.0,"key":"Pen Nib"},{"floor":26.0,"key":"Orichalcum"},{"floor":29.0,"key":"Omamori"},{"floor":42,"key":"Calipers"},{"floor":43,"key":"Bronze Scales"},{"floor":44,"key":"Centennial Puzzle"}],"event_choices":[{"cards_removed":["Decay"],"damage_healed":0.0,"max_hp_gain":0.0,"max_hp_loss":0.0,"gold_gain":0.0,"event_name":"The Cleric","player_choice":"Card Removal","floor":2.0,"gold_loss":50.0,"damage_taken":0.0},{"damage_healed":0.0,"max_hp_gain":0.0,"max_hp_loss":0.0,"gold_gain":0.0,"event_name":"Big Fish","player_choice":"Box","floor":3.0,"gold_loss":0.0,"damage_taken":0.0,"relics_obtained":["Lantern"],"cards_obtained":["Regret"]},{"cards_removed":["Regret"],"damage_healed":0.0,"max_hp_gain":0.0,"max_hp_loss":0.0,"gold_gain":0.0,"event_name":"Living Wall","player_choice":"Forget","floor":4.0,"gold_loss":0.0,"damage_taken":0.0},{"damage_healed":0.0,"max_hp_gain":0.0,"max_hp_loss":0.0,"gold_gain":75.0,"event_name":"World of Goop","player_choice":"Gather Gold","floor":5.0,"gold_loss":0.0,"damage_taken":11.0},{"damage_healed":0.0,"max_hp_gain":0.0,"max_hp_loss":0.0,"gold_gain":0.0,"event_name":"Scrap Ooze","player_choice":"Success","floor":10.0,"gold_loss":0.0,"damage_taken":7.0,"relics_obtained":["Toxic Egg 2"]},{"damage_healed":0.0,"max_hp_gain":0.0,"max_hp_loss":0.0,"gold_gain":0.0,"event_name":"Masked Bandits","player_choice":"Fought Bandits","floor":19.0,"gold_loss":0.0,"damage_taken":0.0},{"damage_healed":0.0,"max_hp_gain":0.0,"max_hp_loss":0.0,"gold_gain":0.0,"event_name":"FaceTrader","player_choice":"Trade","floor":20.0,"gold_loss":0.0,"damage_taken":0.0,"relics_obtained":["FaceOfCleric"]},{"damage_healed":0.0,"max_hp_gain":5.0,"max_hp_loss":0.0,"gold_gain":0.0,"event_name":"Forgotten Altar","player_choice":"Shed Blood","floor":24.0,"gold_loss":0.0,"damage_taken":21.0},{"damage_healed":0.0,"max_hp_gain":0.0,"max_hp_loss":0.0,"gold_gain":0.0,"event_name":"Drug Dealer","player_choice":"Obtain J.A.X.","floor":30.0,"gold_loss":0.0,"damage_taken":0.0,"cards_obtained":["J.A.X."]},{"damage_healed":0.0,"max_hp_gain":0.0,"max_hp_loss":0.0,"gold_gain":0.0,"event_name":"WeMeetAgain","player_choice":"Gave Potion","floor":36.0,"gold_loss":0.0,"damage_taken":0.0,"relics_obtained":["Anchor"]},{"damage_healed":0,"gold_gain":0,"player_choice":"Fight","damage_taken":0,"max_hp_gain":0,"max_hp_loss":0,"event_name":"Mysterious Sphere","floor":42,"gold_loss":0}],"is_beta":false,"boss_relics":[{"not_picked":["White Beast Statue","Snecko Eye"],"picked":"Eternal Feather"},{"not_picked":["Tiny House","Busted Crown"],"picked":"Black Blood"}],"items_purged_floors":[],"is_endless":false,"potions_floor_spawned":[6,12,16,18,19,23,31,33,39,42,45,47],"ascension_level":0}