{"gold_per_floor":[110,135,152,102,116,116,150,150,150,73,73,87,87,100,100,100],"floor_reached":16,"playtime":1124,"items_purged":[],"score":140,"play_id":"d522cfe0-e985-42ee-b932-920dcaa4ee06","local_time":"20190720123130","is_ascension_mode":true,"campfire_choices":[{"data":"Genetic Algorithm","floor":6,"key":"SMITH"},{"floor":11,"key":"REST"},{"data":"Self Repair","floor":13,"key":"SMITH"},{"data":"Coolheaded","floor":15,"key":"SMITH"}],"neow_cost":"NONE","seed_source_timestamp":483122749613377,"circlet_count":0,"master_deck":["Strike_B","Strike_B","Strike_B","Defend_B+1","Defend_B","Defend_B","Defend_B","Zap","Dualcast+1","Genetic Algorithm+1","Turbo","Coolheaded+1","Self Repair+1","Beam Cell","Turbo","Melter","Biased Cognition"],"relics":["Cracked Core","Bag of Marbles","Kunai","Pen Nib"],"potions_floor_usage":[7,16,16],"damage_taken":[{"damage":1,"enemies":"Cultist","floor":1,"turns":3},{"damage":0,"enemies":"Small Slimes","floor":3,"turns":3},{"damage":7,"enemies":"Jaw Worm","floor":5,"turns":2},{"damage":48,"enemies":"3 Sentries","floor":7,"turns":11},{"damage":2,"enemies":"2 Fungi Beasts","floor":12,"turns":4},{"damage":17,"enemies":"Exordium Thugs","floor":14,"turns":4},{"damage":44,"enemies":"The Guardian","floor":16,"turns":9}],"seed_played":"8842475331952330553","potions_obtained":[{"floor":3,"key":"Weak Potion"},{"floor":5,"key":"EssenceOfSteel"},{"floor":14,"key":"Regen Potion"}],"is_trial":false,"path_per_floor":["M","T","M","?","M","R","E","?","T","$","R","M","R","M","R","B"],"character_chosen":"DEFECT","items_purchased":["Beam Cell","Turbo"],"campfire_rested":1,"item_purchase_floors":[10,10],"current_hp_per_floor":[74,74,74,74,67,67,19,3,3,3,27,32,32,25,25,0],"gold":100,"neow_bonus":"TEN_PERCENT_HP_BONUS","is_prod":false,"is_daily":false,"chose_seed":false,"campfire_upgraded":3,"win_rate":0,"timestamp":1563640290,"path_taken":["M","?","M","?","M","R","E","?","T","?","R","M","R","M","R","BOSS"],"build_version":"2019-07-17","purchased_purges":0,"victory":false,"max_hp_per_floor":[82,82,82,82,82,82,82,82,82,82,82,82,82,82,82,82],"card_choices":[{"not_picked":["Conserve Battery","Auto Shields"],"picked":"Genetic Algorithm","floor":1},{"not_picked":["Storm","Aggregate"],"picked":"Turbo","floor":3},{"not_picked":["Conserve Battery","Beam Cell"],"picked":"Coolheaded","floor":5},{"not_picked":["Melter","Stack"],"picked":"Self Repair","floor":7},{"not_picked":["Stack","Redo"],"picked":"Melter","floor":12},{"not_picked":["Recycle","Loop"],"picked":"Biased Cognition","floor":14}],"player_experience":1004447,"relics_obtained":[{"floor":2,"key":"Bag of Marbles"},{"floor":7,"key":"Kunai"},{"floor":9,"key":"Pen Nib"}],"event_choices":[{"cards_removed":["Strike_B"],"damage_healed":0,"gold_gain":0,"player_choice":"Card Removal","damage_taken":0,"max_hp_gain":0,"max_hp_loss":0,"event_name":"The Cleric","floor":4,"gold_loss":50},{"damage_healed":0,"gold_gain":0,"player_choice":"Entered Light","damage_taken":16,"max_hp_gain":0,"max_hp_loss":0,"event_name":"Shining Light","floor":8,"gold_loss":0,"cards_upgraded":["Defend_B","Dualcast"]}],"is_beta":false,"boss_relics":[],"items_purged_floors":[],"is_endless":false,"potions_floor_spawned":[3,5,14],"killed_by":"The Guardian","ascension_level":8}