{"gold_per_floor":[109,284,284,234,253,283,283,297,297,297],"floor_reached":10,"playtime":369,"items_purged":[],"score":127,"play_id":"5c955707-e634-4e07-9c85-f413f2b592b1","local_time":"20190717144121","is_ascension_mode":true,"campfire_choices":[{"data":"Creative AI","floor":7,"key":"SMITH"}],"neow_cost":"NONE","seed_source_timestamp":232469703998277,"circlet_count":0,"master_deck":["Strike_B","Strike_B","Strike_B","Strike_B","Defend_B","Defend_B+1","Defend_B","Defend_B+1","Zap","Dualcast","Conserve Battery","Coolheaded","Creative AI+1","Steam"],"relics":["Cracked Core","NeowsBlessing","Question Card","War Paint","Pear"],"potions_floor_usage":[10],"damage_taken":[{"damage":0,"enemies":"2 Louse","floor":1,"turns":1},{"damage":0,"enemies":"Jaw Worm","floor":5,"turns":1},{"damage":0,"enemies":"Lagavulin","floor":6,"turns":1},{"damage":6,"enemies":"Cultist","floor":8,"turns":6},{"damage":115,"enemies":"Gremlin Nob","floor":10,"turns":6}],"seed_played":"7364343537689640375","potions_obtained":[{"floor":1,"key":"GamblersBrew"}],"is_trial":false,"path_per_floor":["M","?","T","?","M","E","R","M","T","E"],"character_chosen":"DEFECT","items_purchased":[],"campfire_rested":0,"item_purchase_floors":[],"current_hp_per_floor":[68,68,68,68,68,68,68,62,72,0],"gold":297,"neow_bonus":"THREE_ENEMY_KILL","is_prod":false,"is_daily":false,"chose_seed":false,"campfire_upgraded":1,"win_rate":0,"timestamp":1563388881,"path_taken":["M","?","?","?","M","E","R","M","T","E"],"build_version":"2019-07-05","purchased_purges":0,"victory":false,"max_hp_per_floor":[75,75,75,75,75,75,75,75,85,85],"card_choices":[{"not_picked":["Loop","Sweeping Beam"],"picked":"Conserve Battery","floor":1},{"not_picked":["Barrage","Rebound","Cold Snap"],"picked":"Coolheaded","floor":5},{"not_picked":["Streamline","Sweeping Beam","Leap"],"picked":"Creative AI","floor":6},{"not_picked":["Blizzard","Sweeping Beam","Rebound"],"picked":"Steam","floor":8}],"player_experience":988839,"relics_obtained":[{"floor":3,"key":"Question Card"},{"floor":6,"key":"War Paint"},{"floor":9,"key":"Pear"}],"event_choices":[{"damage_healed":0,"gold_gain":175,"player_choice":"AGREE","damage_taken":0,"max_hp_gain":0,"max_hp_loss":0,"event_name":"Liars Game","floor":2,"gold_loss":0,"cards_obtained":["Doubt"]},{"cards_removed":["Doubt"],"damage_healed":0,"gold_gain":0,"player_choice":"Card Removal","damage_taken":0,"max_hp_gain":0,"max_hp_loss":0,"event_name":"The Cleric","floor":4,"gold_loss":50}],"is_beta":false,"boss_relics":[],"items_purged_floors":[],"is_endless":false,"potions_floor_spawned":[1],"killed_by":"Gremlin Nob","ascension_level":8}