{"gold_per_floor":[111,36,36,49,65,96,96,115,115,115,115,132,146,46,46,149,149,169,94,71,83,101,101,101],"floor_reached":24,"playtime":1959,"items_purged":["Defend_B","Strike_B"],"score":198,"play_id":"1304a01f-a8d3-4c25-bced-f829a4331653","local_time":"20191021214447","is_ascension_mode":false,"campfire_choices":[{"data":"Machine Learning","floor":7.0,"key":"SMITH"},{"floor":11.0,"key":"REST"},{"data":"Hologram","floor":15.0,"key":"SMITH"},{"data":"Dualcast","floor":23,"key":"SMITH"}],"neow_cost":"TEN_PERCENT_HP_LOSS","seed_source_timestamp":0,"circlet_count":0,"master_deck":["Strike_B","Strike_B","Defend_B","Defend_B","Defend_B","Zap+1","Dualcast+1","Machine Learning+1","Beam Cell","Steam Power","Reboot","Hologram+1","Go for the Eyes","Streamline","Reprogram+1"],"special_seed":0,"relics":["Cracked Core","Ornamental Fan","Du-Vu Doll","Runic Pyramid"],"potions_floor_usage":[],"damage_taken":[{"damage":1.0,"enemies":"Cultist","floor":1.0,"turns":3.0},{"damage":1.0,"enemies":"Jaw Worm","floor":4.0,"turns":3.0},{"damage":0.0,"enemies":"2 Louse","floor":5.0,"turns":2.0},{"damage":20.0,"enemies":"Gremlin Nob","floor":6.0,"turns":4.0},{"damage":3.0,"enemies":"Blue Slaver","floor":8.0,"turns":4.0},{"damage":0.0,"enemies":"Looter","floor":12.0,"turns":3.0},{"damage":0.0,"enemies":"2 Fungi Beasts","floor":13.0,"turns":2.0},{"damage":44.0,"enemies":"The Guardian","floor":16.0,"turns":13.0},{"damage":6,"enemies":"Chosen","floor":18,"turns":4},{"damage":7,"enemies":"3 Byrds","floor":21,"turns":4},{"damage":29,"enemies":"Shelled Parasite and Fungi","floor":22,"turns":6},{"damage":26,"enemies":"Gremlin Leader","floor":24,"turns":1}],"seed_played":"1783091552080612296","potions_obtained":[{"floor":5.0,"key":"FearPotion"},{"floor":8.0,"key":"Energy Potion"},{"floor":12.0,"key":"FearPotion"},{"floor":22,"key":"PowerPotion"}],"is_trial":false,"path_per_floor":["M","$","?","M","M","E","R","M","T","?","R","M","M","$","R","B",null,"M","?","$","M","M","R","E"],"character_chosen":"DEFECT","items_purchased":["Go for the Eyes"],"campfire_rested":1,"item_purchase_floors":[20],"current_hp_per_floor":[67,67,67,66,66,46,46,43,43,25,45,45,45,45,45,1,68,62,62,62,55,26,26,0],"gold":101,"neow_bonus":"THREE_RARE_CARDS","is_prod":false,"is_daily":false,"chose_seed":false,"campfire_upgraded":3,"win_rate":0.0,"timestamp":1571708687,"path_taken":["M","$","?","?","M","E","R","M","T","?","R","M","M","$","R","BOSS","M","?","$","M","M","R","E"],"build_version":"2019-07-17","purchased_purges":2,"victory":false,"max_hp_per_floor":[68,68,68,68,68,68,68,68,68,68,68,68,68,68,68,68,68,68,68,68,68,68,68,68],"card_choices":[{"not_picked":["Meteor Strike","Multi-Cast"],"picked":"Machine Learning","floor":0.0},{"not_picked":["Steam","Gash"],"picked":"Beam Cell","floor":1.0},{"not_picked":["Reinforced Body","Hello World"],"picked":"Steam Power","floor":4.0},{"not_picked":["Aggregate","Loop","Auto Shields"],"picked":"SKIP","floor":5.0},{"not_picked":["Conserve Battery","Reprogram"],"picked":"Reboot","floor":6.0},{"not_picked":["Consume","Barrage","Sweeping Beam"],"picked":"SKIP","floor":8.0},{"not_picked":["Fusion","Leap"],"picked":"Hologram","floor":12.0},{"not_picked":["Rip and Tear","Redo","Cold Snap"],"picked":"SKIP","floor":13.0},{"not_picked":["Leap","Rebound","Redo+1"],"picked":"SKIP","floor":18},{"not_picked":["Leap","Rebound"],"picked":"Streamline","floor":21},{"not_picked":["Rip and Tear","Coolheaded+1"],"picked":"Reprogram+1","floor":22}],"player_experience":52103,"relics_obtained":[{"floor":6.0,"key":"Ornamental Fan"},{"floor":9.0,"key":"Du-Vu Doll"}],"event_choices":[{"damage_healed":0.0,"max_hp_gain":0.0,"max_hp_loss":0.0,"gold_gain":0.0,"event_name":"Upgrade Shrine","player_choice":"Upgraded","floor":3.0,"gold_loss":0.0,"damage_taken":0.0,"cards_upgraded":["Zap"]},{"damage_healed":0.0,"max_hp_gain":0.0,"max_hp_loss":0.0,"gold_gain":0.0,"event_name":"Scrap Ooze","player_choice":"Fled","floor":10.0,"gold_loss":0.0,"damage_taken":18.0},{"cards_removed":["Strike_B"],"damage_healed":0,"gold_gain":0,"player_choice":"Gave Gold","damage_taken":0,"max_hp_gain":0,"max_hp_loss":0,"event_name":"Beggar","floor":19,"gold_loss":75}],"is_beta":false,"boss_relics":[{"not_picked":["Runic Dome","Nuclear Battery"],"picked":"Runic Pyramid"}],"items_purged_floors":[2,14],"is_endless":false,"potions_floor_spawned":[5,8,12,22],"killed_by":"Gremlin Leader","ascension_level":0}