{"gold_per_floor":[166,166,441,455,455,455,483,483,483,498,524,537,111,138,138,234,234,224,17,31,41,14,14,34,34,34,45,45],"floor_reached":28,"playtime":4108,"items_purged":[],"score":264,"play_id":"b390d90c-e54e-440e-bba4-8b5ee71f3280","local_time":"20190531165625","is_ascension_mode":true,"campfire_choices":[{"data":"Caltrops","floor":6.0,"key":"SMITH"},{"data":"Neutralize","floor":8.0,"key":"SMITH"},{"floor":15.0,"key":"REST"},{"floor":23,"key":"REST"},{"floor":25,"key":"REST"}],"neow_cost":"NONE","seed_source_timestamp":0,"circlet_count":0,"master_deck":["Defend_G","Defend_G","Defend_G","Defend_G+1","Defend_G+1","Strike_G","Strike_G","Strike_G+1","Strike_G","Strike_G","Survivor","Neutralize+1","Dagger Spray","Caltrops+1","Deadly Poison","Poisoned Stab","Reflex","Cloak And Dagger","Malaise","Tactician","Poisoned Stab","Noxious Fumes","Madness","Secret Weapon","Choke","Unload","Bane","Eviscerate","Tactician","Dagger Spray","Sucker Punch+1","Dodge and Roll","Backflip","Outmaneuver","A Thousand Cuts","Footwork","Outmaneuver"],"special_seed":0,"relics":["Tiny House","Bird Faced Urn","Prayer Wheel","Regal Pillow","Lizard Tail","OrangePellets","Gremlin Horn"],"potions_floor_usage":[21,28,28],"damage_taken":[{"damage":0.0,"enemies":"Jaw Worm","floor":1.0,"turns":3.0},{"damage":0.0,"enemies":"2 Louse","floor":4.0,"turns":3.0},{"damage":31.0,"enemies":"3 Sentries","floor":7.0,"turns":9.0},{"damage":4.0,"enemies":"Cultist","floor":10.0,"turns":4.0},{"damage":5.0,"enemies":"Gremlin Nob","floor":11.0,"turns":4.0},{"damage":0.0,"enemies":"Blue Slaver","floor":12.0,"turns":5.0},{"damage":8.0,"enemies":"Hexaghost","floor":16.0,"turns":9.0},{"damage":18.0,"enemies":"2 Thieves","floor":18.0,"turns":4.0},{"damage":35.0,"enemies":"Shell Parasite","floor":20.0,"turns":4.0},{"damage":63,"enemies":"Snecko","floor":21,"turns":7},{"damage":36,"enemies":"Shelled Parasite and Fungi","floor":24,"turns":8},{"damage":54,"enemies":"Centurion and Healer","floor":27,"turns":8},{"damage":20,"enemies":"Book of Stabbing","floor":28,"turns":7}],"seed_played":"-2062412725287243063","potions_obtained":[{"floor":0.0,"key":"Swift Potion"},{"floor":4.0,"key":"Swift Potion"},{"floor":10.0,"key":"Block Potion"},{"floor":11.0,"key":"GamblersBrew"},{"floor":12.0,"key":"Energy Potion"},{"floor":16.0,"key":"AttackPotion"},{"floor":21,"key":"GhostInAJar"},{"floor":27,"key":"Dexterity Potion"}],"is_trial":false,"path_per_floor":["M","?","?","M","?","R","E","R","T","M","E","M","$","T","R","B",null,"M","$","M","M","$","R","M","R","T","M","E"],"character_chosen":"THE_SILENT","items_purchased":["Noxious Fumes","Madness","Secret Weapon","Choke","OrangePellets","Backflip"],"campfire_rested":3,"item_purchase_floors":[13,13,13,13,19,22],"current_hp_per_floor":[75,60,60,60,60,60,29,29,29,27,24,26,26,26,63,59,75,57,57,26,15,15,52,20,57,57,7,0],"gold":45,"neow_bonus":"BOSS_RELIC","is_prod":false,"is_daily":false,"chose_seed":false,"campfire_upgraded":2,"win_rate":0,"timestamp":1559346985,"path_taken":["M","?","?","?","?","R","E","R","T","M","E","M","$","?","R","BOSS","M","$","M","M","$","R","M","R","T","M","E"],"build_version":"2019-01-23","purchased_purges":0,"victory":false,"max_hp_per_floor":[75,75,75,75,75,75,75,75,75,75,75,75,75,75,75,75,75,75,75,75,75,75,75,75,75,75,75,75],"card_choices":[{"not_picked":["Endless Agony","Slice"],"picked":"Dagger Spray","floor":0.0},{"not_picked":["Calculated Gamble","Distraction"],"picked":"Caltrops","floor":1.0},{"not_picked":["Acrobatics","Dagger Spray"],"picked":"Deadly Poison","floor":4.0},{"not_picked":["Dagger Throw","Sucker Punch"],"picked":"Poisoned Stab","floor":7.0},{"not_picked":["Deadly Poison","Bane"],"picked":"Reflex","floor":10.0},{"not_picked":["Sucker Punch","Skewer"],"picked":"Cloak And Dagger","floor":10.0},{"not_picked":["Dodge and Roll","Slice"],"picked":"Malaise","floor":11.0},{"not_picked":["Heel Hook","Dodge and Roll"],"picked":"Tactician","floor":12.0},{"not_picked":["Dodge and Roll","Riddle With Holes"],"picked":"Poisoned Stab","floor":12.0},{"not_picked":["Adrenaline","After Image"],"picked":"Unload","floor":16.0},{"not_picked":["Predator","Leg Sweep"],"picked":"Bane","floor":18.0},{"not_picked":["Leg Sweep","Underhanded Strike"],"picked":"Eviscerate","floor":18.0},{"not_picked":["Riddle With Holes","Dash"],"picked":"Tactician","floor":20.0},{"not_picked":["Bouncing Flask","Bane"],"picked":"Dagger Spray","floor":20.0},{"not_picked":["Crippling Poison","Deadly Poison+1"],"picked":"Sucker Punch+1","floor":21},{"not_picked":["Expertise","Sucker Punch"],"picked":"Dodge and Roll","floor":21},{"not_picked":["Slice","Dagger Spray"],"picked":"Outmaneuver","floor":24},{"not_picked":["Acrobatics","Backflip"],"picked":"A Thousand Cuts","floor":24},{"not_picked":["Catalyst","Choke"],"picked":"Footwork","floor":27},{"not_picked":["All Out Attack","Slice"],"picked":"Outmaneuver","floor":27}],"player_experience":310950,"relics_obtained":[{"floor":7.0,"key":"Bird Faced Urn"},{"floor":9.0,"key":"Prayer Wheel"},{"floor":11.0,"key":"Regal Pillow"},{"floor":26,"key":"Gremlin Horn"}],"event_choices":[{"damage_healed":0.0,"max_hp_gain":0.0,"max_hp_loss":0.0,"gold_gain":0.0,"event_name":"Shining Light","player_choice":"Entered Light","floor":2.0,"gold_loss":0.0,"damage_taken":15.0,"cards_upgraded":["Defend_G","Defend_G"]},{"damage_healed":0.0,"max_hp_gain":0.0,"max_hp_loss":0.0,"gold_gain":275.0,"event_name":"Golden Shrine","player_choice":"Desecrate","floor":3.0,"gold_loss":0.0,"damage_taken":0.0,"cards_obtained":["Regret"]},{"cards_removed":["Regret"],"damage_healed":0.0,"max_hp_gain":0.0,"max_hp_loss":0.0,"gold_gain":0.0,"event_name":"Purifier","player_choice":"Purged","floor":5.0,"gold_loss":0.0,"damage_taken":0.0}],"is_beta":false,"boss_relics":[{"not_picked":["Coffee Dripper","Busted Crown"],"picked":"Lizard Tail"}],"items_purged_floors":[],"is_endless":false,"potions_floor_spawned":[4,10,11,12,16,21,27],"killed_by":"Book of Stabbing","ascension_level":1}