{"gold_per_floor":[119,129,129,129,142,157,174,205,205,205,205,222,253,253,253,348,348,366,366,381,27,39,74,86,86,137,47,47,82,82,102,102,198,198,211,226,246,12,30,30,50,50,50,76,76,76,95,110,110,110,110,110,17,45,45],"floor_reached":56,"playtime":8487,"items_purged":["Strike_G"],"score":1304,"play_id":"405498a8-2d7e-4973-aac3-a17e25e4990f","local_time":"20190601060556","is_ascension_mode":true,"campfire_choices":[{"data":"Neutralize","floor":10.0,"key":"SMITH"},{"floor":15,"key":"REST"},{"floor":25,"key":"REST"},{"data":"Phantasmal Killer","floor":28,"key":"SMITH"},{"data":"After Image","floor":30,"key":"SMITH"},{"floor":32,"key":"REST"},{"data":"Mind Blast","floor":40,"key":"SMITH"},{"data":"Burst","floor":42,"key":"SMITH"},{"data":"Caltrops","floor":45,"key":"SMITH"},{"floor":49,"key":"RECALL"},{"data":"Noxious Fumes","floor":52,"key":"SMITH"}],"neow_cost":"NONE","seed_source_timestamp":0,"circlet_count":0,"master_deck":["Defend_G","Defend_G","Defend_G","Defend_G","Defend_G+1","Strike_G","Strike_G","Survivor","Neutralize+1","Phantasmal Killer+1","Masterful Stab+1","Flying Knee","Caltrops","Reflex+1","Backflip","Burst+1","Caltrops+1","Blur","Adrenaline","Calculated Gamble","Deflect","Footwork+1","Escape Plan","Outmaneuver","Well Laid Plans+1","Expertise","After Image+1","Escape Plan+1","Unload","Blur","Backflip","Calculated Gamble+1","Mind Blast+1","Impatience","Caltrops","Backflip","Escape Plan","Backflip+1","All Out Attack","Noxious Fumes+1","Prepared+1","Malaise","Night Terror","Footwork"],"special_seed":0,"relics":["Ring of the Snake","Paper Crane","Ancient Tea Set","Bag of Marbles","Sozu","Membership Card","Bronze Scales","Ginger","Snake Skull","The Courier","Philosopher\u0027s Stone","TwistedFunnel","Pocketwatch","Oddly Smooth Stone","Happy Flower"],"potions_floor_usage":[16,23,50],"damage_taken":[{"damage":5.0,"enemies":"Small Slimes","floor":1.0,"turns":5.0},{"damage":0.0,"enemies":"Jaw Worm","floor":2.0,"turns":3.0},{"damage":0.0,"enemies":"Cultist","floor":5.0,"turns":3.0},{"damage":5.0,"enemies":"3 Louse","floor":6.0,"turns":3.0},{"damage":4.0,"enemies":"Exordium Wildlife","floor":7.0,"turns":6.0},{"damage":6.0,"enemies":"3 Sentries","floor":8.0,"turns":5.0},{"damage":2.0,"enemies":"Blue Slaver","floor":12.0,"turns":3.0},{"damage":6,"enemies":"Lagavulin","floor":13,"turns":9},{"damage":15,"enemies":"The Guardian","floor":16,"turns":14},{"damage":16,"enemies":"Chosen","floor":18,"turns":5},{"damage":10,"enemies":"Spheric Guardian","floor":20,"turns":4},{"damage":17,"enemies":"Cultist and Chosen","floor":22,"turns":8},{"damage":3,"enemies":"Book of Stabbing","floor":23,"turns":6},{"damage":0,"enemies":"Snecko","floor":24,"turns":6},{"damage":0,"enemies":"Gremlin Leader","floor":29,"turns":7},{"damage":0,"enemies":"Snake Plant","floor":31,"turns":3},{"damage":34,"enemies":"Automaton","floor":33,"turns":13},{"damage":4,"enemies":"Orb Walker","floor":35,"turns":4},{"damage":5,"enemies":"3 Darklings","floor":36,"turns":5},{"damage":1,"enemies":"4 Shapes","floor":37,"turns":9},{"damage":0,"enemies":"Writhing Mass","floor":39,"turns":5},{"damage":0,"enemies":"Spire Growth","floor":41,"turns":5},{"damage":0,"enemies":"Reptomancer","floor":44,"turns":6},{"damage":8,"enemies":"Transient","floor":47,"turns":5},{"damage":12,"enemies":"Sphere and 2 Shapes","floor":48,"turns":5},{"damage":24,"enemies":"Time Eater","floor":50,"turns":11},{"damage":6,"enemies":"Shield and Spear","floor":54,"turns":5},{"damage":16,"enemies":"The Heart","floor":55,"turns":12}],"seed_played":"3385314203596211019","potions_obtained":[{"floor":1.0,"key":"Regen Potion"},{"floor":4.0,"key":"Weak Potion"},{"floor":4.0,"key":"Explosive Potion"},{"floor":7.0,"key":"SteroidPotion"},{"floor":12.0,"key":"GhostInAJar"},{"floor":13,"key":"Energy Potion"},{"floor":16,"key":"Dexterity Potion"}],"is_trial":false,"path_per_floor":["M","M","?","?","M","M","M","E","T","R","?","M","E","T","R","B",null,"M","?","M","$","M","E","M","R","T","?","R","E","R","M","R","B",null,"M","M","M","$","M","R","M","R","T","E","R","?","M","M","R","B",null,"R","$","E","B",null],"character_chosen":"THE_SILENT","items_purchased":["Membership Card","Footwork","Escape Plan","Bronze Scales","Mind Blast","Impatience","Caltrops","TwistedFunnel","Backflip","Malaise","Night Terror"],"campfire_rested":3,"item_purchase_floors":[21,21,21,21,38,38,38,38,38,53,53],"current_hp_per_floor":[65,65,51,51,51,46,57,51,51,51,26,24,18,18,39,24,70,54,54,44,44,27,24,24,45,45,45,45,45,45,45,66,32,70,66,61,60,60,60,60,60,60,60,60,60,60,52,40,40,16,70,70,70,64,48],"gold":45,"neow_bonus":"ONE_RANDOM_RARE_CARD","is_prod":false,"is_daily":false,"chose_seed":false,"campfire_upgraded":7,"win_rate":0,"timestamp":1559394356,"path_taken":["M","M","?","?","M","?","M","E","T","R","?","M","E","?","R","BOSS","M","?","M","$","M","E","M","R","T","?","R","E","R","M","R","BOSS","M","M","M","$","M","R","M","R","T","E","R","?","?","M","R","BOSS","R","$","E","BOSS"],"build_version":"2019-01-23","purchased_purges":1,"victory":true,"max_hp_per_floor":[70,70,70,70,70,70,70,70,70,70,70,70,70,70,70,70,70,70,70,70,70,70,70,70,70,70,70,70,70,70,70,70,70,70,70,70,70,70,70,70,70,70,70,70,70,70,70,70,70,70,70,70,70,70,70],"card_choices":[{"not_picked":["Dash","PiercingWail"],"picked":"Masterful Stab","floor":1.0},{"not_picked":["Dash","Blade Dance"],"picked":"Flying Knee","floor":2.0},{"not_picked":["Cloak And Dagger","Masterful Stab"],"picked":"Caltrops","floor":5.0},{"not_picked":["Blade Dance","Slice"],"picked":"Reflex","floor":6.0},{"not_picked":["Underhanded Strike","Flying Knee"],"picked":"Backflip","floor":7.0},{"not_picked":["Crippling Poison","Dagger Throw"],"picked":"Burst","floor":8.0},{"not_picked":["Flying Knee","Concentrate"],"picked":"Caltrops","floor":12.0},{"not_picked":["Catalyst","Blade Dance"],"picked":"Blur","floor":13},{"not_picked":["Glass Knife","Grand Finale"],"picked":"Adrenaline","floor":16},{"not_picked":["Leg Sweep","Outmaneuver+1"],"picked":"Calculated Gamble","floor":18},{"not_picked":["Prepared","Blade Dance"],"picked":"Deflect","floor":20},{"not_picked":["PiercingWail+1","Deflect"],"picked":"Outmaneuver","floor":22},{"not_picked":["Backstab","Sucker Punch"],"picked":"Well Laid Plans+1","floor":23},{"not_picked":["All Out Attack","Sucker Punch+1"],"picked":"Expertise","floor":24},{"not_picked":["Well Laid Plans","Flying Knee"],"picked":"After Image","floor":29},{"not_picked":["Choke+1","Outmaneuver"],"picked":"Escape Plan+1","floor":31},{"not_picked":["Venomology","Grand Finale"],"picked":"Unload","floor":33},{"not_picked":["Leg Sweep","Backstab+1"],"picked":"Blur","floor":35},{"not_picked":["Skewer","Backstab"],"picked":"Backflip","floor":36},{"not_picked":["Sucker Punch+1","Dodge and Roll"],"picked":"Calculated Gamble+1","floor":37},{"not_picked":["Flying Knee+1","Underhanded Strike"],"picked":"Escape Plan","floor":39},{"not_picked":["Deflect","Bane+1"],"picked":"Backflip+1","floor":41},{"not_picked":["Crippling Poison","Dash"],"picked":"All Out Attack","floor":44},{"not_picked":["Flying Knee","Sucker Punch"],"picked":"Noxious Fumes","floor":47},{"not_picked":["Calculated Gamble","Finisher+1"],"picked":"Prepared+1","floor":48},{"not_picked":["After Image","Deadly Poison"],"picked":"Footwork","floor":54}],"player_experience":333853,"relics_obtained":[{"floor":8.0,"key":"Paper Crane"},{"floor":13,"key":"Ancient Tea Set"},{"floor":14,"key":"Bag of Marbles"},{"floor":23,"key":"Ginger"},{"floor":26,"key":"Snake Skull"},{"floor":29,"key":"The Courier"},{"floor":43,"key":"Pocketwatch"},{"floor":44,"key":"Oddly Smooth Stone"},{"floor":54,"key":"Happy Flower"}],"event_choices":[{"damage_healed":0.0,"max_hp_gain":0.0,"max_hp_loss":0.0,"gold_gain":0.0,"event_name":"Shining Light","player_choice":"Entered Light","floor":3.0,"gold_loss":0.0,"damage_taken":14.0,"cards_upgraded":["Defend_G","Masterful Stab"]},{"damage_healed":0.0,"max_hp_gain":0.0,"max_hp_loss":0.0,"gold_gain":0.0,"event_name":"Lab","player_choice":"Got Potions","floor":4.0,"gold_loss":0.0,"damage_taken":0.0},{"damage_healed":0.0,"max_hp_gain":0.0,"max_hp_loss":0.0,"gold_gain":0.0,"event_name":"Scrap Ooze","player_choice":"Fled","floor":11.0,"gold_loss":0.0,"damage_taken":25.0},{"cards_removed":["Strike_G"],"damage_healed":0,"gold_gain":0,"player_choice":"Elegance","damage_taken":0,"max_hp_gain":0,"max_hp_loss":0,"event_name":"Back to Basics","floor":19,"gold_loss":0},{"cards_removed":["Strike_G"],"damage_healed":0,"gold_gain":0,"player_choice":"Upgrade and Remove","damage_taken":0,"max_hp_gain":0,"max_hp_loss":0,"event_name":"Designer","floor":27,"gold_loss":90,"cards_upgraded":["Footwork"]},{"damage_healed":0,"gold_gain":0,"player_choice":"Upgraded","damage_taken":0,"max_hp_gain":0,"max_hp_loss":0,"event_name":"Upgrade Shrine","floor":46,"gold_loss":0,"cards_upgraded":["Reflex"]}],"is_beta":false,"boss_relics":[{"not_picked":["Snecko Eye","Black Star"],"picked":"Sozu"},{"not_picked":["WristBlade","Lizard Tail"],"picked":"Philosopher\u0027s Stone"}],"items_purged_floors":[38],"is_endless":false,"potions_floor_spawned":[1,7,12,13,16,22,23,29,31,33,36,37,41,47],"ascension_level":1}