{"gold_per_floor":[14,14,26,39,57,82,82,114,114,131,144,144,175,175,175,306,306,319,332,107,107,121,121,159,82,82,82,117,117,117,161,161,282,282,303,303,318,338,354,397,397,431,454,492,513,513,537,32,32,32,32,32,3,41,41],"floor_reached":56,"playtime":16329,"items_purged":[],"score":1529,"play_id":"e47fc8b7-94d3-45ce-9705-c07b7cd76786","local_time":"20190606001349","is_ascension_mode":true,"campfire_choices":[{"data":"Strike_R","floor":7,"key":"PURGE"},{"data":"Armaments","floor":15,"key":"SMITH"},{"data":"Dark Embrace","floor":23,"key":"SMITH"},{"data":"Evolve","floor":27,"key":"SMITH"},{"data":"Dual Wield","floor":30,"key":"SMITH"},{"floor":32,"key":"REST"},{"data":"Clash","floor":41,"key":"PURGE"},{"data":"Bash","floor":46,"key":"PURGE"},{"floor":49,"key":"RECALL"},{"data":"Heavy Blade","floor":52,"key":"SMITH"}],"neow_cost":"NO_GOLD","seed_source_timestamp":180250607442523,"circlet_count":0,"master_deck":["Armaments+1","Headbutt","Iron Wave","Thunderclap","Reckless Charge","Offering+1","Corruption","Reaper","Reckless Charge","Feel No Pain","Dark Embrace+1","Bloodletting","Warcry","Dual Wield+1","Berserk","Flex","Power Through","Feel No Pain","Feel No Pain","Evolve+1","Headbutt+1","Dual Wield+1","Rupture+1","Fiend Fire","Offering+1","Sword Boomerang+1","Warcry+1","Shrug It Off+1","Infernal Blade+1","Second Wind+1","Rupture+1","Heavy Blade+1","Armaments+1","Havoc+1","Secret Technique+1","True Grit+1","Trip+1","Rage+1","Panache+1","Panacea+1","Fire Breathing+1","Double Tap+1"],"relics":["Burning Blood","Peace Pipe","Bottled Flame","Omamori","PreservedInsect","Golden Idol","Bottled Lightning","Pandora\u0027s Box","Blood Vial","Mummified Hand","Frozen Egg 2","Anchor","Toxic Egg 2","Runic Cube","The Courier","Lantern","Blue Candle","Paper Frog"],"potions_floor_usage":[5,16,18,22,33,33,44,45,50,50,50],"damage_taken":[{"damage":6,"enemies":"Cultist","floor":1,"turns":4},{"damage":4,"enemies":"Small Slimes","floor":3,"turns":5},{"damage":0,"enemies":"2 Louse","floor":4,"turns":2},{"damage":0,"enemies":"Lots of Slimes","floor":5,"turns":1},{"damage":21,"enemies":"Lagavulin","floor":6,"turns":5},{"damage":11,"enemies":"Gremlin Nob","floor":8,"turns":3},{"damage":0,"enemies":"Large Slime","floor":10,"turns":4},{"damage":2,"enemies":"2 Fungi Beasts","floor":11,"turns":4},{"damage":6,"enemies":"3 Sentries","floor":13,"turns":3},{"damage":46,"enemies":"Slime Boss","floor":16,"turns":9},{"damage":45,"enemies":"Shell Parasite","floor":18,"turns":6},{"damage":13,"enemies":"Chosen","floor":19,"turns":7},{"damage":45,"enemies":"Snake Plant","floor":22,"turns":5},{"damage":21,"enemies":"Gremlin Leader","floor":24,"turns":5},{"damage":46,"enemies":"Book of Stabbing","floor":28,"turns":5},{"damage":36,"enemies":"Slavers","floor":31,"turns":5},{"damage":80,"enemies":"Collector","floor":33,"turns":12},{"damage":34,"enemies":"3 Shapes","floor":35,"turns":2},{"damage":18,"enemies":"Orb Walker","floor":37,"turns":1},{"damage":15,"enemies":"Jaw Worm Horde","floor":38,"turns":3},{"damage":15,"enemies":"Sphere and 2 Shapes","floor":39,"turns":1},{"damage":39,"enemies":"Nemesis","floor":40,"turns":3},{"damage":6,"enemies":"Reptomancer","floor":42,"turns":1},{"damage":18,"enemies":"Nemesis","floor":44,"turns":1},{"damage":15,"enemies":"3 Darklings","floor":45,"turns":1},{"damage":37,"enemies":"Maw","floor":47,"turns":6},{"damage":51,"enemies":"Awakened One","floor":50,"turns":6},{"damage":15,"enemies":"Shield and Spear","floor":54,"turns":2},{"damage":29,"enemies":"The Heart","floor":55,"turns":4}],"seed_played":"6866993519430443947","potions_obtained":[{"floor":4,"key":"Explosive Potion"},{"floor":6,"key":"SteroidPotion"},{"floor":10,"key":"EssenceOfSteel"},{"floor":11,"key":"Swift Potion"},{"floor":13,"key":"Regen Potion"},{"floor":18,"key":"GamblersBrew"},{"floor":31,"key":"Regen Potion"},{"floor":33,"key":"Ancient Potion"},{"floor":37,"key":"Energy Potion"},{"floor":38,"key":"Poison Potion"},{"floor":40,"key":"AttackPotion"},{"floor":44,"key":"Fire Potion"},{"floor":45,"key":"Ancient Potion"},{"floor":47,"key":"Weak Potion"},{"floor":54,"key":"BloodPotion"}],"is_trial":false,"path_per_floor":["M","?","M","M","M","E","R","E","T","M","M","?","E","?","R","B",null,"M","M","$","?","M","R","E","$","T","R","E","?","R","E","R","B",null,"M","?","M","M","M","E","R","E","T","E","M","R","M","$","R","B",null,"R","$","E","B",null],"character_chosen":"IRONCLAD","items_purchased":["Feel No Pain","Blood Vial","Dual Wield","Secret Technique+1","True Grit+1","Trip+1","Rage+1","Panache+1","Panacea+1","Fire Breathing+1"],"campfire_rested":1,"item_purchase_floors":[20,20,25,48,48,48,48,48,48,53],"current_hp_per_floor":[80,73,75,80,80,65,65,60,60,66,70,70,70,70,70,30,80,72,80,80,80,47,47,61,61,61,61,30,30,30,20,44,75,80,79,79,75,80,71,69,69,71,71,80,71,71,80,80,80,54,80,80,80,77,77],"gold":41,"neow_bonus":"ONE_RARE_RELIC","is_prod":false,"is_daily":false,"chose_seed":false,"campfire_upgraded":5,"win_rate":0,"timestamp":1559805229,"path_taken":["M","?","M","M","M","E","R","E","T","M","M","?","E","?","R","BOSS","M","M","?","?","M","R","E","$","T","R","E","?","R","E","R","BOSS","M","?","M","?","M","E","R","E","T","E","M","R","M","$","R","BOSS","R","$","E","BOSS"],"build_version":"2019-01-23","purchased_purges":0,"victory":true,"max_hp_per_floor":[80,80,80,80,80,80,80,80,80,80,80,80,80,80,80,80,80,80,80,80,80,80,80,80,80,80,80,80,80,80,80,80,80,80,80,80,80,80,80,80,80,80,80,80,80,80,80,80,80,80,80,80,80,80,80],"card_choices":[{"not_picked":["Iron Wave","Entrench"],"picked":"Armaments","floor":1},{"not_picked":["Iron Wave","Headbutt"],"picked":"Clash","floor":3},{"not_picked":["Clothesline","Disarm"],"picked":"Clash","floor":4},{"not_picked":["Burning Pact","Wild Strike"],"picked":"Headbutt","floor":5},{"not_picked":["Pummel","Fire Breathing"],"picked":"Iron Wave","floor":6},{"not_picked":["Twin Strike","Power Through"],"picked":"Thunderclap","floor":8},{"not_picked":["Shockwave","Intimidate"],"picked":"Reckless Charge","floor":10},{"not_picked":["Inflame","Iron Wave"],"picked":"Offering","floor":11},{"not_picked":["Armaments","Inflame"],"picked":"Corruption","floor":13},{"not_picked":["Fiend Fire","Offering"],"picked":"Reaper","floor":16},{"not_picked":["Armaments","Twin Strike+1"],"picked":"Flex","floor":18},{"not_picked":["Clothesline","Burning Pact"],"picked":"Power Through","floor":19},{"not_picked":["Shrug It Off","Pummel+1"],"picked":"Evolve","floor":22},{"not_picked":["Uppercut","Sword Boomerang"],"picked":"Headbutt+1","floor":24},{"not_picked":["Fire Breathing+1","Reckless Charge"],"picked":"Rupture+1","floor":28},{"not_picked":["Brutality+1","Armaments"],"picked":"Fiend Fire","floor":31},{"not_picked":["Reaper","Immolate"],"picked":"Offering+1","floor":33},{"not_picked":["Corruption+1","Twin Strike"],"picked":"Sword Boomerang+1","floor":35},{"not_picked":["Disarm+1","Perfected Strike"],"picked":"Warcry+1","floor":37},{"not_picked":["Clothesline","Heavy Blade+1"],"picked":"Shrug It Off+1","floor":38},{"not_picked":["Corruption+1","Dropkick+1"],"picked":"Infernal Blade+1","floor":39},{"not_picked":["Corruption+1","Armaments+1"],"picked":"Second Wind+1","floor":40},{"not_picked":["Carnage+1","Metallicize+1"],"picked":"Rupture+1","floor":42},{"not_picked":["Berserk+1","Ghostly Armor+1"],"picked":"Heavy Blade","floor":44},{"not_picked":["Metallicize+1","Pommel Strike+1"],"picked":"Armaments+1","floor":45},{"not_picked":["Cleave","Second Wind+1"],"picked":"Havoc+1","floor":47},{"not_picked":["Cleave+1","Anger"],"picked":"Double Tap+1","floor":54}],"player_experience":444274,"relics_obtained":[{"floor":6,"key":"Bottled Flame"},{"floor":8,"key":"Omamori"},{"floor":9,"key":"PreservedInsect"},{"floor":13,"key":"Bottled Lightning"},{"floor":24,"key":"Mummified Hand"},{"floor":26,"key":"Frozen Egg 2"},{"floor":28,"key":"Anchor"},{"floor":31,"key":"Toxic Egg 2"},{"floor":40,"key":"The Courier"},{"floor":42,"key":"Lantern"},{"floor":44,"key":"Blue Candle"},{"floor":54,"key":"Paper Frog"}],"event_choices":[{"cards_removed":["Strike_R"],"damage_healed":0,"gold_gain":0,"player_choice":"Card Removal","damage_taken":7,"max_hp_gain":0,"max_hp_loss":0,"event_name":"Golden Wing","floor":2,"gold_loss":0},{"damage_healed":0,"gold_gain":0,"player_choice":"Take Wound","damage_taken":0,"relics_obtained":["Golden Idol"],"max_hp_gain":0,"max_hp_loss":0,"event_name":"Golden Idol","floor":12,"gold_loss":0,"cards_obtained":["Injury"]},{"damage_healed":0,"gold_gain":0,"player_choice":"Upgraded","damage_taken":0,"max_hp_gain":0,"max_hp_loss":0,"event_name":"Upgrade Shrine","floor":14,"gold_loss":0,"cards_upgraded":["Offering"]},{"damage_healed":0,"gold_gain":0,"player_choice":"Read","damage_taken":0,"max_hp_gain":0,"max_hp_loss":0,"event_name":"The Library","floor":21,"gold_loss":0,"cards_obtained":["Feel No Pain"]},{"cards_removed":["Clash"],"damage_healed":0,"gold_gain":0,"player_choice":"Elegance","damage_taken":0,"max_hp_gain":0,"max_hp_loss":0,"event_name":"Back to Basics","floor":29,"gold_loss":0},{"damage_healed":0,"gold_gain":0,"player_choice":"Upgraded","damage_taken":0,"max_hp_gain":0,"max_hp_loss":0,"event_name":"Upgrade Shrine","floor":36,"gold_loss":0,"cards_upgraded":["Dual Wield"]}],"is_beta":false,"boss_relics":[{"not_picked":["Lizard Tail","Snecko Eye"],"picked":"Pandora\u0027s Box"},{"not_picked":["Fusion Hammer","Coffee Dripper"],"picked":"Runic Cube"}],"items_purged_floors":[],"is_endless":false,"potions_floor_spawned":[4,6,10,11,13,18,31,33,37,38,40,44,45,47,54],"ascension_level":2}