{"gold_per_floor":[112,129,148,165,165,210,222,234,246,258],"floor_reached":10,"playtime":1859,"items_purged":[],"score":85,"play_id":"68e3af44-ebc9-4e40-a3a3-d3df09731866","local_time":"20190628120431","is_ascension_mode":true,"campfire_choices":[{"data":"Neutralize","floor":8.0,"key":"SMITH"}],"neow_cost":"NONE","seed_source_timestamp":0,"circlet_count":0,"master_deck":["Defend_G","Defend_G","Defend_G","Defend_G","Defend_G","Strike_G","Strike_G","Strike_G","Strike_G","Strike_G","Survivor","Neutralize+1","Footwork","Acrobatics","Noxious Fumes","Deflect","Blur"],"special_seed":0,"relics":["Ring of the Snake","Dream Catcher","MawBank","Meat on the Bone","Nunchaku","Omamori"],"potions_floor_usage":[10],"damage_taken":[{"damage":1.0,"enemies":"Cultist","floor":1.0,"turns":5.0},{"damage":0.0,"enemies":"Jaw Worm","floor":2.0,"turns":6.0},{"damage":8.0,"enemies":"2 Louse","floor":3.0,"turns":4.0},{"damage":14.0,"enemies":"Red Slaver","floor":4.0,"turns":5.0},{"damage":21.0,"enemies":"3 Sentries","floor":6.0,"turns":11.0},{"damage":42,"enemies":"Gremlin Nob","floor":10,"turns":6}],"seed_played":"8027760913934269053","potions_obtained":[{"floor":1.0,"key":"SpeedPotion"}],"is_trial":false,"path_per_floor":["M","M","M","M","?","E","?","R","T","E"],"character_chosen":"THE_SILENT","items_purchased":[],"campfire_rested":0,"item_purchase_floors":[],"current_hp_per_floor":[69,69,61,47,44,23,23,23,23,0],"gold":258,"neow_bonus":"RANDOM_COMMON_RELIC","is_prod":false,"is_daily":false,"chose_seed":false,"campfire_upgraded":1,"win_rate":0,"timestamp":1561737871,"path_taken":["M","M","?","M","?","E","?","R","T","E"],"build_version":"2019-01-23","purchased_purges":0,"victory":false,"max_hp_per_floor":[70,70,70,70,70,70,70,70,70,70],"card_choices":[{"not_picked":["Dodge and Roll","All Out Attack"],"picked":"Footwork","floor":1.0},{"not_picked":["Dagger Throw","Sucker Punch"],"picked":"Acrobatics","floor":2.0},{"not_picked":["Terror","Flying Knee"],"picked":"Noxious Fumes","floor":3.0},{"not_picked":["Dash","Riddle With Holes"],"picked":"Deflect","floor":4.0},{"not_picked":["Endless Agony","Outmaneuver"],"picked":"Blur","floor":6.0}],"player_experience":664294,"relics_obtained":[{"floor":6.0,"key":"Meat on the Bone"},{"floor":7.0,"key":"Nunchaku"},{"floor":9.0,"key":"Omamori"}],"event_choices":[{"damage_healed":0.0,"max_hp_gain":0.0,"max_hp_loss":0.0,"gold_gain":0.0,"event_name":"Scrap Ooze","player_choice":"Success","floor":5.0,"gold_loss":0.0,"damage_taken":3.0,"relics_obtained":["MawBank"]},{"damage_healed":0.0,"max_hp_gain":0.0,"max_hp_loss":0.0,"gold_gain":0.0,"event_name":"Wheel of Change","player_choice":"Relic","floor":7.0,"gold_loss":0.0,"damage_taken":0.0}],"is_beta":false,"boss_relics":[],"items_purged_floors":[],"is_endless":false,"potions_floor_spawned":[1],"killed_by":"Gremlin Nob","ascension_level":5}