{"gold_per_floor":[116,116,191,22,42,75,75,102,156,13,13,27,27,43,43,148,148,165,165,177,187,40,69,69,95,118,133,162,177,208,248,260,374,386,410,422,434,459,27,54,54,81,104,121,121,136,61,77,77,77,77,77,40,68,68],"floor_reached":56,"playtime":10207,"items_purged":["Normality"],"score":1746,"play_id":"cb511d09-2f14-4197-a642-a7c41c111b62","local_time":"20190708232751","is_ascension_mode":true,"campfire_choices":[{"data":"Defragment","floor":7,"key":"SMITH"},{"floor":11,"key":"REST"},{"data":"Impatience","floor":13,"key":"SMITH"},{"data":"Self Repair","floor":15,"key":"SMITH"},{"floor":24,"key":"REST"},{"data":"Turbo","floor":32,"key":"SMITH"},{"data":"Seek","floor":41,"key":"SMITH"},{"floor":49,"key":"RECALL"},{"data":"Hologram","floor":52,"key":"SMITH"}],"neow_cost":"NONE","seed_source_timestamp":434460446558213,"circlet_count":0,"master_deck":["Strike_B","Strike_B+1","Strike_B+1","Strike_B","Defend_B","Defend_B","Defend_B","Defend_B","Zap","Dualcast+1","Self Repair+1","Defragment+1","Impatience+1","Auto Shields","Leap","Coolheaded","Auto Shields","Coolheaded","All For One","Gash","Hologram","Turbo+1","Impatience","Steam","Gash+1","Capacitor+1","Injury","Gash+1","Hologram+1","Reprogram+1","Gash","Capacitor+1","Seek+1","Hologram+1","Madness","Madness","Scrape","Steam Power","Seek","Consume+1","FTL+1","Parasite","Redo+1","Beam Cell+1","Echo Form+1","Heatsinks+1","Undo+1"],"relics":["FrozenCore","NeowsBlessing","Lantern","Oddly Smooth Stone","Orichalcum","Bronze Scales","Cursed Key","FaceOfCleric","Ice Cream","Frozen Egg 2","Blue Candle","MawBank","Red Mask","Bottled Flame","Letter Opener","Whetstone","Ancient Tea Set","Ornamental Fan"],"potions_floor_usage":[16,23,28,33,35,44,55,55],"damage_taken":[{"damage":0,"enemies":"Small Slimes","floor":1,"turns":1},{"damage":0,"enemies":"2 Louse","floor":5,"turns":1},{"damage":0,"enemies":"3 Sentries","floor":6,"turns":1},{"damage":25,"enemies":"Lagavulin","floor":8,"turns":7},{"damage":0,"enemies":"Cultist","floor":12,"turns":3},{"damage":4,"enemies":"3 Louse","floor":14,"turns":3},{"damage":28,"enemies":"Hexaghost","floor":16,"turns":12},{"damage":6,"enemies":"Spheric Guardian","floor":18,"turns":4},{"damage":0,"enemies":"Shell Parasite","floor":20,"turns":5},{"damage":4,"enemies":"Cultist and Chosen","floor":21,"turns":8},{"damage":49,"enemies":"Gremlin Leader","floor":23,"turns":8},{"damage":10,"enemies":"Slavers","floor":25,"turns":4},{"damage":5,"enemies":"Sentry and Sphere","floor":27,"turns":4},{"damage":0,"enemies":"Book of Stabbing","floor":28,"turns":4},{"damage":12,"enemies":"Snake Plant","floor":29,"turns":4},{"damage":10,"enemies":"Slavers","floor":30,"turns":4},{"damage":2,"enemies":"Masked Bandits","floor":31,"turns":4},{"damage":1,"enemies":"Automaton","floor":33,"turns":7},{"damage":11,"enemies":"3 Darklings","floor":35,"turns":3},{"damage":2,"enemies":"3 Shapes","floor":38,"turns":4},{"damage":27,"enemies":"Nemesis","floor":40,"turns":5},{"damage":8,"enemies":"Reptomancer","floor":42,"turns":5},{"damage":20,"enemies":"Writhing Mass","floor":44,"turns":5},{"damage":1,"enemies":"Sphere and 2 Shapes","floor":46,"turns":4},{"damage":6,"enemies":"Transient","floor":48,"turns":5},{"damage":18,"enemies":"Awakened One","floor":50,"turns":8},{"damage":20,"enemies":"Shield and Spear","floor":54,"turns":2},{"damage":4,"enemies":"The Heart","floor":55,"turns":3}],"seed_played":"450405226329354883","potions_obtained":[{"floor":1,"key":"PowerPotion"},{"floor":14,"key":"PowerPotion"},{"floor":16,"key":"Strength Potion"},{"floor":21,"key":"FocusPotion"},{"floor":25,"key":"AttackPotion"},{"floor":31,"key":"EssenceOfSteel"},{"floor":33,"key":"Dexterity Potion"},{"floor":35,"key":"FearPotion"},{"floor":40,"key":"GamblersBrew"},{"floor":42,"key":"Energy Potion"},{"floor":54,"key":"Fire Potion"}],"is_trial":false,"path_per_floor":["M","?","?","$","M","E","R","E","T","$","R","M","R","M","R","B",null,"M","?","M","M","$","E","R","E","T","M","E","M","E","?","R","B",null,"M","$","?","M","$","E","R","E","T","M","?","M","$","M","R","B",null,"R","$","E","B",null],"character_chosen":"DEFECT","items_purchased":["Defragment","Impatience","Bronze Scales","Impatience","Steam","Steam Power","Bottled Flame","Seek","Heatsinks+1"],"campfire_rested":2,"item_purchase_floors":[4,4,10,22,22,39,39,39,53],"current_hp_per_floor":[68,53,42,42,42,42,42,24,24,24,46,53,53,56,56,38,66,70,70,76,77,77,29,52,53,53,59,70,69,70,69,69,79,84,84,84,73,82,82,66,66,69,69,50,50,60,60,65,65,68,87,87,87,78,85],"gold":68,"neow_bonus":"THREE_ENEMY_KILL","is_prod":false,"is_daily":false,"chose_seed":false,"campfire_upgraded":6,"win_rate":0,"timestamp":1562642871,"path_taken":["M","?","?","$","M","E","R","E","T","$","R","M","R","M","R","BOSS","M","?","M","?","$","E","R","E","T","M","E","M","E","?","R","BOSS","M","$","?","M","$","E","R","E","T","M","?","M","$","M","R","BOSS","R","$","E","BOSS"],"build_version":"2019-07-05","purchased_purges":1,"victory":true,"max_hp_per_floor":[75,75,75,75,75,75,75,75,75,75,75,75,75,75,75,75,75,75,75,76,77,77,78,78,79,79,80,81,82,83,84,84,85,85,86,86,86,87,87,88,88,89,89,90,90,91,91,92,92,93,93,93,93,94,95],"card_choices":[{"not_picked":["Skim","Gash"],"picked":"Self Repair","floor":1},{"not_picked":["Ball Lightning","Rip and Tear"],"picked":"Auto Shields","floor":5},{"not_picked":["Lockon","Barrage"],"picked":"Leap","floor":6},{"not_picked":["Beam Cell","Aggregate"],"picked":"Coolheaded","floor":8},{"not_picked":["Rebound","Sweeping Beam"],"picked":"Auto Shields","floor":12},{"not_picked":["Go for the Eyes","Ball Lightning"],"picked":"Coolheaded","floor":14},{"not_picked":["Hyperbeam","Core Surge"],"picked":"All For One","floor":16},{"not_picked":["Ball Lightning","Streamline+1"],"picked":"Gash","floor":18},{"not_picked":["Leap","Darkness"],"picked":"Hologram","floor":20},{"not_picked":["Go for the Eyes","Amplify"],"picked":"Turbo","floor":21},{"not_picked":["Hologram","Amplify"],"picked":"Gash+1","floor":23},{"not_picked":["Self Repair","FTL+1"],"picked":"Capacitor+1","floor":25},{"not_picked":["Steam+1","Rebound"],"picked":"Gash","floor":27},{"not_picked":["Coolheaded","Barrage"],"picked":"Hologram+1","floor":28},{"not_picked":["Tempest","Double Energy"],"picked":"Reprogram+1","floor":29},{"not_picked":["Hyperbeam","Compile Driver+1"],"picked":"Gash","floor":30},{"not_picked":["Stack","Self Repair+1"],"picked":"Capacitor+1","floor":31},{"not_picked":["Fission","Rainbow"],"picked":"Seek","floor":33},{"not_picked":["Redo","Streamline"],"picked":"Hologram","floor":35},{"not_picked":["Leap+1","Storm+1"],"picked":"Scrape","floor":38},{"not_picked":["Cold Snap","Skim+1"],"picked":"Consume+1","floor":40},{"not_picked":["Hello World+1","Compile Driver"],"picked":"FTL+1","floor":42},{"not_picked":["Cold Snap","Capacitor+1"],"picked":"Redo+1","floor":44},{"not_picked":["Steam","Redo+1"],"picked":"Beam Cell+1","floor":46},{"not_picked":["Stack+1","Gash+1"],"picked":"Echo Form+1","floor":48},{"not_picked":["Electrodynamics+1","Coolheaded"],"picked":"Undo+1","floor":54}],"player_experience":833407,"relics_obtained":[{"floor":6,"key":"Lantern"},{"floor":8,"key":"Oddly Smooth Stone"},{"floor":9,"key":"Orichalcum"},{"floor":23,"key":"Ice Cream"},{"floor":25,"key":"Frozen Egg 2"},{"floor":28,"key":"Blue Candle"},{"floor":30,"key":"MawBank"},{"floor":31,"key":"Red Mask"},{"floor":40,"key":"Letter Opener"},{"floor":42,"key":"Whetstone"},{"floor":43,"key":"Ancient Tea Set"},{"floor":54,"key":"Ornamental Fan"}],"event_choices":[{"damage_healed":0,"gold_gain":0,"player_choice":"Entered Light","damage_taken":15,"max_hp_gain":0,"max_hp_loss":0,"event_name":"Shining Light","floor":2,"gold_loss":0,"cards_upgraded":["Strike_B","Dualcast"]},{"damage_healed":0,"gold_gain":75,"player_choice":"Gather Gold","damage_taken":11,"max_hp_gain":0,"max_hp_loss":0,"event_name":"World of Goop","floor":3,"gold_loss":0},{"damage_healed":0,"gold_gain":0,"player_choice":"Trade","damage_taken":0,"relics_obtained":["FaceOfCleric"],"max_hp_gain":0,"max_hp_loss":0,"event_name":"FaceTrader","floor":19,"gold_loss":0},{"damage_healed":0,"gold_gain":0,"player_choice":"Fought Bandits","damage_taken":0,"max_hp_gain":0,"max_hp_loss":0,"event_name":"Masked Bandits","floor":31,"gold_loss":0},{"damage_healed":0,"gold_gain":0,"player_choice":"Embrace Madness","damage_taken":11,"max_hp_gain":0,"max_hp_loss":0,"event_name":"Winding Halls","floor":37,"gold_loss":0,"cards_obtained":["Madness","Madness"]},{"damage_healed":0,"gold_gain":0,"player_choice":"Ignored","damage_taken":0,"max_hp_gain":0,"max_hp_loss":0,"event_name":"SecretPortal","floor":45,"gold_loss":0}],"is_beta":false,"boss_relics":[{"not_picked":["Calling Bell","Pandora\u0027s Box"],"picked":"Cursed Key"},{"not_picked":["Coffee Dripper","Sozu"],"picked":"FrozenCore"}],"items_purged_floors":[47],"is_endless":false,"potions_floor_spawned":[1,14,16,21,25,31,33,35,40,42,54],"ascension_level":6}