{"gold_per_floor":[111,123,135,25,25,55,55,87,111,111,111,71,87,98,98],"floor_reached":15,"playtime":959,"items_purged":["Defend_G"],"score":105,"play_id":"82e57e29-2d8f-4eec-84da-d788f7c6a6a7","local_time":"20191021100625","is_ascension_mode":false,"campfire_choices":[{"data":"Accuracy","floor":7,"key":"SMITH"},{"floor":11,"key":"REST"},{"floor":15,"key":"REST"}],"neow_cost":"TEN_PERCENT_HP_LOSS","seed_source_timestamp":170479578354200,"circlet_count":0,"master_deck":["Strike_G","Strike_G","Strike_G","Strike_G","Strike_G","Defend_G","Defend_G","Defend_G","Defend_G","Survivor","Neutralize","Blind","Madness","Prepared","Noxious Fumes","Accuracy+1","Bane","Venomology","Accuracy","Acrobatics","Leg Sweep"],"relics":["Ring of the Snake","Potion Belt","Pen Nib","Dream Catcher"],"potions_floor_usage":[6,6],"damage_taken":[{"damage":0,"enemies":"Small Slimes","floor":1,"turns":4},{"damage":0,"enemies":"Jaw Worm","floor":2,"turns":7},{"damage":0,"enemies":"2 Louse","floor":3,"turns":3},{"damage":19,"enemies":"Gremlin Nob","floor":6,"turns":5},{"damage":29,"enemies":"3 Sentries","floor":8,"turns":8},{"damage":16,"enemies":"Exordium Thugs","floor":13,"turns":6},{"damage":10,"enemies":"Exordium Wildlife","floor":14,"turns":4}],"seed_played":"206031409160765253","potions_obtained":[{"floor":1,"key":"Block Potion"},{"floor":2,"key":"Poison Potion"},{"floor":8,"key":"Dexterity Potion"},{"floor":12,"key":"EntropicBrew"},{"floor":12,"key":"Dexterity Potion"},{"floor":12,"key":"Strength Potion"},{"floor":13,"key":"Strength Potion"}],"is_trial":false,"path_per_floor":["M","M","M","$","?","E","R","E","T","?","R","?","M","M","R"],"character_chosen":"THE_SILENT","items_purchased":["Accuracy"],"campfire_rested":2,"item_purchase_floors":[4],"current_hp_per_floor":[63,63,63,63,63,44,44,15,15,15,33,33,17,7,25],"gold":98,"neow_bonus":"RANDOM_COLORLESS_2","is_prod":false,"is_daily":false,"chose_seed":false,"campfire_upgraded":1,"win_rate":0.0,"timestamp":1571666785,"path_taken":["M","M","M","$","?","E","R","E","T","?","R","?","?","M","R"],"build_version":"2019-07-17","purchased_purges":1,"victory":false,"max_hp_per_floor":[63,63,63,63,63,63,63,63,63,63,63,63,63,63,63],"card_choices":[{"not_picked":["Eviscerate","Escape Plan"],"picked":"Prepared","floor":1},{"not_picked":["Backflip","Quick Slash","Distraction"],"picked":"SKIP","floor":2},{"not_picked":["Blade Dance","Quick Slash"],"picked":"Noxious Fumes","floor":3},{"not_picked":["Quick Slash","Deflect"],"picked":"Bane","floor":6},{"not_picked":["Dash","Tactician"],"picked":"Venomology","floor":8},{"not_picked":["Dagger Throw","PiercingWail"],"picked":"Accuracy","floor":11},{"not_picked":["Flechettes","Dagger Throw"],"picked":"Acrobatics","floor":13},{"not_picked":["Corpse Explosion","Flying Knee"],"picked":"Leg Sweep","floor":14}],"player_experience":37443,"relics_obtained":[{"floor":6,"key":"Potion Belt"},{"floor":8,"key":"Pen Nib"},{"floor":9,"key":"Dream Catcher"}],"event_choices":[{"damage_healed":0,"gold_gain":0,"player_choice":"Ignored","damage_taken":0,"max_hp_gain":0,"max_hp_loss":0,"event_name":"Liars Game","floor":5,"gold_loss":0},{"damage_healed":0,"gold_gain":0,"player_choice":"Ignored","damage_taken":0,"max_hp_gain":0,"max_hp_loss":0,"event_name":"Golden Idol","floor":10,"gold_loss":0},{"damage_healed":0,"gold_gain":0,"player_choice":"Bought 3 Potions","damage_taken":0,"max_hp_gain":0,"max_hp_loss":0,"event_name":"The Woman in Blue","floor":12,"gold_loss":0}],"is_beta":false,"boss_relics":[],"items_purged_floors":[4],"is_endless":false,"potions_floor_spawned":[1,2,8,13,14],"ascension_level":0}