{"gold_per_floor":[115,115,115,17,29,54,71,71,124,124,159,159,175,194,194,292,292,305,305,160,160,5,5,30,30,30,60,80,80],"floor_reached":29,"playtime":2029,"items_purged":["Pain","Normality"],"score":412,"play_id":"6b1bffb8-a87b-4eb7-b6d0-b14fb419b503","local_time":"20190717151932","is_ascension_mode":true,"campfire_choices":[{"data":"Zap","floor":8.0,"key":"SMITH"},{"data":"Reprogram","floor":10.0,"key":"SMITH"},{"floor":12.0,"key":"REST"},{"data":"Auto Shields","floor":15.0,"key":"SMITH"},{"floor":23.0,"key":"REST"},{"data":"RitualDagger","floor":25,"key":"SMITH"}],"neow_cost":"NONE","seed_source_timestamp":232850673398033,"circlet_count":0,"master_deck":["Strike_B","Strike_B","Strike_B","Strike_B+1","Defend_B","Defend_B","Defend_B","Defend_B","Zap+1","Dualcast+1","Auto Shields+1","Leap","Compile Driver+1","Reprogram+1","Conserve Battery","Glacier","Chill","Rebound+1","Meteor Strike","Shame","Injury","White Noise","RitualDagger+1","Stack","Aggregate","Core Surge","Steam","Force Field","Turbo"],"special_seed":0,"relics":["Cracked Core","NeowsBlessing","WarpedTongs","Lantern","Juzu Bracelet","Unceasing Top","Calling Bell","Art of War","Symbiotic Virus","Dead Branch","Matryoshka","Turnip","Whetstone","Emotion Chip"],"potions_floor_usage":[],"damage_taken":[{"damage":0.0,"enemies":"Jaw Worm","floor":1.0,"turns":1.0},{"damage":0.0,"enemies":"Small Slimes","floor":5.0,"turns":1.0},{"damage":0.0,"enemies":"Gremlin Nob","floor":6.0,"turns":1.0},{"damage":0.0,"enemies":"Cultist","floor":7.0,"turns":3.0},{"damage":15.0,"enemies":"Lagavulin","floor":11.0,"turns":7.0},{"damage":1.0,"enemies":"Looter","floor":13.0,"turns":3.0},{"damage":0.0,"enemies":"Blue Slaver","floor":14.0,"turns":3.0},{"damage":17.0,"enemies":"Slime Boss","floor":16.0,"turns":15.0},{"damage":0.0,"enemies":"Chosen","floor":18.0,"turns":8.0},{"damage":17,"enemies":"Gremlin Leader","floor":24,"turns":6},{"damage":21,"enemies":"Book of Stabbing","floor":27,"turns":7},{"damage":10,"enemies":"Shell Parasite","floor":28,"turns":6},{"damage":28,"enemies":"Slavers","floor":29,"turns":1}],"seed_played":"-5503026911666103084","potions_obtained":[{"floor":1.0,"key":"SkillPotion"},{"floor":5.0,"key":"FearPotion"},{"floor":13.0,"key":"Explosive Potion"},{"floor":18.0,"key":"Strength Potion"}],"is_trial":false,"path_per_floor":["M","?","?","$","M","E","M","R","T","R","E","R","M","M","R","B",null,"M","?","$","?","$","R","E","R","T","E","M","E"],"character_chosen":"DEFECT","items_purchased":["Leap","Stack","Aggregate","Core Surge"],"campfire_rested":2,"item_purchase_floors":[4,20,22,22],"current_hp_per_floor":[68,53,53,53,53,53,53,53,53,53,38,60,59,59,59,42,67,67,61,61,47,47,71,54,54,54,33,23,0],"gold":80,"neow_bonus":"THREE_ENEMY_KILL","is_prod":false,"is_daily":false,"chose_seed":false,"campfire_upgraded":4,"win_rate":0,"timestamp":1563391172,"path_taken":["M","?","?","$","?","E","M","R","T","R","E","R","M","M","R","BOSS","M","?","$","?","$","R","E","R","T","E","M","E"],"build_version":"2019-07-05","purchased_purges":2,"victory":false,"max_hp_per_floor":[75,75,75,75,75,75,75,75,75,75,75,75,75,75,75,75,75,75,75,75,80,80,80,80,80,80,80,80,80],"card_choices":[{"not_picked":["Tempest","Beam Cell"],"picked":"Auto Shields","floor":1.0},{"not_picked":["Force Field","Rip and Tear"],"picked":"Compile Driver","floor":5.0},{"not_picked":["Doom and Gloom","FTL"],"picked":"Reprogram","floor":6.0},{"not_picked":["Rebound","Redo"],"picked":"Conserve Battery","floor":7.0},{"not_picked":["Loop","Streamline"],"picked":"Glacier","floor":11.0},{"not_picked":["Gash","Barrage"],"picked":"Chill","floor":13.0},{"not_picked":["Compile Driver","Steam"],"picked":"Rebound","floor":14.0},{"not_picked":["Machine Learning","Biased Cognition"],"picked":"Meteor Strike","floor":16.0},{"not_picked":["Steam+1","Rip and Tear"],"picked":"White Noise","floor":18.0},{"not_picked":["Ball Lightning","Cold Snap+1"],"picked":"Steam","floor":24},{"not_picked":["Compile Driver+1","Coolheaded+1"],"picked":"Force Field","floor":27},{"not_picked":["Leap+1","Rebound+1"],"picked":"Turbo","floor":28}],"player_experience":989208,"relics_obtained":[{"floor":6.0,"key":"Lantern"},{"floor":9.0,"key":"Juzu Bracelet"},{"floor":11.0,"key":"Unceasing Top"},{"floor":17.0,"key":"Art of War"},{"floor":17.0,"key":"Symbiotic Virus"},{"floor":17.0,"key":"Dead Branch"},{"floor":24,"key":"Matryoshka"},{"floor":26,"key":"Turnip"},{"floor":26,"key":"Whetstone"},{"floor":27,"key":"Emotion Chip"}],"event_choices":[{"damage_healed":0.0,"max_hp_gain":0.0,"max_hp_loss":0.0,"gold_gain":0.0,"event_name":"Shining Light","player_choice":"Entered Light","floor":2.0,"gold_loss":0.0,"damage_taken":15.0,"cards_upgraded":["Strike_B","Dualcast"]},{"damage_healed":0.0,"max_hp_gain":0.0,"max_hp_loss":0.0,"gold_gain":0.0,"event_name":"Accursed Blacksmith","player_choice":"Rummage","floor":3.0,"gold_loss":0.0,"damage_taken":0.0,"relics_obtained":["WarpedTongs"],"cards_obtained":["Pain"]},{"damage_healed":0.0,"max_hp_gain":0.0,"max_hp_loss":0.0,"gold_gain":0.0,"event_name":"Nest","player_choice":"Joined the Cult","floor":19.0,"gold_loss":0.0,"damage_taken":6.0,"cards_obtained":["RitualDagger"]},{"damage_healed":0.0,"max_hp_gain":5.0,"max_hp_loss":0.0,"gold_gain":0.0,"event_name":"Forgotten Altar","player_choice":"Shed Blood","floor":21.0,"gold_loss":0.0,"damage_taken":19.0}],"is_beta":false,"boss_relics":[{"not_picked":["Runic Pyramid","White Beast Statue"],"picked":"Calling Bell"}],"items_purged_floors":[4,20],"is_endless":false,"potions_floor_spawned":[1,5,13,18],"killed_by":"Slavers","ascension_level":8}