{"gold_per_floor":[211,211,177,187,10,10,45,56,103,128,148,8,8,24,24,125,125,136,146,161,179,179],"floor_reached":22,"playtime":1806,"items_purged":["Strike_B","Strike_B"],"score":317,"play_id":"eebb8f55-4a90-4b64-a5a6-205c6dc36c2f","local_time":"20190826145707","is_ascension_mode":true,"campfire_choices":[{"data":"Loop","floor":6.0,"key":"SMITH"},{"floor":13.0,"key":"REST"},{"floor":15.0,"key":"REST"}],"neow_cost":"NONE","seed_source_timestamp":0,"circlet_count":0,"master_deck":["AscendersBane","Strike_B","Strike_B","Defend_B","Defend_B","Defend_B","Defend_B","Zap","Dualcast","Darkness","Self Repair","Reprogram","Compile Driver","Loop+1","Buffer","Turbo","Doom and Gloom","Cold Snap","Force Field","Steam","Multi-Cast","Undo+1","Turbo+1","Stack","Force Field"],"special_seed":0,"relics":["Cracked Core","Regal Pillow","Letter Opener","Velvet Choker"],"potions_floor_usage":[],"damage_taken":[{"damage":0.0,"enemies":"2 Louse","floor":1.0,"turns":1.0},{"damage":11.0,"enemies":"Cultist","floor":4.0,"turns":4.0},{"damage":50.0,"enemies":"3 Sentries","floor":7.0,"turns":8.0},{"damage":0.0,"enemies":"Small Slimes","floor":8.0,"turns":4.0},{"damage":7.0,"enemies":"Lagavulin","floor":10.0,"turns":6.0},{"damage":25.0,"enemies":"Exordium Thugs","floor":11.0,"turns":5.0},{"damage":14.0,"enemies":"3 Louse","floor":14.0,"turns":3.0},{"damage":39.0,"enemies":"The Guardian","floor":16.0,"turns":9.0},{"damage":18.0,"enemies":"Chosen","floor":18.0,"turns":6.0},{"damage":33.0,"enemies":"2 Thieves","floor":19.0,"turns":3.0},{"damage":20.0,"enemies":"Snake Plant","floor":20.0,"turns":4.0},{"damage":15,"enemies":"Centurion and Healer","floor":21,"turns":7},{"damage":9,"enemies":"Shelled Parasite and Fungi","floor":22,"turns":2}],"seed_played":"-3817651717447561602","potions_obtained":[{"floor":1.0,"key":"Ancient Potion"},{"floor":2.0,"key":"LiquidBronze"},{"floor":2.0,"key":"LiquidBronze"},{"floor":8.0,"key":"AttackPotion"},{"floor":11.0,"key":"Ancient Potion"},{"floor":18.0,"key":"FocusPotion"},{"floor":19.0,"key":"Regen Potion"}],"is_trial":false,"path_per_floor":["M","?","$","M","$","R","E","M","T","E","M","$","R","M","R","B",null,"M","M","M","M","M"],"character_chosen":"DEFECT","items_purchased":["Self Repair","Compile Driver","Loop","Force Field"],"campfire_rested":2,"item_purchase_floors":[3,5,5,12],"current_hp_per_floor":[68,68,68,64,64,64,21,28,28,28,3,3,40,33,70,38,66,55,29,16,8,0],"gold":179,"neow_bonus":"HUNDRED_GOLD","is_prod":false,"is_daily":false,"chose_seed":false,"campfire_upgraded":1,"win_rate":0,"timestamp":1566845827,"path_taken":["M","?","$","M","$","R","E","?","T","E","M","$","R","M","R","BOSS","M","?","M","?","M"],"build_version":"2019-07-17","purchased_purges":2,"victory":false,"max_hp_per_floor":[75,75,75,75,75,75,75,75,75,75,75,75,75,75,75,75,75,75,75,75,75,75],"card_choices":[{"not_picked":["Force Field","Leap"],"picked":"Darkness","floor":1.0},{"not_picked":["Turbo","Hologram"],"picked":"Reprogram","floor":4.0},{"not_picked":["Barrage","White Noise"],"picked":"Buffer","floor":7.0},{"not_picked":["Reinforced Body","Redo"],"picked":"Turbo","floor":8.0},{"not_picked":["Rebound","Coolheaded"],"picked":"Doom and Gloom","floor":10.0},{"not_picked":["Recycle","Go for the Eyes"],"picked":"Cold Snap","floor":11.0},{"not_picked":["Cold Snap","Redo"],"picked":"Steam","floor":14.0},{"not_picked":["Machine Learning","Thunder Strike"],"picked":"Multi-Cast","floor":16.0},{"not_picked":["Ball Lightning","Steam"],"picked":"Undo+1","floor":18.0},{"not_picked":["Redo","Leap"],"picked":"Turbo+1","floor":19.0},{"not_picked":["Cold Snap","Rebound"],"picked":"Stack","floor":20.0},{"not_picked":["Stack","Darkness"],"picked":"Force Field","floor":21}],"player_experience":1198296,"relics_obtained":[{"floor":7.0,"key":"Regal Pillow"},{"floor":10.0,"key":"Letter Opener"}],"event_choices":[{"damage_healed":0.0,"max_hp_gain":0.0,"max_hp_loss":0.0,"gold_gain":0.0,"event_name":"Lab","player_choice":"Got Potions","floor":2.0,"gold_loss":0.0,"damage_taken":0.0}],"is_beta":false,"boss_relics":[{"not_picked":["White Beast Statue","Astrolabe"],"picked":"Velvet Choker"}],"items_purged_floors":[5,12],"is_endless":false,"potions_floor_spawned":[1,8,11,18,19],"killed_by":"Shelled Parasite and Fungi","ascension_level":12}