{"gold_per_floor":[118,135,135,148,167,196,196,227,227,253,272,447,447,461,461,461],"floor_reached":16,"playtime":2378,"items_purged":[],"score":171,"play_id":"cbfc36c8-858b-44af-842d-ee32886e7b47","local_time":"20190812215718","is_ascension_mode":true,"campfire_choices":[{"floor":7,"key":"REST"},{"floor":13,"key":"REST"},{"data":"Body Slam","floor":15,"key":"SMITH"}],"neow_cost":"NONE","seed_source_timestamp":33738379285756,"circlet_count":0,"master_deck":["Strike_R","Strike_R","Strike_R","Strike_R","Strike_R","Defend_R","Defend_R","Defend_R","Defend_R","Bash","Rage","Whirlwind","Body Slam+1","Spot Weakness+1","Sentinel+1","Flame Barrier+1","True Grit+1","Doubt"],"relics":["Burning Blood","Vajra","Toxic Egg 2","The Courier","Bottled Lightning","Gremlin Horn"],"potions_floor_usage":[6,10,16],"damage_taken":[{"damage":13,"enemies":"Small Slimes","floor":1,"turns":3},{"damage":10,"enemies":"Jaw Worm","floor":2,"turns":6},{"damage":0,"enemies":"Cultist","floor":4,"turns":3},{"damage":0,"enemies":"Lots of Slimes","floor":5,"turns":1},{"damage":64,"enemies":"Gremlin Nob","floor":6,"turns":6},{"damage":29,"enemies":"Lagavulin","floor":8,"turns":6},{"damage":4,"enemies":"3 Sentries","floor":10,"turns":3},{"damage":9,"enemies":"Looter","floor":11,"turns":3},{"damage":7,"enemies":"3 Louse","floor":14,"turns":3},{"damage":60,"enemies":"Hexaghost","floor":16,"turns":9}],"seed_played":"1529991457428299247","potions_obtained":[{"floor":1,"key":"SneckoOil"},{"floor":8,"key":"SneckoOil"},{"floor":14,"key":"BloodPotion"}],"is_trial":false,"path_per_floor":["M","M","?","M","M","E","R","E","T","E","M","?","R","M","R","B"],"character_chosen":"IRONCLAD","items_purchased":[],"campfire_rested":2,"item_purchase_floors":[],"current_hp_per_floor":[73,69,57,63,69,11,37,14,14,16,13,13,39,38,38,0],"gold":461,"neow_bonus":"TEN_PERCENT_HP_BONUS","is_prod":false,"is_daily":false,"chose_seed":false,"campfire_upgraded":1,"win_rate":0,"timestamp":1565661438,"path_taken":["M","M","?","M","M","E","R","E","T","E","M","?","R","M","R","BOSS"],"build_version":"2019-07-17","purchased_purges":0,"victory":false,"max_hp_per_floor":[88,88,88,88,88,88,88,88,88,88,88,88,88,88,88,88],"card_choices":[{"not_picked":["True Grit","Armaments"],"picked":"Rage","floor":1},{"not_picked":["Entrench","Wild Strike","Shockwave"],"picked":"SKIP","floor":2},{"not_picked":["Battle Trance","Dropkick"],"picked":"Whirlwind","floor":4},{"not_picked":["Evolve","Headbutt"],"picked":"Body Slam","floor":5},{"not_picked":["Cleave","Ghostly Armor"],"picked":"Spot Weakness","floor":6},{"not_picked":["Ghostly Armor+1","Whirlwind"],"picked":"Sentinel+1","floor":8},{"not_picked":["Intimidate+1","Anger"],"picked":"Flame Barrier+1","floor":10},{"not_picked":["Clothesline","Anger"],"picked":"True Grit+1","floor":11},{"not_picked":["Twin Strike","Pommel Strike","Cleave"],"picked":"SKIP","floor":14}],"player_experience":1132799,"relics_obtained":[{"floor":6,"key":"Toxic Egg 2"},{"floor":8,"key":"The Courier"},{"floor":9,"key":"Bottled Lightning"},{"floor":10,"key":"Gremlin Horn"}],"event_choices":[{"damage_healed":0,"gold_gain":0,"player_choice":"Success","damage_taken":12,"relics_obtained":["Vajra"],"max_hp_gain":0,"max_hp_loss":0,"event_name":"Scrap Ooze","floor":3,"gold_loss":0},{"damage_healed":0,"gold_gain":175,"player_choice":"AGREE","damage_taken":0,"max_hp_gain":0,"max_hp_loss":0,"event_name":"Liars Game","floor":12,"gold_loss":0,"cards_obtained":["Doubt"]}],"is_beta":false,"boss_relics":[],"items_purged_floors":[],"is_endless":false,"potions_floor_spawned":[1,8,14],"killed_by":"Hexaghost","ascension_level":8}