{"gold_per_floor":[111,11,30,30,47,75,75,94,119,119,119,150,32,32,32,32],"floor_reached":16,"playtime":923,"items_purged":[],"score":133,"play_id":"9f247467-0f99-42d4-822d-9523f8f080be","local_time":"20191020215830","is_ascension_mode":false,"campfire_choices":[{"data":"Caltrops","floor":7,"key":"SMITH"},{"data":"Footwork","floor":11,"key":"SMITH"},{"data":"Footwork","floor":15,"key":"SMITH"}],"neow_cost":"NONE","seed_source_timestamp":126838718515400,"circlet_count":0,"master_deck":["Strike_G","Strike_G","Strike_G","Strike_G","Strike_G","Defend_G","Defend_G","Defend_G","Defend_G+1","Defend_G","Survivor","Neutralize","Flying Knee","Underhanded Strike","Footwork+1","Caltrops+1","Dagger Throw+1","Choke+1","Underhanded Strike+1","Footwork+1","Reflex","Footwork+1"],"relics":["Ring of the Snake","Molten Egg 2","Mango","Regal Pillow","Thread and Needle","Vajra"],"potions_floor_usage":[6,16],"damage_taken":[{"damage":0,"enemies":"Cultist","floor":1,"turns":3},{"damage":0,"enemies":"2 Louse","floor":3,"turns":3},{"damage":2,"enemies":"Small Slimes","floor":5,"turns":3},{"damage":26,"enemies":"3 Sentries","floor":6,"turns":9},{"damage":0,"enemies":"2 Fungi Beasts","floor":8,"turns":3},{"damage":6,"enemies":"Lagavulin","floor":12,"turns":8},{"damage":15,"enemies":"Slime Boss","floor":16,"turns":6}],"seed_played":"3672278488862290635","potions_obtained":[{"floor":3,"key":"LiquidBronze"},{"floor":5,"key":"Swift Potion"}],"is_trial":false,"path_per_floor":["M","$","M","T","M","E","R","M","T","?","R","E","$","?","R","B"],"character_chosen":"THE_SILENT","items_purchased":["Underhanded Strike","Footwork","Reflex","Footwork"],"campfire_rested":0,"item_purchase_floors":[2,2,13,13],"current_hp_per_floor":[77,77,77,77,75,63,63,63,63,45,45,39,39,21,21,6],"gold":32,"neow_bonus":"TEN_PERCENT_HP_BONUS","is_prod":false,"is_daily":false,"chose_seed":false,"campfire_upgraded":3,"win_rate":0.0,"timestamp":1571623110,"path_taken":["M","?","?","?","?","E","R","M","T","?","R","E","$","?","R","BOSS"],"build_version":"2019-07-17","purchased_purges":0,"victory":false,"max_hp_per_floor":[77,77,77,77,77,91,91,91,91,91,91,91,91,91,91,91],"card_choices":[{"not_picked":["Backflip","Sucker Punch"],"picked":"Flying Knee","floor":1},{"not_picked":["Sucker Punch","Deflect"],"picked":"Caltrops","floor":3},{"not_picked":["Backflip","Quick Slash+1"],"picked":"Dagger Throw+1","floor":5},{"not_picked":["Sucker Punch+1","Quick Slash+1"],"picked":"Choke+1","floor":6},{"not_picked":["Doppelganger","Acrobatics"],"picked":"Underhanded Strike+1","floor":8},{"not_picked":["Deadly Poison","Flechettes+1"],"picked":"Footwork","floor":12}],"player_experience":28971,"relics_obtained":[{"floor":4,"key":"Molten Egg 2"},{"floor":6,"key":"Mango"},{"floor":9,"key":"Regal Pillow"},{"floor":12,"key":"Vajra"}],"event_choices":[{"damage_healed":0,"gold_gain":0,"player_choice":"Success","damage_taken":18,"relics_obtained":["Thread and Needle"],"max_hp_gain":0,"max_hp_loss":0,"event_name":"Scrap Ooze","floor":10,"gold_loss":0},{"damage_healed":0,"gold_gain":0,"player_choice":"Entered Light","damage_taken":18,"max_hp_gain":0,"max_hp_loss":0,"event_name":"Shining Light","floor":14,"gold_loss":0,"cards_upgraded":["Footwork","Defend_G"]}],"is_beta":false,"boss_relics":[],"items_purged_floors":[],"is_endless":false,"potions_floor_spawned":[3,5],"killed_by":"Slime Boss","ascension_level":0}