{"gold_per_floor":[109,126,33,44,56,86,86,115,138,148,159,172,172,188,188,290,290,305,0,0,0,0,32,32,32,57,70,70,104,104,33,33,33],"floor_reached":33,"playtime":72993,"items_purged":[],"score":320,"play_id":"1c5d18c4-fb77-4657-bc56-85790f10a9f1","local_time":"20190519142911","is_ascension_mode":false,"campfire_choices":[{"data":"Buffer","floor":7,"key":"SMITH"},{"data":"Zap","floor":13,"key":"SMITH"},{"data":"Beam Cell","floor":15,"key":"SMITH"},{"data":"Self Repair","floor":25,"key":"SMITH"},{"data":"Double Energy","floor":32,"key":"SMITH"}],"neow_cost":"NONE","seed_source_timestamp":262051885172967,"circlet_count":0,"master_deck":["Strike_B","Strike_B","Defend_B","Defend_B","Defend_B","Defend_B","Zap+1","Dualcast","Beam Cell+1","Steam","Double Energy+1","Go for the Eyes","Buffer+1","Tempest","BootSequence","Genetic Algorithm","Sweeping Beam","Hologram","Gash","Gash","Thunder Strike","Compile Driver+1","FTL","Self Repair+1","Decay","Turbo+1","Gash","Melter","Compile Driver+1","Aggregate","Redo+1","Scrape"],"relics":["FrozenCore","NeowsBlessing","Bag of Preparation","Bronze Scales","Vajra","PrismaticShard","Juzu Bracelet","Ornamental Fan","Omamori","Pen Nib","Mercury Hourglass"],"potions_floor_usage":[10,16,29,29,29],"damage_taken":[{"damage":0,"enemies":"Small Slimes","floor":1,"turns":1},{"damage":0,"enemies":"2 Louse","floor":2,"turns":1},{"damage":0,"enemies":"Jaw Worm","floor":4,"turns":1},{"damage":0,"enemies":"2 Fungi Beasts","floor":5,"turns":4},{"damage":22,"enemies":"Lagavulin","floor":6,"turns":7},{"damage":0,"enemies":"Gremlin Nob","floor":8,"turns":4},{"damage":1,"enemies":"Large Slime","floor":10,"turns":4},{"damage":0,"enemies":"3 Louse","floor":11,"turns":2},{"damage":0,"enemies":"Red Slaver","floor":12,"turns":2},{"damage":0,"enemies":"2 Fungi Beasts","floor":14,"turns":2},{"damage":53,"enemies":"The Guardian","floor":16,"turns":8},{"damage":2,"enemies":"Spheric Guardian","floor":18,"turns":5},{"damage":30,"enemies":"Book of Stabbing","floor":23,"turns":5},{"damage":1,"enemies":"Chosen","floor":27,"turns":5},{"damage":17,"enemies":"Gremlin Leader","floor":29,"turns":7},{"damage":71,"enemies":"Collector","floor":33,"turns":10}],"seed_played":"341059232095411114","potions_obtained":[{"floor":1,"key":"Regen Potion"},{"floor":5,"key":"PowerPotion"},{"floor":6,"key":"Explosive Potion"},{"floor":8,"key":"Energy Potion"},{"floor":11,"key":"SkillPotion"},{"floor":12,"key":"Strength Potion"},{"floor":18,"key":"Block Potion"},{"floor":23,"key":"Explosive Potion"}],"is_trial":false,"path_per_floor":["M","M","$","M","M","E","R","E","T","M","M","M","R","M","R","B",null,"M","$","?","?","?","E","?","R","T","M","?","E","?","$","R","B"],"character_chosen":"DEFECT","items_purchased":["Double Energy","Go for the Eyes","FTL","Self Repair","PrismaticShard","Scrape"],"campfire_rested":0,"item_purchase_floors":[3,3,19,19,19,31],"current_hp_per_floor":[75,75,75,75,75,53,53,53,53,57,57,57,57,57,57,4,75,73,73,73,73,73,50,50,50,50,59,59,52,52,52,52,0],"gold":33,"neow_bonus":"THREE_ENEMY_KILL","is_prod":false,"is_daily":false,"chose_seed":false,"campfire_upgraded":5,"win_rate":0.0,"timestamp":1558301351,"path_taken":["M","M","$","M","M","E","R","E","T","M","M","M","R","M","R","BOSS","M","$","?","?","?","E","?","R","T","M","?","E","?","$","R","BOSS"],"build_version":"2019-01-23","purchased_purges":0,"victory":false,"max_hp_per_floor":[75,75,75,75,75,75,75,75,75,75,75,75,75,75,75,75,75,75,75,75,75,75,75,75,75,75,75,75,75,75,75,75,75],"card_choices":[{"not_picked":["Defragment","Streamline"],"picked":"Beam Cell","floor":1},{"not_picked":["Defragment","Beam Cell"],"picked":"Steam","floor":2},{"not_picked":["Hologram","Stack"],"picked":"Buffer","floor":4},{"not_picked":["Static Discharge","Sweeping Beam"],"picked":"Tempest","floor":5},{"not_picked":["Auto Shields","Core Surge"],"picked":"BootSequence","floor":6},{"not_picked":["Reboot","Beam Cell"],"picked":"Genetic Algorithm","floor":8},{"not_picked":["Darkness","Streamline"],"picked":"Sweeping Beam","floor":10},{"not_picked":["Go for the Eyes","Streamline"],"picked":"Hologram","floor":11},{"not_picked":["Hologram","Reprogram"],"picked":"Gash","floor":12},{"not_picked":["Capacitor","Defragment"],"picked":"Gash","floor":14},{"not_picked":["Biased Cognition","Multi-Cast"],"picked":"Thunder Strike","floor":16},{"not_picked":["Steam","Streamline"],"picked":"Compile Driver+1","floor":18},{"not_picked":["Trip","Skewer"],"picked":"Turbo+1","floor":23},{"not_picked":["True Grit","Rupture"],"picked":"Compile Driver+1","floor":27},{"not_picked":["Clothesline+1","Purity"],"picked":"Redo+1","floor":29}],"player_experience":58055,"relics_obtained":[{"floor":6,"key":"Bag of Preparation"},{"floor":8,"key":"Bronze Scales"},{"floor":9,"key":"Vajra"},{"floor":23,"key":"Ornamental Fan"},{"floor":26,"key":"Omamori"},{"floor":29,"key":"Pen Nib"}],"event_choices":[{"damage_healed":0,"gold_gain":0,"player_choice":"Opened","damage_taken":0,"relics_obtained":["Juzu Bracelet"],"max_hp_gain":0,"max_hp_loss":0,"event_name":"The Mausoleum","floor":20,"gold_loss":0},{"damage_healed":0,"gold_gain":0,"player_choice":"Ignored","damage_taken":0,"max_hp_gain":0,"max_hp_loss":0,"event_name":"Beggar","floor":21,"gold_loss":0},{"damage_healed":0,"gold_gain":0,"player_choice":"Smashed Altar","damage_taken":0,"max_hp_gain":0,"max_hp_loss":0,"event_name":"Forgotten Altar","floor":22,"gold_loss":0,"cards_obtained":["Decay"]},{"damage_healed":0,"gold_gain":0,"cards_transformed":["Strike_B","Strike_B"],"player_choice":"Became Test Subject","damage_taken":0,"max_hp_gain":0,"max_hp_loss":0,"event_name":"Drug Dealer","floor":24,"gold_loss":0,"cards_obtained":["Gash","Melter"]},{"damage_healed":0,"gold_gain":0,"player_choice":"Read","damage_taken":0,"max_hp_gain":0,"max_hp_loss":0,"event_name":"The Library","floor":28,"gold_loss":0,"cards_obtained":["Aggregate"]},{"damage_healed":0,"gold_gain":0,"player_choice":"Stole Relic","damage_taken":0,"relics_obtained":["Mercury Hourglass"],"max_hp_gain":0,"max_hp_loss":0,"event_name":"Addict","floor":30,"gold_loss":0,"cards_obtained":["Shame"]}],"is_beta":false,"boss_relics":[{"not_picked":["Runic Dome","Cursed Key"],"picked":"FrozenCore"}],"items_purged_floors":[],"is_endless":false,"potions_floor_spawned":[1,5,6,8,11,12,18,23],"killed_by":"Collector","ascension_level":0}