{"gold_per_floor":[113,113,113,128,203,238,279,291],"floor_reached":8,"playtime":262,"items_purged":[],"score":91,"play_id":"92999e81-89b9-4c0f-b6a2-c06a0a711a4b","local_time":"20190609221055","is_ascension_mode":true,"campfire_choices":[],"neow_cost":"NONE","seed_source_timestamp":175178464581924,"circlet_count":0,"master_deck":["Strike_B","Strike_B","Strike_B","Defend_B","Defend_B","Defend_B+1","Defend_B","Zap","Dualcast","Coolheaded+1","Scrape","BootSequence","All For One"],"relics":["Cracked Core","NeowsBlessing","MawBank","Odd Mushroom"],"potions_floor_usage":[],"damage_taken":[{"damage":0,"enemies":"Small Slimes","floor":1,"turns":1},{"damage":0,"enemies":"2 Louse","floor":4,"turns":1},{"damage":0,"enemies":"Lagavulin","floor":6,"turns":1},{"damage":35,"enemies":"The Mushroom Lair","floor":7,"turns":6},{"damage":10,"enemies":"Gremlin Nob","floor":8,"turns":2}],"seed_played":"-2347522496136880316","potions_obtained":[],"is_trial":false,"path_per_floor":["M","?","?","M","?","E","?","E"],"character_chosen":"DEFECT","items_purchased":[],"campfire_rested":0,"item_purchase_floors":[],"current_hp_per_floor":[75,68,53,53,42,42,7,0],"gold":291,"neow_bonus":"THREE_ENEMY_KILL","is_prod":false,"is_daily":false,"chose_seed":false,"campfire_upgraded":0,"win_rate":0,"timestamp":1560143455,"path_taken":["M","?","?","M","?","E","?","E"],"build_version":"2019-01-23","purchased_purges":0,"victory":false,"max_hp_per_floor":[75,75,75,75,75,75,75,75],"card_choices":[{"not_picked":["Streamline","Go for the Eyes"],"picked":"Coolheaded","floor":1},{"not_picked":["Compile Driver","Conserve Battery"],"picked":"Scrape","floor":4},{"not_picked":["Static Discharge","Melter"],"picked":"BootSequence","floor":6},{"not_picked":["Gash","Force Field"],"picked":"All For One","floor":7}],"player_experience":538501,"relics_obtained":[{"floor":6,"key":"MawBank"},{"floor":7,"key":"Odd Mushroom"}],"event_choices":[{"cards_removed":["Strike_B"],"damage_healed":0,"gold_gain":0,"player_choice":"Card Removal","damage_taken":7,"max_hp_gain":0,"max_hp_loss":0,"event_name":"Golden Wing","floor":2,"gold_loss":0},{"damage_healed":0,"gold_gain":0,"player_choice":"Entered Light","damage_taken":15,"max_hp_gain":0,"max_hp_loss":0,"event_name":"Shining Light","floor":3,"gold_loss":0,"cards_upgraded":["Defend_B","Coolheaded"]},{"damage_healed":0,"gold_gain":75,"player_choice":"Gather Gold","damage_taken":11,"max_hp_gain":0,"max_hp_loss":0,"event_name":"World of Goop","floor":5,"gold_loss":0},{"damage_healed":0,"gold_gain":0,"player_choice":"Fought Mushrooms","damage_taken":0,"max_hp_gain":0,"max_hp_loss":0,"event_name":"Mushrooms","floor":7,"gold_loss":0}],"is_beta":false,"boss_relics":[],"items_purged_floors":[],"is_endless":false,"potions_floor_spawned":[],"killed_by":"Gremlin Nob","ascension_level":3}