{"gold_per_floor":[215,215,229,13,32,67,67,84,108,140,140,158,108,108,108,108],"floor_reached":16,"playtime":1016,"items_purged":[],"score":110,"play_id":"cd1f90cc-f53e-4f9d-83b7-653ce02560ee","local_time":"20191020201725","is_ascension_mode":false,"campfire_choices":[{"data":"Armaments","floor":7,"key":"SMITH"},{"data":"Whirlwind","floor":11,"key":"SMITH"},{"data":"Whirlwind","floor":15,"key":"SMITH"}],"neow_cost":"NONE","seed_source_timestamp":120680380256900,"circlet_count":0,"master_deck":["Strike_R","Strike_R","Strike_R","Strike_R","Defend_R+1","Defend_R","Defend_R","Defend_R","Bash","Combust+1","Body Slam","Whirlwind+1","Cleave","Impatience","Armaments+1","Flex+1","Headbutt","Whirlwind+1","Flame Barrier"],"relics":["Burning Blood","PreservedInsect","Juzu Bracelet","Bag of Preparation"],"potions_floor_usage":[16,16,16],"damage_taken":[{"damage":6,"enemies":"Jaw Worm","floor":1,"turns":5},{"damage":7,"enemies":"2 Louse","floor":3,"turns":3},{"damage":9,"enemies":"Small Slimes","floor":5,"turns":2},{"damage":28,"enemies":"Lagavulin","floor":6,"turns":5},{"damage":2,"enemies":"Exordium Wildlife","floor":8,"turns":3},{"damage":16,"enemies":"Gremlin Nob","floor":10,"turns":3},{"damage":7,"enemies":"Red Slaver","floor":12,"turns":3},{"damage":21,"enemies":"Hexaghost","floor":16,"turns":7}],"seed_played":"7723563563836808821","potions_obtained":[{"floor":1,"key":"SteroidPotion"},{"floor":6,"key":"EssenceOfSteel"},{"floor":8,"key":"Swift Potion"}],"is_trial":false,"path_per_floor":["M","?","M","$","M","E","R","M","T","E","R","M","?","?","R","B"],"character_chosen":"IRONCLAD","items_purchased":["Whirlwind","Cleave","Impatience"],"campfire_rested":0,"item_purchase_floors":[4,4,4],"current_hp_per_floor":[80,64,63,63,60,38,38,42,42,32,32,31,31,31,31,10],"gold":108,"neow_bonus":"HUNDRED_GOLD","is_prod":false,"is_daily":false,"chose_seed":false,"campfire_upgraded":3,"win_rate":0.0,"timestamp":1571617045,"path_taken":["M","?","M","$","M","E","R","M","T","E","R","M","?","?","R","BOSS"],"build_version":"2019-07-17","purchased_purges":0,"victory":false,"max_hp_per_floor":[80,80,80,80,80,80,80,80,80,80,80,80,80,80,80,80],"card_choices":[{"not_picked":["Shrug It Off","Spot Weakness"],"picked":"Combust","floor":1},{"not_picked":["Flex","Perfected Strike"],"picked":"Body Slam","floor":3},{"not_picked":["Uppercut","Body Slam"],"picked":"Armaments","floor":5},{"not_picked":["Hemokinesis","Anger"],"picked":"Flex","floor":6},{"not_picked":["Shrug It Off","Feel No Pain"],"picked":"Headbutt","floor":8},{"not_picked":["Sword Boomerang","Warcry"],"picked":"Whirlwind","floor":10},{"not_picked":["Rampage","Intimidate"],"picked":"Flame Barrier","floor":12}],"player_experience":22926,"relics_obtained":[{"floor":6,"key":"PreservedInsect"},{"floor":9,"key":"Juzu Bracelet"},{"floor":10,"key":"Bag of Preparation"}],"event_choices":[{"damage_healed":0,"gold_gain":0,"player_choice":"Entered Light","damage_taken":16,"max_hp_gain":0,"max_hp_loss":0,"event_name":"Shining Light","floor":2,"gold_loss":0,"cards_upgraded":["Defend_R","Combust"]},{"cards_removed":["Strike_R"],"damage_healed":0,"gold_gain":0,"player_choice":"Card Removal","damage_taken":0,"max_hp_gain":0,"max_hp_loss":0,"event_name":"The Cleric","floor":13,"gold_loss":50},{"damage_healed":0,"gold_gain":0,"player_choice":"Grow","damage_taken":0,"max_hp_gain":0,"max_hp_loss":0,"event_name":"Living Wall","floor":14,"gold_loss":0,"cards_upgraded":["Flex"]}],"is_beta":false,"boss_relics":[],"items_purged_floors":[],"is_endless":false,"potions_floor_spawned":[1,6,8],"killed_by":"Hexaghost","ascension_level":0}