{"gold_per_floor":[111,111,13,33,33,66,84,114,169,169],"floor_reached":10,"playtime":1342,"items_purged":[],"score":84,"play_id":"2b0b643b-d106-4547-9261-7c360e68dca2","local_time":"20190606004912","is_ascension_mode":true,"campfire_choices":[],"neow_cost":"NONE","seed_source_timestamp":0,"circlet_count":0,"master_deck":["Defend_G","Defend_G","Defend_G","Defend_G","Defend_G","Strike_G+1","Strike_G","Strike_G+1","Strike_G","Survivor","Neutralize","Envenom","Tactician","Acrobatics","Footwork","Prepared","Poisoned Stab"],"special_seed":0,"relics":["Ring of the Snake","Meat on the Bone","Whetstone","Orichalcum","Ancient Tea Set"],"potions_floor_usage":[],"damage_taken":[{"damage":4.0,"enemies":"Jaw Worm","floor":1.0,"turns":4.0},{"damage":8.0,"enemies":"2 Louse","floor":4.0,"turns":3.0},{"damage":22.0,"enemies":"Lagavulin","floor":6.0,"turns":10.0},{"damage":6.0,"enemies":"Cultist","floor":7.0,"turns":4.0},{"damage":37,"enemies":"3 Sentries","floor":8,"turns":17},{"damage":18,"enemies":"Lots of Slimes","floor":10,"turns":1}],"seed_played":"-9107206249759039505","potions_obtained":[{"floor":7.0,"key":"Fire Potion"},{"floor":8,"key":"SteroidPotion"}],"is_trial":false,"path_per_floor":["M","?","?","M","$","E","M","E","T","M"],"character_chosen":"THE_SILENT","items_purchased":[],"campfire_rested":0,"item_purchase_floors":[],"current_hp_per_floor":[66,66,66,58,58,36,42,17,17,0],"gold":169,"neow_bonus":"ONE_RANDOM_RARE_CARD","is_prod":false,"is_daily":false,"chose_seed":false,"campfire_upgraded":0,"win_rate":0,"timestamp":1559807352,"path_taken":["M","?","?","M","$","E","?","E","T","?"],"build_version":"2019-01-23","purchased_purges":0,"victory":false,"max_hp_per_floor":[70,70,70,70,70,70,70,70,70,70],"card_choices":[{"not_picked":["Slice","Poisoned Stab"],"picked":"Tactician","floor":1.0},{"not_picked":["Escape Plan","Deadly Poison"],"picked":"Acrobatics","floor":4.0},{"not_picked":["Outmaneuver","Sucker Punch"],"picked":"Footwork","floor":6.0},{"not_picked":["Distraction","Finisher"],"picked":"Prepared","floor":7.0},{"not_picked":["Endless Agony","Slice"],"picked":"Poisoned Stab","floor":8}],"player_experience":460603,"relics_obtained":[{"floor":6.0,"key":"Whetstone"},{"floor":8,"key":"Orichalcum"},{"floor":9,"key":"Ancient Tea Set"}],"event_choices":[{"cards_removed":["Strike_G"],"damage_healed":0.0,"max_hp_gain":0.0,"max_hp_loss":0.0,"gold_gain":0.0,"event_name":"Living Wall","player_choice":"Forget","floor":2.0,"gold_loss":0.0,"damage_taken":0.0},{"damage_healed":0.0,"max_hp_gain":0.0,"max_hp_loss":0.0,"gold_gain":0.0,"event_name":"WeMeetAgain","player_choice":"Paid Gold","floor":3.0,"gold_loss":98.0,"damage_taken":0.0,"relics_obtained":["Meat on the Bone"]}],"is_beta":false,"boss_relics":[],"items_purged_floors":[],"is_endless":false,"potions_floor_spawned":[7,8],"killed_by":"Lots of Slimes","ascension_level":2}