{"gold_per_floor":[111,111,2,16,16,47,222,222,248,248,263,278,278,3,3,99,99,112,112,127,76,52,52,63,77,77,77,97,14,64,78,78,78],"floor_reached":33,"playtime":2848,"items_purged":["Regret"],"score":270,"play_id":"f4536c2a-b7cf-44d9-9e5a-99f118bef24f","local_time":"20190528041008","is_ascension_mode":false,"campfire_choices":[{"data":"Inflame","floor":8,"key":"SMITH"},{"data":"Evolve","floor":13,"key":"SMITH"},{"data":"Hemokinesis","floor":15,"key":"SMITH"},{"data":"Limit Break","floor":23,"key":"SMITH"},{"floor":27,"key":"REST"},{"floor":32,"key":"REST"}],"neow_cost":"NONE","seed_source_timestamp":103565877179622,"circlet_count":0,"master_deck":["Strike_R+1","Strike_R","Strike_R","Strike_R","Defend_R","Defend_R","Defend_R","Defend_R","Bash","Headbutt+1","Inflame+1","Reckless Charge","Evolve+1","Sever Soul","Doubt","Burning Pact","Hemokinesis+1","Warcry","Clash","Limit Break+1","Regret","Parasite","Rage+1","Sword Boomerang","Thunderclap","Warcry","Pummel","Armaments","Pommel Strike+1","Barricade","Inflame","Ghostly Armor","Cleave","Clash"],"relics":["Burning Blood","Pen Nib","Dream Catcher","Strawberry","OrangePellets","Calling Bell","Question Card","Magic Flower","Juzu Bracelet","SsserpentHead","Ginger"],"potions_floor_usage":[16,20,25,28,31,33],"damage_taken":[{"damage":6,"enemies":"Jaw Worm","floor":1,"turns":3},{"damage":0,"enemies":"Small Slimes","floor":4,"turns":3},{"damage":6,"enemies":"Gremlin Nob","floor":6,"turns":3},{"damage":0,"enemies":"2 Louse","floor":11,"turns":2},{"damage":10,"enemies":"Exordium Thugs","floor":12,"turns":4},{"damage":29,"enemies":"Slime Boss","floor":16,"turns":7},{"damage":12,"enemies":"Spheric Guardian","floor":18,"turns":3},{"damage":46,"enemies":"3 Byrds","floor":20,"turns":7},{"damage":43,"enemies":"Centurion and Healer","floor":24,"turns":6},{"damage":0,"enemies":"3 Cultists","floor":25,"turns":2},{"damage":62,"enemies":"Snecko","floor":28,"turns":6},{"damage":2,"enemies":"Cultist and Chosen","floor":31,"turns":4},{"damage":59,"enemies":"Champ","floor":33,"turns":7}],"seed_played":"4315589387878411583","potions_obtained":[{"floor":11,"key":"Ancient Potion"},{"floor":12,"key":"Fruit Juice"},{"floor":16,"key":"SkillPotion"},{"floor":18,"key":"EssenceOfSteel"},{"floor":24,"key":"SteroidPotion"}],"is_trial":false,"path_per_floor":["M","?","$","M","$","E","?","R","T","?","M","M","R","$","R","B",null,"M","?","M","$","$","R","M","M","T","R","M","$","?","M","R","B"],"character_chosen":"IRONCLAD","items_purchased":["Inflame","Reckless Charge","OrangePellets","Warcry","Clash","Thunderclap","Warcry","Inflame","Block Potion"],"campfire_rested":2,"item_purchase_floors":[3,3,14,14,14,21,22,29,29],"current_hp_per_floor":[88,70,70,76,76,76,76,76,76,80,86,82,82,82,82,64,100,97,97,60,60,60,60,26,35,35,65,12,12,12,19,49,0],"gold":78,"neow_bonus":"TEN_PERCENT_HP_BONUS","is_prod":false,"is_daily":false,"chose_seed":false,"campfire_upgraded":4,"win_rate":0.0,"timestamp":1559041808,"path_taken":["M","?","$","M","?","E","?","R","T","?","M","?","R","$","R","BOSS","M","?","M","?","$","R","M","M","T","R","M","$","?","M","R","BOSS"],"build_version":"2019-01-23","purchased_purges":1,"victory":false,"max_hp_per_floor":[88,88,88,88,88,88,88,88,88,95,95,95,95,95,95,100,100,100,100,100,100,100,100,100,100,100,100,100,100,100,100,100,100],"card_choices":[{"not_picked":["Shrug It Off","Sword Boomerang"],"picked":"Headbutt","floor":1},{"not_picked":["Blood for Blood","Clash"],"picked":"Evolve","floor":4},{"not_picked":["Entrench","Warcry"],"picked":"Sever Soul","floor":6},{"not_picked":["Ghostly Armor","Wild Strike"],"picked":"Burning Pact","floor":11},{"not_picked":["Headbutt","Clash"],"picked":"Hemokinesis","floor":12},{"not_picked":["Berserk","Reaper"],"picked":"Limit Break","floor":16},{"not_picked":["Anger","Body Slam","Power Through"],"picked":"Rage+1","floor":18},{"not_picked":["Body Slam","Flex","Uppercut+1"],"picked":"Sword Boomerang","floor":20},{"not_picked":["Perfected Strike","Thunderclap","Flame Barrier"],"picked":"Pummel","floor":24},{"not_picked":["Body Slam","Cleave","Headbutt"],"picked":"Armaments","floor":25},{"not_picked":["Iron Wave","Evolve","Burning Pact+1"],"picked":"Pommel Strike+1","floor":27},{"not_picked":["Perfected Strike","Wild Strike","Clash+1"],"picked":"Barricade","floor":28},{"not_picked":["Twin Strike","Shrug It Off","Wild Strike"],"picked":"Cleave","floor":31},{"not_picked":["Evolve","Searing Blow","Anger"],"picked":"Clash","floor":32}],"player_experience":217762,"relics_obtained":[{"floor":6,"key":"Pen Nib"},{"floor":9,"key":"Dream Catcher"},{"floor":17,"key":"Question Card"},{"floor":17,"key":"Magic Flower"},{"floor":17,"key":"Juzu Bracelet"},{"floor":26,"key":"Ginger"}],"event_choices":[{"damage_healed":0,"gold_gain":0,"player_choice":"Entered Light","damage_taken":18,"max_hp_gain":0,"max_hp_loss":0,"event_name":"Shining Light","floor":2,"gold_loss":0,"cards_upgraded":["Strike_R","Headbutt"]},{"damage_healed":0,"gold_gain":175,"player_choice":"AGREE","damage_taken":0,"max_hp_gain":0,"max_hp_loss":0,"event_name":"Liars Game","floor":7,"gold_loss":0,"cards_obtained":["Doubt"]},{"damage_healed":0,"gold_gain":0,"player_choice":"Success","damage_taken":3,"relics_obtained":["Strawberry"],"max_hp_gain":0,"max_hp_loss":0,"event_name":"Scrap Ooze","floor":10,"gold_loss":0},{"damage_healed":0,"gold_gain":0,"player_choice":"Trade","damage_taken":0,"relics_obtained":["SsserpentHead"],"max_hp_gain":0,"max_hp_loss":0,"event_name":"FaceTrader","floor":19,"gold_loss":0},{"damage_healed":0,"gold_gain":0,"cards_transformed":["Strike_R"],"player_choice":"Transformed","damage_taken":0,"max_hp_gain":0,"max_hp_loss":0,"event_name":"Transmorgrifier","floor":30,"gold_loss":0,"cards_obtained":["Ghostly Armor"]}],"is_beta":false,"boss_relics":[{"not_picked":["Fusion Hammer","Lizard Tail"],"picked":"Calling Bell"}],"items_purged_floors":[21],"is_endless":false,"potions_floor_spawned":[11,12,16,18,24],"killed_by":"Champ","ascension_level":0}