{"gold_per_floor":[213,223,175,188,201,201,211,236,236,252,252,252,252,272,272,272],"floor_reached":16,"playtime":1033,"items_purged":[],"score":109,"play_id":"8b85116e-cad0-41d0-821b-6c22bd61de97","local_time":"20190604111620","is_ascension_mode":true,"campfire_choices":[{"data":"Redo","floor":6.0,"key":"SMITH"},{"floor":12,"key":"REST"},{"floor":15,"key":"REST"}],"neow_cost":"NONE","seed_source_timestamp":0,"circlet_count":0,"master_deck":["Strike_B","Strike_B","Strike_B","Strike_B","Defend_B","Defend_B","Defend_B","Defend_B","Zap","Dualcast","Scrape","Gash","Sweeping Beam","Redo+1","Electrodynamics","Turbo","Darkness","Steam","Injury","Conserve Battery"],"special_seed":0,"relics":["Cracked Core","Centennial Puzzle","Smiling Mask","Golden Idol","PreservedInsect"],"potions_floor_usage":[8,16],"damage_taken":[{"damage":1.0,"enemies":"Cultist","floor":1.0,"turns":3.0},{"damage":11.0,"enemies":"Jaw Worm","floor":2.0,"turns":3.0},{"damage":2.0,"enemies":"2 Louse","floor":4.0,"turns":2.0},{"damage":10.0,"enemies":"Large Slime","floor":5.0,"turns":5.0},{"damage":6.0,"enemies":"3 Louse","floor":7.0,"turns":3.0},{"damage":25,"enemies":"Lagavulin","floor":8,"turns":4},{"damage":5,"enemies":"Exordium Thugs","floor":10,"turns":2},{"damage":26,"enemies":"Gremlin Gang","floor":14,"turns":4},{"damage":34,"enemies":"The Guardian","floor":16,"turns":8}],"seed_played":"5133564342544338786","potions_obtained":[{"floor":1.0,"key":"FearPotion"},{"floor":8,"key":"SneckoOil"},{"floor":14,"key":"SteroidPotion"}],"is_trial":false,"path_per_floor":["M","M","$","M","M","R","M","E","T","M","?","R","?","M","R","B"],"character_chosen":"DEFECT","items_purchased":["Sweeping Beam"],"campfire_rested":2,"item_purchase_floors":[3],"current_hp_per_floor":[74,63,63,61,51,51,45,20,20,15,15,37,37,11,33,0],"gold":272,"neow_bonus":"HUNDRED_GOLD","is_prod":false,"is_daily":false,"chose_seed":false,"campfire_upgraded":1,"win_rate":0,"timestamp":1559672180,"path_taken":["M","M","$","M","M","R","?","E","T","M","?","R","?","M","R","BOSS"],"build_version":"2019-01-23","purchased_purges":0,"victory":false,"max_hp_per_floor":[75,75,75,75,75,75,75,75,75,75,75,75,75,75,75,75],"card_choices":[{"not_picked":["Turbo","Stack"],"picked":"Scrape","floor":1.0},{"not_picked":["Conserve Battery","Coolheaded"],"picked":"Gash","floor":2.0},{"not_picked":["Sunder","Hologram"],"picked":"Redo","floor":4.0},{"not_picked":["Leap","Cold Snap"],"picked":"Electrodynamics","floor":5.0},{"not_picked":["Undo","Streamline"],"picked":"Turbo","floor":7.0},{"not_picked":["Meteor Strike","Rebound"],"picked":"Darkness","floor":8},{"not_picked":["Conserve Battery","Compile Driver"],"picked":"Steam","floor":10},{"not_picked":["Sunder","Steam"],"picked":"Conserve Battery","floor":14}],"player_experience":395514,"relics_obtained":[{"floor":8,"key":"Centennial Puzzle"},{"floor":9,"key":"Smiling Mask"}],"event_choices":[{"damage_healed":0,"gold_gain":0,"player_choice":"Take Wound","damage_taken":0,"relics_obtained":["Golden Idol"],"max_hp_gain":0,"max_hp_loss":0,"event_name":"Golden Idol","floor":11,"gold_loss":0,"cards_obtained":["Injury"]},{"damage_healed":0,"gold_gain":0,"player_choice":"Gave Potion","damage_taken":0,"relics_obtained":["PreservedInsect"],"max_hp_gain":0,"max_hp_loss":0,"event_name":"WeMeetAgain","floor":13,"gold_loss":0}],"is_beta":false,"boss_relics":[],"items_purged_floors":[],"is_endless":false,"potions_floor_spawned":[1,8,14],"killed_by":"The Guardian","ascension_level":1}