{"gold_per_floor":[11,11,24,35,52,52,85,102,151,151,22,22,34,59,59,164,164,182,2,18,18,37,68,68,99,99,99],"floor_reached":27,"playtime":7273,"items_purged":["Strike_B"],"score":263,"play_id":"2b898322-8ae3-45d9-b14d-8352ba29a866","local_time":"20190523203034","is_ascension_mode":false,"campfire_choices":[{"data":"Hologram","floor":10.0,"key":"SMITH"},{"data":"Fusion","floor":12.0,"key":"SMITH"},{"floor":15.0,"key":"REST"},{"floor":24,"key":"REST"}],"neow_cost":"NO_GOLD","seed_source_timestamp":0,"circlet_count":0,"master_deck":["Defend_B","Defend_B","Defend_B","Defend_B","Zap","Dualcast","Machine Learning","Tempest","Turbo","Cold Snap","Conserve Battery","Hologram+1","Fusion+1","Stack","Creative AI","Conserve Battery","Turbo","Thunder Strike","Electrodynamics+1","Fusion+1","Heatsinks+1","White Noise","Blizzard","Undo+1","Ball Lightning","Storm+1"],"special_seed":0,"relics":["FrozenCore","Happy Flower","Vajra","Juzu Bracelet","Frozen Egg 2","Shuriken","Gremlin Horn","Oddly Smooth Stone"],"potions_floor_usage":[23,27],"damage_taken":[{"damage":0.0,"enemies":"Cultist","floor":1.0,"turns":4.0},{"damage":0.0,"enemies":"2 Louse","floor":3.0,"turns":2.0},{"damage":5.0,"enemies":"Jaw Worm","floor":4.0,"turns":3.0},{"damage":6.0,"enemies":"3 Louse","floor":5.0,"turns":4.0},{"damage":9.0,"enemies":"3 Sentries","floor":7.0,"turns":8.0},{"damage":0.0,"enemies":"Exordium Thugs","floor":8.0,"turns":3.0},{"damage":4.0,"enemies":"2 Fungi Beasts","floor":13.0,"turns":5.0},{"damage":5.0,"enemies":"Gremlin Nob","floor":14.0,"turns":4.0},{"damage":23.0,"enemies":"Slime Boss","floor":16.0,"turns":8.0},{"damage":0.0,"enemies":"Chosen","floor":18.0,"turns":6.0},{"damage":5.0,"enemies":"Spheric Guardian","floor":20.0,"turns":3.0},{"damage":5.0,"enemies":"Snecko","floor":22.0,"turns":5.0},{"damage":60,"enemies":"Book of Stabbing","floor":23,"turns":8},{"damage":30,"enemies":"Slavers","floor":25,"turns":3},{"damage":6,"enemies":"Gremlin Leader","floor":27,"turns":1}],"seed_played":"3664740984704370565","potions_obtained":[{"floor":3.0,"key":"SteroidPotion"},{"floor":4.0,"key":"Dexterity Potion"},{"floor":7.0,"key":"SkillPotion"},{"floor":8.0,"key":"Weak Potion"},{"floor":16.0,"key":"Strength Potion"},{"floor":23,"key":"PowerPotion"}],"is_trial":false,"path_per_floor":["M","T","M","M","M","?","E","M","T","R","$","R","M","E","R","B",null,"M","$","M","?","M","E","R","E","T","E"],"character_chosen":"DEFECT","items_purchased":["Creative AI","Conserve Battery","Heatsinks+1","White Noise"],"campfire_rested":2,"item_purchase_floors":[11,11,19,19],"current_hp_per_floor":[75,75,75,70,64,69,60,60,60,60,60,60,56,51,75,52,80,80,80,75,75,70,10,34,4,4,0],"gold":99,"neow_bonus":"TRANSFORM_TWO_CARDS","is_prod":false,"is_daily":false,"chose_seed":false,"campfire_upgraded":2,"win_rate":0.0,"timestamp":1558668634,"path_taken":["M","?","M","M","?","?","E","M","T","R","?","R","M","E","R","BOSS","M","$","M","?","M","E","R","E","T","E"],"build_version":"2019-01-23","purchased_purges":1,"victory":false,"max_hp_per_floor":[75,75,75,75,75,80,80,80,80,80,80,80,80,80,80,80,80,80,80,80,80,80,80,80,80,80,80],"card_choices":[{"not_picked":["Streamline","White Noise"],"picked":"Turbo","floor":1.0},{"not_picked":["Reinforced Body","Scrape"],"picked":"Cold Snap","floor":3.0},{"not_picked":["Hello World","Aggregate"],"picked":"Conserve Battery","floor":4.0},{"not_picked":["Beam Cell","Cold Snap"],"picked":"Hologram","floor":5.0},{"not_picked":["Leap","FTL"],"picked":"Fusion","floor":7.0},{"not_picked":["Hello World","Capacitor"],"picked":"Stack","floor":8.0},{"not_picked":["Defragment","Compile Driver"],"picked":"Turbo","floor":13.0},{"not_picked":["Loop","Fusion"],"picked":"Thunder Strike","floor":14.0},{"not_picked":["Meteor Strike","Reboot"],"picked":"Electrodynamics+1","floor":16.0},{"not_picked":["Rebound","Coolheaded+1"],"picked":"Fusion+1","floor":18.0},{"not_picked":["Sweeping Beam","Darkness","Beam Cell"],"picked":"SKIP","floor":20.0},{"not_picked":["Sweeping Beam","Sunder"],"picked":"Undo+1","floor":22.0},{"not_picked":["Cold Snap","Recycle"],"picked":"Ball Lightning","floor":23},{"not_picked":["Glacier","Turbo"],"picked":"Storm+1","floor":25}],"player_experience":169767,"relics_obtained":[{"floor":2.0,"key":"Happy Flower"},{"floor":7.0,"key":"Vajra"},{"floor":9.0,"key":"Juzu Bracelet"},{"floor":14.0,"key":"Frozen Egg 2"},{"floor":23,"key":"Shuriken"},{"floor":25,"key":"Gremlin Horn"},{"floor":26,"key":"Oddly Smooth Stone"}],"event_choices":[{"damage_healed":0.0,"max_hp_gain":5.0,"max_hp_loss":0.0,"gold_gain":0.0,"event_name":"Big Fish","player_choice":"Donut","floor":6.0,"gold_loss":0.0,"damage_taken":0.0},{"damage_healed":0.0,"max_hp_gain":0.0,"max_hp_loss":0.0,"gold_gain":0.0,"cards_transformed":["Strike_B"],"event_name":"Transmorgrifier","player_choice":"Transformed","floor":21.0,"gold_loss":0.0,"damage_taken":0.0,"cards_obtained":["Blizzard"]}],"is_beta":false,"boss_relics":[{"not_picked":["Lizard Tail","Sozu"],"picked":"FrozenCore"}],"items_purged_floors":[19],"is_endless":false,"potions_floor_spawned":[3,4,7,8,16,23],"killed_by":"Gremlin Leader","ascension_level":0}