{"gold_per_floor":[114,114,125,140,140,171,194,235,247,274,286,248,272,309,321,433,445,473,187,187,198,214,214,239,258,331,531,531,531],"floor_reached":29,"playtime":3551,"items_purged":[],"score":321,"play_id":"8a10c8d7-3ed9-4614-850b-cbea245dc010","local_time":"20190604210408","is_ascension_mode":true,"campfire_choices":[{"floor":11.0,"key":"REST"},{"floor":15.0,"key":"REST"},{"data":"Acrobatics","floor":23.0,"key":"SMITH"}],"neow_cost":"NONE","seed_source_timestamp":0,"circlet_count":0,"master_deck":["Survivor","Neutralize","Glass Knife","Deadly Poison","Bane","Caltrops","Venomology","Tactician","Phantasmal Killer","Acrobatics+1","Deflect","Poisoned Stab","Corpse Explosion","Blur","Accuracy","Eviscerate","Tactician","Predator","Masterful Stab","Choke","Outmaneuver","Quick Slash+1","Tactician","Dodge and Roll","Distraction","Infinite Blades","Expertise","Cloak And Dagger"],"special_seed":0,"relics":["Ring of the Snake","Shuriken","MawBank","Anchor","Darkstone Periapt","Pandora\u0027s Box","Toy Ornithopter","Ancient Tea Set","Bottled Lightning","Paper Crane"],"potions_floor_usage":[29],"damage_taken":[{"damage":9.0,"enemies":"Small Slimes","floor":1.0,"turns":3.0},{"damage":0.0,"enemies":"Cultist","floor":3.0,"turns":4.0},{"damage":0.0,"enemies":"Jaw Worm","floor":4.0,"turns":2.0},{"damage":17.0,"enemies":"Lagavulin","floor":6.0,"turns":7.0},{"damage":20.0,"enemies":"Lots of Slimes","floor":7.0,"turns":4.0},{"damage":4.0,"enemies":"3 Sentries","floor":8.0,"turns":6.0},{"damage":15.0,"enemies":"3 Louse","floor":10.0,"turns":4.0},{"damage":0.0,"enemies":"Gremlin Gang","floor":13.0,"turns":3.0},{"damage":0.0,"enemies":"Gremlin Nob","floor":14.0,"turns":3.0},{"damage":45.0,"enemies":"Slime Boss","floor":16.0,"turns":12.0},{"damage":31.0,"enemies":"Spheric Guardian","floor":18.0,"turns":6.0},{"damage":11.0,"enemies":"Shell Parasite","floor":21.0,"turns":4.0},{"damage":9.0,"enemies":"Cultist and Chosen","floor":22.0,"turns":5.0},{"damage":29.0,"enemies":"Slavers","floor":24.0,"turns":4.0},{"damage":0.0,"enemies":"3 Cultists","floor":25.0,"turns":3.0},{"damage":7.0,"enemies":"Centurion and Healer","floor":28.0,"turns":4.0},{"damage":47,"enemies":"Sentry and Sphere","floor":29,"turns":5}],"seed_played":"5590431444017093604","potions_obtained":[{"floor":1.0,"key":"Block Potion"},{"floor":6.0,"key":"SkillPotion"},{"floor":8.0,"key":"Strength Potion"},{"floor":18.0,"key":"Swift Potion"},{"floor":22.0,"key":"Poison Potion"},{"floor":25.0,"key":"LiquidBronze"}],"is_trial":false,"path_per_floor":["M","?","M","M","T","E","M","E","T","M","R","?","M","E","R","B",null,"M","$","?","M","M","R","E","M","T","?","M","M"],"character_chosen":"THE_SILENT","items_purchased":["Tactician","Dodge and Roll","Toy Ornithopter"],"campfire_rested":2,"item_purchase_floors":[19,19,19],"current_hp_per_floor":[61,61,61,61,61,44,24,20,20,5,26,26,26,26,47,2,70,39,39,39,33,29,29,10,15,15,15,23,0],"gold":531,"neow_bonus":"ONE_RANDOM_RARE_CARD","is_prod":false,"is_daily":false,"chose_seed":false,"campfire_upgraded":1,"win_rate":0,"timestamp":1559707448,"path_taken":["M","?","?","M","?","E","?","E","T","M","R","?","M","E","R","BOSS","M","$","?","M","?","R","E","M","T","?","M","M"],"build_version":"2019-01-23","purchased_purges":0,"victory":false,"max_hp_per_floor":[70,70,70,70,70,70,70,70,70,70,70,70,70,70,70,70,70,70,70,70,70,70,70,70,70,70,70,70,70],"card_choices":[{"not_picked":["Calculated Gamble","Dagger Spray"],"picked":"Deadly Poison","floor":1.0},{"not_picked":["Sucker Punch","Quick Slash"],"picked":"Bane","floor":3.0},{"not_picked":["Prepared","Reflex"],"picked":"Caltrops","floor":4.0},{"not_picked":["Acrobatics","All Out Attack"],"picked":"Venomology","floor":6.0},{"not_picked":["Outmaneuver","Accuracy"],"picked":"Tactician","floor":7.0},{"not_picked":["Distraction","Bane"],"picked":"Phantasmal Killer","floor":8.0},{"not_picked":["Setup","Cloak And Dagger"],"picked":"Acrobatics","floor":10.0},{"not_picked":["Dodge and Roll","Quick Slash"],"picked":"Deflect","floor":13.0},{"not_picked":["Deflect","Quick Slash"],"picked":"Poisoned Stab","floor":14.0},{"not_picked":["A Thousand Cuts","Bullet Time"],"picked":"Corpse Explosion","floor":16.0},{"not_picked":["Leg Sweep","Poisoned Stab"],"picked":"Quick Slash+1","floor":18.0},{"not_picked":["Flying Knee","Riddle With Holes"],"picked":"Distraction","floor":21.0},{"not_picked":["Bane","Outmaneuver"],"picked":"Infinite Blades","floor":22.0},{"not_picked":["Flying Knee+1","Unload"],"picked":"Expertise","floor":24.0},{"not_picked":["Expertise","Deflect"],"picked":"Cloak And Dagger","floor":25.0}],"player_experience":409250,"relics_obtained":[{"floor":5.0,"key":"Shuriken"},{"floor":6.0,"key":"MawBank"},{"floor":8.0,"key":"Anchor"},{"floor":14.0,"key":"Darkstone Periapt"},{"floor":20.0,"key":"Ancient Tea Set"},{"floor":24.0,"key":"Bottled Lightning"},{"floor":26.0,"key":"Paper Crane"}],"event_choices":[{"cards_removed":["Strike_G"],"damage_healed":0.0,"max_hp_gain":0.0,"max_hp_loss":0.0,"gold_gain":0.0,"event_name":"Bonfire Elementals","player_choice":"Offered Basic","floor":2.0,"gold_loss":0.0,"damage_taken":0.0},{"cards_removed":["Strike_G"],"damage_healed":0.0,"max_hp_gain":0.0,"max_hp_loss":0.0,"gold_gain":0.0,"event_name":"The Cleric","player_choice":"Card Removal","floor":12.0,"gold_loss":50.0,"damage_taken":0.0},{"damage_healed":0.0,"max_hp_gain":0.0,"max_hp_loss":0.0,"gold_gain":0.0,"event_name":"Wheel of Change","player_choice":"Relic","floor":20.0,"gold_loss":0.0,"damage_taken":0.0},{"damage_healed":0.0,"max_hp_gain":0.0,"max_hp_loss":0.0,"gold_gain":200.0,"event_name":"Wheel of Change","player_choice":"Gold","floor":27.0,"gold_loss":0.0,"damage_taken":0.0}],"is_beta":false,"boss_relics":[{"not_picked":["Snecko Eye","Black Star"],"picked":"Pandora\u0027s Box"}],"items_purged_floors":[],"is_endless":false,"potions_floor_spawned":[1,6,8,18,22,25],"killed_by":"Sentry and Sphere","ascension_level":2}