{"gold_per_floor":[112,112,62,80,80,80,109,109,160,170,195,209,227,259,259,259],"floor_reached":16,"playtime":1037,"items_purged":[],"score":162,"play_id":"05c8de1f-83ce-48e3-b22d-a659b0892c95","local_time":"20190715100613","is_ascension_mode":true,"campfire_choices":[{"data":"Coolheaded","floor":6,"key":"SMITH"},{"data":"Redo","floor":8,"key":"SMITH"},{"data":"Capacitor","floor":15,"key":"SMITH"}],"neow_cost":"NONE","seed_source_timestamp":0,"circlet_count":0,"master_deck":["Strike_B","Strike_B","Strike_B","Strike_B","Defend_B","Defend_B","Defend_B","Defend_B","Zap","Dualcast","Redo+1","Conserve Battery","Coolheaded+1","Rebound","Melter","Conserve Battery","Compile Driver","Capacitor+1","Redo"],"relics":["Philosopher\u0027s Stone","Meat on the Bone","GremlinMask","Lantern","PreservedInsect","Pen Nib","Calipers"],"potions_floor_usage":[11,16,16],"damage_taken":[{"damage":0,"enemies":"2 Louse","floor":1,"turns":2},{"damage":5,"enemies":"Small Slimes","floor":4,"turns":4},{"damage":35,"enemies":"3 Sentries","floor":7,"turns":12},{"damage":0,"enemies":"Cultist","floor":10,"turns":4},{"damage":17,"enemies":"Gremlin Nob","floor":11,"turns":3},{"damage":0,"enemies":"Looter","floor":12,"turns":3},{"damage":8,"enemies":"2 Fungi Beasts","floor":13,"turns":3},{"damage":12,"enemies":"3 Sentries","floor":14,"turns":8},{"damage":50,"enemies":"Slime Boss","floor":16,"turns":14}],"seed_played":"-7572057837487224603","potions_obtained":[{"floor":7,"key":"Fire Potion"},{"floor":10,"key":"Weak Potion"},{"floor":14,"key":"GamblersBrew"}],"is_trial":false,"path_per_floor":["M","?","$","M","?","R","E","R","T","M","E","M","M","E","R","B"],"character_chosen":"DEFECT","items_purchased":["Conserve Battery"],"campfire_rested":0,"item_purchase_floors":[3],"current_hp_per_floor":[68,61,61,56,56,56,33,33,33,45,40,40,44,44,44,0],"gold":259,"neow_bonus":"BOSS_RELIC","is_prod":false,"is_daily":false,"chose_seed":true,"campfire_upgraded":3,"win_rate":0,"timestamp":1563199573,"path_taken":["M","?","$","M","?","R","E","R","T","M","E","M","?","E","R","BOSS"],"build_version":"2019-07-05","purchased_purges":0,"victory":false,"max_hp_per_floor":[75,75,75,75,75,75,75,75,75,75,75,75,75,75,75,75],"card_choices":[{"not_picked":["Streamline","Go for the Eyes"],"picked":"Redo","floor":1},{"not_picked":["BootSequence","Stack"],"picked":"Coolheaded","floor":4},{"not_picked":["Hello World","Turbo"],"picked":"Rebound","floor":7},{"not_picked":["Sweeping Beam","Ball Lightning"],"picked":"Melter","floor":10},{"not_picked":["Storm","Rip and Tear"],"picked":"Conserve Battery","floor":11},{"not_picked":["Leap","Steam"],"picked":"Compile Driver","floor":12},{"not_picked":["Stack","Turbo"],"picked":"Capacitor","floor":13},{"not_picked":["Amplify","Sweeping Beam"],"picked":"Redo","floor":14}],"player_experience":923092,"relics_obtained":[{"floor":7,"key":"Lantern"},{"floor":9,"key":"PreservedInsect"},{"floor":11,"key":"Pen Nib"},{"floor":14,"key":"Calipers"}],"event_choices":[{"damage_healed":0,"gold_gain":0,"player_choice":"Success","damage_taken":7,"relics_obtained":["Meat on the Bone"],"max_hp_gain":0,"max_hp_loss":0,"event_name":"Scrap Ooze","floor":2,"gold_loss":0},{"damage_healed":0,"gold_gain":0,"player_choice":"Trade","damage_taken":0,"relics_obtained":["GremlinMask"],"max_hp_gain":0,"max_hp_loss":0,"event_name":"FaceTrader","floor":5,"gold_loss":0}],"is_beta":false,"boss_relics":[],"items_purged_floors":[],"is_endless":false,"potions_floor_spawned":[7,10,14],"killed_by":"Slime Boss","ascension_level":7}