{"gold_per_floor":[111,111,186,202,213,241,241,261,291,309,337,363,375,387],"floor_reached":14,"playtime":745,"items_purged":[],"score":131,"play_id":"7ef4d765-c146-4d6d-bc70-e31189535ef7","local_time":"20190601105658","is_ascension_mode":true,"campfire_choices":[{"data":"Zap","floor":7,"key":"SMITH"}],"neow_cost":"NONE","seed_source_timestamp":475678885207142,"circlet_count":0,"master_deck":["Strike_B","Strike_B","Strike_B","Strike_B","Defend_B","Defend_B","Defend_B","Defend_B","Zap+1","Dualcast","Pain","Doubt","Regret","Stack","Rebound","Beam Cell","Steam Power","Sweeping Beam","Scrape","Turbo"],"relics":["Calling Bell","Oddly Smooth Stone","Sundial","Du-Vu Doll","Ancient Tea Set","Tiny Chest","Bottled Lightning","MawBank"],"potions_floor_usage":[11,11,11],"damage_taken":[{"damage":8,"enemies":"Cultist","floor":1,"turns":4},{"damage":11,"enemies":"Jaw Worm","floor":4,"turns":4},{"damage":7,"enemies":"Small Slimes","floor":5,"turns":4},{"damage":18,"enemies":"Gremlin Nob","floor":6,"turns":4},{"damage":9,"enemies":"2 Fungi Beasts","floor":8,"turns":3},{"damage":10,"enemies":"Exordium Thugs","floor":10,"turns":4},{"damage":0,"enemies":"3 Sentries","floor":11,"turns":2},{"damage":1,"enemies":"3 Louse","floor":14,"turns":2}],"seed_played":"1029627349508278490","potions_obtained":[{"floor":6,"key":"Fire Potion"},{"floor":8,"key":"Explosive Potion"},{"floor":10,"key":"Dexterity Potion"},{"floor":11,"key":"Poison Potion"}],"is_trial":false,"path_per_floor":["M","?","?","M","M","E","R","M","T","M","E","T","?","M"],"character_chosen":"DEFECT","items_purchased":[],"campfire_rested":0,"item_purchase_floors":[],"current_hp_per_floor":[67,67,56,45,38,20,20,11,11,1,1,1,1,0],"gold":387,"neow_bonus":"BOSS_RELIC","is_prod":false,"is_daily":false,"chose_seed":false,"campfire_upgraded":1,"win_rate":0,"timestamp":1559411818,"path_taken":["M","?","?","M","M","E","R","M","T","M","E","?","?","M"],"build_version":"2019-01-23","purchased_purges":0,"victory":false,"max_hp_per_floor":[75,75,75,75,75,75,75,75,75,75,75,75,75,75],"card_choices":[{"not_picked":["Steam Power","Consume"],"picked":"Stack","floor":1},{"not_picked":["Streamline","Ball Lightning"],"picked":"Rebound","floor":4},{"not_picked":["Rebound","Streamline"],"picked":"Beam Cell","floor":5},{"not_picked":["Stack","Barrage"],"picked":"Steam Power","floor":6},{"not_picked":["Stack","Melter"],"picked":"Sweeping Beam","floor":8},{"not_picked":["Compile Driver","Redo"],"picked":"Scrape","floor":10},{"not_picked":["Streamline","Ball Lightning"],"picked":"Turbo","floor":11}],"player_experience":342340,"relics_obtained":[{"floor":0,"key":"Oddly Smooth Stone"},{"floor":0,"key":"Sundial"},{"floor":0,"key":"Du-Vu Doll"},{"floor":6,"key":"Ancient Tea Set"},{"floor":9,"key":"Tiny Chest"},{"floor":11,"key":"Bottled Lightning"},{"floor":12,"key":"MawBank"}],"event_choices":[{"damage_healed":0,"gold_gain":0,"player_choice":"Ignored","damage_taken":0,"max_hp_gain":0,"max_hp_loss":0,"event_name":"Shining Light","floor":2,"gold_loss":0},{"damage_healed":0,"gold_gain":75,"player_choice":"Gather Gold","damage_taken":11,"max_hp_gain":0,"max_hp_loss":0,"event_name":"World of Goop","floor":3,"gold_loss":0},{"damage_healed":0,"gold_gain":0,"player_choice":"Ignored","damage_taken":0,"max_hp_gain":0,"max_hp_loss":0,"event_name":"Golden Wing","floor":13,"gold_loss":0}],"is_beta":false,"boss_relics":[],"items_purged_floors":[],"is_endless":false,"potions_floor_spawned":[6,8,10,11],"killed_by":"3 Louse","ascension_level":1}