{"gold_per_floor":[113,126,12,12,22,50,60,93,93,93,128,128,148,183,183,288,288,301,320,320,28,28],"floor_reached":22,"playtime":1892,"items_purged":["Normality"],"score":342,"play_id":"f8f88362-e732-4f4b-af19-6c93882c6bbc","local_time":"20190826153824","is_ascension_mode":true,"campfire_choices":[{"floor":10.0,"key":"REST"},{"data":"Consume","floor":12.0,"key":"SMITH"},{"floor":15.0,"key":"REST"}],"neow_cost":"CURSE","seed_source_timestamp":2728152229182,"circlet_count":0,"master_deck":["AscendersBane","Strike_B","Strike_B","Strike_B","Defend_B","Defend_B","Defend_B","Defend_B","Zap","Dualcast","Auto Shields","Capacitor","Heatsinks","Leap","Consume+1","Undo","Cold Snap","Glacier","Biased Cognition","Genetic Algorithm","Reboot","Hologram","Beam Cell+1","RitualDagger+1","Gash+1"],"special_seed":0,"relics":["Cracked Core","Ancient Tea Set","Pocketwatch","Molten Egg 2","Bottled Lightning","Bag of Preparation","Nuclear Battery","Sundial"],"potions_floor_usage":[19],"damage_taken":[{"damage":5.0,"enemies":"Cultist","floor":1.0,"turns":4.0},{"damage":2.0,"enemies":"2 Louse","floor":2.0,"turns":2.0},{"damage":7.0,"enemies":"Small Slimes","floor":5.0,"turns":4.0},{"damage":11.0,"enemies":"Lagavulin","floor":6.0,"turns":13.0},{"damage":12.0,"enemies":"Exordium Wildlife","floor":7.0,"turns":7.0},{"damage":37.0,"enemies":"Gremlin Nob","floor":8.0,"turns":5.0},{"damage":8.0,"enemies":"Lagavulin","floor":11.0,"turns":6.0},{"damage":8.0,"enemies":"Blue Slaver","floor":13.0,"turns":4.0},{"damage":2.0,"enemies":"Gremlin Nob","floor":14.0,"turns":5.0},{"damage":10.0,"enemies":"Slime Boss","floor":16.0,"turns":16.0},{"damage":0.0,"enemies":"Chosen","floor":18.0,"turns":5.0},{"damage":20,"enemies":"3 Byrds","floor":19,"turns":3},{"damage":50,"enemies":"Masked Bandits","floor":22,"turns":6}],"seed_played":"171658447990848806","potions_obtained":[{"floor":1.0,"key":"SkillPotion"},{"floor":2.0,"key":"AttackPotion"},{"floor":7.0,"key":"Explosive Potion"},{"floor":13.0,"key":"LiquidBronze"},{"floor":16.0,"key":"GamblersBrew"}],"is_trial":false,"path_per_floor":["M","M","$","?","M","E","M","E","T","R","E","R","M","E","R","B",null,"M","M","?","$","?"],"character_chosen":"DEFECT","items_purchased":["Heatsinks","Sundial","Gash+1"],"campfire_rested":2,"item_purchase_floors":[3,21,21],"current_hp_per_floor":[77,75,75,75,68,57,45,8,8,34,26,26,18,16,42,32,75,75,55,49,49,0],"gold":28,"neow_bonus":"TWENTY_PERCENT_HP_BONUS","is_prod":false,"is_daily":false,"chose_seed":false,"campfire_upgraded":1,"win_rate":0,"timestamp":1566848304,"path_taken":["M","?","$","?","M","E","M","E","T","R","E","R","?","E","R","BOSS","M","M","?","$","?"],"build_version":"2019-07-17","purchased_purges":1,"victory":false,"max_hp_per_floor":[89,89,89,89,89,89,89,89,89,89,89,89,89,89,89,89,89,89,89,89,89,89],"card_choices":[{"not_picked":["BootSequence","Beam Cell"],"picked":"Auto Shields","floor":1.0},{"not_picked":["Tempest","Ball Lightning"],"picked":"Capacitor","floor":2.0},{"not_picked":["Barrage","Static Discharge"],"picked":"Leap","floor":5.0},{"not_picked":["Ball Lightning","Barrage"],"picked":"Consume","floor":6.0},{"not_picked":["Turbo","Stack"],"picked":"Undo","floor":7.0},{"not_picked":["Barrage","Streamline"],"picked":"Cold Snap","floor":8.0},{"not_picked":["Darkness","Recycle"],"picked":"Glacier","floor":11.0},{"not_picked":["Barrage+1","Doom and Gloom+1"],"picked":"Biased Cognition","floor":13.0},{"not_picked":["Auto Shields","Aggregate"],"picked":"Genetic Algorithm","floor":14.0},{"not_picked":["Core Surge+1","Biased Cognition"],"picked":"Reboot","floor":16.0},{"not_picked":["Steam","Streamline+1"],"picked":"Hologram","floor":18.0},{"not_picked":["Storm+1","Steam Power"],"picked":"Beam Cell+1","floor":19}],"player_experience":1200102,"relics_obtained":[{"floor":6.0,"key":"Ancient Tea Set"},{"floor":8.0,"key":"Pocketwatch"},{"floor":9.0,"key":"Molten Egg 2"},{"floor":11.0,"key":"Bottled Lightning"},{"floor":14.0,"key":"Bag of Preparation"}],"event_choices":[{"cards_removed":["Strike_B"],"damage_healed":0.0,"max_hp_gain":0.0,"max_hp_loss":0.0,"gold_gain":0.0,"event_name":"Purifier","player_choice":"Purged","floor":4.0,"gold_loss":0.0,"damage_taken":0.0},{"damage_healed":0,"gold_gain":0,"player_choice":"Joined the Cult","damage_taken":6,"max_hp_gain":0,"max_hp_loss":0,"event_name":"Nest","floor":20,"gold_loss":0,"cards_obtained":["RitualDagger"]},{"damage_healed":0,"gold_gain":0,"player_choice":"Fought Bandits","damage_taken":0,"max_hp_gain":0,"max_hp_loss":0,"event_name":"Masked Bandits","floor":22,"gold_loss":0}],"is_beta":false,"boss_relics":[{"not_picked":["Coffee Dripper","Tiny House"],"picked":"Nuclear Battery"}],"items_purged_floors":[3],"is_endless":false,"potions_floor_spawned":[1,2,7,13,16],"killed_by":"Masked Bandits","ascension_level":12}