{"gold_per_floor":[114,114,133,149,149,182,182,213,239,292,292,321,340,355,355,450,450,468,479,499,499,499,44,44,44,44,44,59,87,87,113,113,209,209,221,221,238,238,253,253],"floor_reached":40,"playtime":4067,"items_purged":[],"score":569,"play_id":"7644496d-39bb-4d15-acf8-b5ec2d9e2502","local_time":"20191020212559","is_ascension_mode":false,"campfire_choices":[{"data":"Darkness","floor":7,"key":"SMITH"},{"data":"Ball Lightning","floor":11,"key":"SMITH"},{"data":"Go for the Eyes","floor":15,"key":"SMITH"},{"data":"Machine Learning","floor":25,"key":"SMITH"},{"data":"Rainbow","floor":30,"key":"SMITH"},{"data":"Rainbow","floor":32,"key":"SMITH"}],"neow_cost":"NONE","seed_source_timestamp":121744401920700,"circlet_count":0,"master_deck":["Strike_B+1","Strike_B+1","Strike_B+1","Strike_B+1","Defend_B+1","Defend_B+1","Defend_B+1","Defend_B+1","Zap+1","Dualcast","Leap","Conserve Battery+1","Rainbow+1","Darkness+1","Ball Lightning+1","Go for the Eyes+1","Rebound","Gash","Machine Learning+1","Ball Lightning+1","Gash","Doom and Gloom+1","Rainbow","Rainbow+1","Self Repair","RitualDagger+1","Ball Lightning+1","Rainbow+1","Gash+1","Echo Form","Compile Driver+1","Madness","Madness","Double Energy","Compile Driver+1"],"relics":["Cracked Core","Orichalcum","Whetstone","War Paint","Lantern","Matryoshka","Eternal Feather","Molten Egg 2","Dodecahedron","Oddly Smooth Stone","Bag of Preparation","Strawberry","Runic Pyramid"],"potions_floor_usage":[19,29,29,29,29,33,33,33],"damage_taken":[{"damage":1,"enemies":"Jaw Worm","floor":1,"turns":4},{"damage":1,"enemies":"Cultist","floor":3,"turns":4},{"damage":0,"enemies":"Small Slimes","floor":4,"turns":4},{"damage":9,"enemies":"3 Sentries","floor":6,"turns":7},{"damage":11,"enemies":"Gremlin Nob","floor":8,"turns":6},{"damage":0,"enemies":"Lagavulin","floor":12,"turns":4},{"damage":0,"enemies":"Exordium Wildlife","floor":13,"turns":3},{"damage":0,"enemies":"Gremlin Gang","floor":14,"turns":3},{"damage":0,"enemies":"Slime Boss","floor":16,"turns":7},{"damage":19,"enemies":"2 Thieves","floor":18,"turns":4},{"damage":4,"enemies":"Chosen","floor":19,"turns":3},{"damage":16,"enemies":"Shelled Parasite and Fungi","floor":20,"turns":5},{"damage":12,"enemies":"Centurion and Healer","floor":28,"turns":5},{"damage":9,"enemies":"Book of Stabbing","floor":29,"turns":6},{"damage":26,"enemies":"Gremlin Leader","floor":31,"turns":7},{"damage":48,"enemies":"Collector","floor":33,"turns":10},{"damage":0,"enemies":"3 Shapes","floor":35,"turns":2},{"damage":18,"enemies":"Orb Walker","floor":37,"turns":3},{"damage":14,"enemies":"Jaw Worm Horde","floor":39,"turns":5},{"damage":45,"enemies":"Giant Head","floor":40,"turns":7}],"seed_played":"-4773782438614606128","potions_obtained":[{"floor":3,"key":"EntropicBrew"},{"floor":4,"key":"Energy Potion"},{"floor":6,"key":"SkillPotion"},{"floor":14,"key":"Dexterity Potion"},{"floor":16,"key":"Weak Potion"},{"floor":20,"key":"Dexterity Potion"},{"floor":29,"key":"Poison Potion"}],"is_trial":false,"path_per_floor":["M","?","M","M","?","E","R","E","T","T","R","E","M","M","R","B",null,"M","M","M","?","?","$","?","R","T","?","M","E","R","E","R","B",null,"M","?","M","$","M","E"],"character_chosen":"DEFECT","items_purchased":["Molten Egg 2","Rainbow","Self Repair"],"campfire_rested":0,"item_purchase_floors":[23,23,23],"current_hp_per_floor":[81,81,80,80,80,71,71,60,60,60,60,60,60,60,60,60,82,63,59,43,43,43,43,43,58,58,52,40,38,53,34,49,8,89,89,78,60,60,53,8],"gold":253,"neow_bonus":"TEN_PERCENT_HP_BONUS","is_prod":false,"is_daily":false,"chose_seed":false,"campfire_upgraded":6,"win_rate":0.0,"timestamp":1571621159,"path_taken":["M","?","M","?","?","E","R","E","T","?","R","E","M","M","R","BOSS","M","?","M","?","?","$","?","R","T","?","M","E","R","E","R","BOSS","M","?","M","$","M","E"],"build_version":"2019-07-17","purchased_purges":0,"victory":false,"max_hp_per_floor":[82,82,82,82,82,82,82,82,82,82,82,82,82,82,82,82,82,82,82,82,82,82,82,82,82,82,82,82,82,82,89,89,89,89,89,89,89,89,89,89],"card_choices":[{"not_picked":["Compile Driver","Gash"],"picked":"Leap","floor":1},{"not_picked":["Leap","Beam Cell"],"picked":"Conserve Battery","floor":3},{"not_picked":["Leap","Stack"],"picked":"Rainbow","floor":4},{"not_picked":["Go for the Eyes","Ball Lightning"],"picked":"Darkness","floor":6},{"not_picked":["BootSequence","Rip and Tear"],"picked":"Ball Lightning","floor":8},{"not_picked":["Leap","BootSequence"],"picked":"Go for the Eyes","floor":12},{"not_picked":["Gash","Stack"],"picked":"Rebound","floor":13},{"not_picked":["Leap","Barrage"],"picked":"Gash","floor":14},{"not_picked":["Electrodynamics","Reboot"],"picked":"Machine Learning","floor":16},{"not_picked":["Conserve Battery","Streamline"],"picked":"Ball Lightning+1","floor":18},{"not_picked":["Conserve Battery","Cold Snap+1"],"picked":"Gash","floor":19},{"not_picked":["Rebound","Sweeping Beam"],"picked":"Doom and Gloom+1","floor":20},{"not_picked":["Storm","Rebound+1"],"picked":"Ball Lightning+1","floor":28},{"not_picked":["Chill","Coolheaded"],"picked":"Rainbow","floor":29},{"not_picked":["Force Field","Skim"],"picked":"Gash+1","floor":31},{"not_picked":["Multi-Cast","Rainbow"],"picked":"Echo Form","floor":33},{"not_picked":["Chaos","Go for the Eyes+1"],"picked":"Compile Driver+1","floor":35},{"not_picked":["Barrage+1","Conserve Battery"],"picked":"Double Energy","floor":37},{"not_picked":["Cold Snap+1","Conserve Battery+1"],"picked":"Compile Driver+1","floor":39}],"player_experience":23970,"relics_obtained":[{"floor":6,"key":"Orichalcum"},{"floor":8,"key":"Whetstone"},{"floor":9,"key":"War Paint"},{"floor":10,"key":"Lantern"},{"floor":12,"key":"Matryoshka"},{"floor":26,"key":"Dodecahedron"},{"floor":26,"key":"Oddly Smooth Stone"},{"floor":29,"key":"Bag of Preparation"},{"floor":31,"key":"Strawberry"}],"event_choices":[{"damage_healed":0,"gold_gain":0,"player_choice":"Forge","damage_taken":0,"max_hp_gain":0,"max_hp_loss":0,"event_name":"Accursed Blacksmith","floor":2,"gold_loss":0,"cards_upgraded":["Zap"]},{"damage_healed":0,"gold_gain":0,"player_choice":"Grow","damage_taken":0,"max_hp_gain":0,"max_hp_loss":0,"event_name":"Living Wall","floor":5,"gold_loss":0,"cards_upgraded":["Rainbow"]},{"damage_healed":0,"gold_gain":0,"player_choice":"Read","damage_taken":0,"max_hp_gain":0,"max_hp_loss":0,"event_name":"The Library","floor":21,"gold_loss":0,"cards_obtained":["Rainbow"]},{"damage_healed":0,"gold_gain":0,"player_choice":"Simplicity","damage_taken":0,"max_hp_gain":0,"max_hp_loss":0,"event_name":"Back to Basics","floor":22,"gold_loss":0,"cards_upgraded":["Strike_B","Strike_B","Defend_B","Defend_B","Defend_B"]},{"damage_healed":0,"gold_gain":0,"player_choice":"Ignored","damage_taken":0,"max_hp_gain":0,"max_hp_loss":0,"event_name":"Ghosts","floor":24,"gold_loss":0},{"damage_healed":0,"gold_gain":0,"player_choice":"Joined the Cult","damage_taken":6,"max_hp_gain":0,"max_hp_loss":0,"event_name":"Nest","floor":27,"gold_loss":0,"cards_obtained":["RitualDagger"]},{"damage_healed":0,"gold_gain":0,"player_choice":"Embrace Madness","damage_taken":11,"max_hp_gain":0,"max_hp_loss":0,"event_name":"Winding Halls","floor":36,"gold_loss":0,"cards_obtained":["Madness","Madness"]}],"is_beta":false,"boss_relics":[{"not_picked":["Ectoplasm","Busted Crown"],"picked":"Eternal Feather"},{"not_picked":["Tiny House","Snecko Eye"],"picked":"Runic Pyramid"}],"items_purged_floors":[],"is_endless":false,"potions_floor_spawned":[3,4,6,14,16,20,29],"killed_by":"Giant Head","ascension_level":0}