{"gold_per_floor":[118,130,130,205,220,249,249,14,38,38,58,58],"floor_reached":12,"playtime":1318,"items_purged":[],"score":90,"play_id":"20bcca0a-144e-427e-a3a4-79d4189d5603","local_time":"20190607204209","is_ascension_mode":true,"campfire_choices":[{"floor":7,"key":"REST"},{"data":"Corruption","floor":10,"key":"SMITH"}],"neow_cost":"NONE","seed_source_timestamp":355403138297651,"circlet_count":0,"master_deck":["Strike_R","Strike_R","Strike_R","Strike_R","Defend_R","Defend_R","Defend_R","Defend_R","Bash","Armaments","Feel No Pain","Sever Soul","Fire Breathing","Feel No Pain","Corruption+1","Havoc"],"relics":["Burning Blood","Pen Nib","Regal Pillow","HandDrill"],"potions_floor_usage":[],"damage_taken":[{"damage":1,"enemies":"Cultist","floor":1,"turns":3},{"damage":2,"enemies":"Jaw Worm","floor":2,"turns":3},{"damage":0,"enemies":"Small Slimes","floor":5,"turns":3},{"damage":62,"enemies":"Gremlin Nob","floor":6,"turns":6},{"damage":39,"enemies":"Exordium Wildlife","floor":11,"turns":9},{"damage":33,"enemies":"2 Fungi Beasts","floor":12,"turns":5}],"seed_played":"2348711281940917768","potions_obtained":[{"floor":5,"key":"Strength Potion"},{"floor":11,"key":"Fire Potion"}],"is_trial":false,"path_per_floor":["M","M","?","?","M","E","R","$","T","R","M","M"],"character_chosen":"IRONCLAD","items_purchased":["Corruption","HandDrill"],"campfire_rested":1,"item_purchase_floors":[8,8],"current_hp_per_floor":[80,80,80,69,75,19,58,58,58,58,25,0],"gold":58,"neow_bonus":"RANDOM_COMMON_RELIC","is_prod":false,"is_daily":false,"chose_seed":false,"campfire_upgraded":1,"win_rate":0,"timestamp":1559965329,"path_taken":["M","?","?","?","M","E","R","$","T","R","M","M"],"build_version":"2019-01-23","purchased_purges":0,"victory":false,"max_hp_per_floor":[80,80,80,80,80,80,80,80,80,80,80,80],"card_choices":[{"not_picked":["Twin Strike","Clothesline"],"picked":"Armaments","floor":1},{"not_picked":["Iron Wave","Warcry"],"picked":"Feel No Pain","floor":2},{"not_picked":["Sword Boomerang","Pummel"],"picked":"Fire Breathing","floor":5},{"not_picked":["Flex","Pommel Strike"],"picked":"Feel No Pain","floor":6},{"not_picked":["True Grit","Battle Trance"],"picked":"Havoc","floor":11}],"player_experience":490412,"relics_obtained":[{"floor":6,"key":"Regal Pillow"}],"event_choices":[{"damage_healed":0,"gold_gain":0,"cards_transformed":["Strike_R"],"player_choice":"Change","damage_taken":0,"max_hp_gain":0,"max_hp_loss":0,"event_name":"Living Wall","floor":3,"gold_loss":0,"cards_obtained":["Sever Soul"]},{"damage_healed":0,"gold_gain":75,"player_choice":"Gather Gold","damage_taken":11,"max_hp_gain":0,"max_hp_loss":0,"event_name":"World of Goop","floor":4,"gold_loss":0}],"is_beta":false,"boss_relics":[],"items_purged_floors":[],"is_endless":false,"potions_floor_spawned":[5,11],"killed_by":"2 Fungi Beasts","ascension_level":3}