{"gold_per_floor":[367,367,381,66,82,82,116,116,141,32,60,60,10,10,10,10],"floor_reached":16,"playtime":734,"items_purged":[],"score":148,"play_id":"18833843-0450-492a-9f48-75fd2ab2ad79","local_time":"20190813195907","is_ascension_mode":true,"campfire_choices":[{"data":"Flex","floor":6.0,"key":"SMITH"},{"data":"Bash","floor":8.0,"key":"SMITH"},{"floor":12,"key":"REST"},{"floor":15,"key":"REST"}],"neow_cost":"TEN_PERCENT_HP_LOSS","seed_source_timestamp":6806507321376,"circlet_count":0,"master_deck":["Strike_R","Strike_R","Strike_R","Strike_R","Defend_R","Defend_R","Defend_R","Defend_R","Bash+1","Infernal Blade","Flex+1","Reaper","Whirlwind","Evolve","Pummel","Burning Pact","Thunderclap","Immolate"],"special_seed":0,"relics":["Burning Blood","NlothsMask","Kunai","Dream Catcher","Letter Opener"],"potions_floor_usage":[],"damage_taken":[{"damage":6.0,"enemies":"Cultist","floor":1.0,"turns":3.0},{"damage":0.0,"enemies":"Small Slimes","floor":3.0,"turns":2.0},{"damage":0.0,"enemies":"2 Louse","floor":5.0,"turns":3.0},{"damage":24.0,"enemies":"Gremlin Nob","floor":7.0,"turns":4.0},{"damage":50,"enemies":"Lagavulin","floor":11,"turns":8},{"damage":60,"enemies":"Hexaghost","floor":16,"turns":8}],"seed_played":"6534869689020548255","potions_obtained":[{"floor":7.0,"key":"SmokeBomb"}],"is_trial":false,"path_per_floor":["M","?","M","$","M","R","E","R","T","$","E","R","?","$","R","B"],"character_chosen":"IRONCLAD","items_purchased":["Reaper","Kunai","Evolve","Pummel"],"campfire_rested":2,"item_purchase_floors":[4,4,10,10],"current_hp_per_floor":[72,72,72,72,72,72,58,58,58,58,14,35,35,35,56,0],"gold":10,"neow_bonus":"TWO_FIFTY_GOLD","is_prod":false,"is_daily":false,"chose_seed":false,"campfire_upgraded":2,"win_rate":0,"timestamp":1565740747,"path_taken":["M","?","M","$","?","R","E","R","T","?","E","R","?","$","R","BOSS"],"build_version":"2019-07-17","purchased_purges":0,"victory":false,"max_hp_per_floor":[72,72,72,72,72,72,72,72,72,72,72,72,72,72,72,72],"card_choices":[{"not_picked":["Sword Boomerang","Intimidate"],"picked":"Infernal Blade","floor":1.0},{"not_picked":["Clash","Wild Strike"],"picked":"Flex","floor":3.0},{"not_picked":["True Grit","Clash","Shrug It Off"],"picked":"SKIP","floor":5.0},{"not_picked":["Inflame","Fire Breathing"],"picked":"Whirlwind","floor":7.0},{"not_picked":["Body Slam","Pommel Strike"],"picked":"Burning Pact","floor":11},{"not_picked":["Havoc","Blood for Blood"],"picked":"Thunderclap","floor":12},{"not_picked":["Burning Pact","Heavy Blade"],"picked":"Immolate","floor":15}],"player_experience":1140425,"relics_obtained":[{"floor":7.0,"key":"Dream Catcher"},{"floor":11,"key":"Letter Opener"}],"event_choices":[{"damage_healed":0.0,"max_hp_gain":0.0,"max_hp_loss":0.0,"gold_gain":0.0,"event_name":"FaceTrader","player_choice":"Trade","floor":2.0,"gold_loss":0.0,"damage_taken":0.0,"relics_obtained":["NlothsMask"]},{"cards_removed":["Strike_R"],"damage_healed":0,"gold_gain":0,"player_choice":"Card Removal","damage_taken":0,"max_hp_gain":0,"max_hp_loss":0,"event_name":"The Cleric","floor":13,"gold_loss":50}],"is_beta":false,"boss_relics":[],"items_purged_floors":[],"is_endless":false,"potions_floor_spawned":[7],"killed_by":"Hexaghost","ascension_level":8}