{"gold_per_floor":[111,76,76,88,108,108,38,70,94,106,120,120,134,164,164,259,259,271,271,271,196,5,5,21,32,32,47,47,47,67,67,67,165,165,181,236,80,0,0,0,0,0,27,44,44,319,319,339,339,339],"floor_reached":50,"playtime":12717,"items_purged":[],"score":525,"play_id":"b3b08b37-c9cc-425f-a073-5c9909e81f46","local_time":"20190529124608","is_ascension_mode":false,"campfire_choices":[{"data":"Echo Form","floor":6.0,"key":"SMITH"},{"floor":12.0,"key":"REST"},{"data":"Hologram","floor":15.0,"key":"SMITH"},{"data":"Magnetism","floor":23.0,"key":"SMITH"},{"floor":28.0,"key":"REST"},{"data":"White Noise","floor":32.0,"key":"SMITH"},{"data":"Recycle","floor":40.0,"key":"SMITH"},{"data":"Heatsinks","floor":42.0,"key":"SMITH"},{"data":"Madness","floor":47,"key":"SMITH"},{"data":"Madness","floor":49,"key":"SMITH"}],"neow_cost":"PERCENT_DAMAGE","seed_source_timestamp":0,"circlet_count":0,"master_deck":["Strike_B","Strike_B","Defend_B","Defend_B","Defend_B","Defend_B","Zap","Dualcast","Echo Form+1","Hologram+1","Chill","Go for the Eyes","Capacitor","All For One","Conserve Battery","FTL","Gash","Scrape","All For One","Machine Learning","Force Field","Magnetism+1","White Noise+1","Redo+1","Gash+1","Heatsinks+1","RitualDagger","Buffer","Coolheaded","Recycle+1","Flash of Steel","Rebound+1","Madness+1","Madness+1","Regret","Capacitor"],"special_seed":0,"relics":["FrozenCore","Blood Vial","Bronze Scales","Mummified Hand","Philosopher\u0027s Stone","Centennial Puzzle","Bird Faced Urn","Red Mask","WingedGreaves","Oddly Smooth Stone"],"potions_floor_usage":[50],"damage_taken":[{"damage":6.0,"enemies":"Cultist","floor":1.0,"turns":4.0},{"damage":4.0,"enemies":"Small Slimes","floor":4.0,"turns":3.0},{"damage":4.0,"enemies":"Jaw Worm","floor":5.0,"turns":4.0},{"damage":23.0,"enemies":"Lagavulin","floor":8.0,"turns":8.0},{"damage":8.0,"enemies":"Exordium Wildlife","floor":10.0,"turns":5.0},{"damage":0.0,"enemies":"Large Slime","floor":11.0,"turns":5.0},{"damage":10.0,"enemies":"Looter","floor":13.0,"turns":4.0},{"damage":2.0,"enemies":"3 Sentries","floor":14.0,"turns":7.0},{"damage":31.0,"enemies":"The Guardian","floor":16.0,"turns":8.0},{"damage":9.0,"enemies":"Chosen","floor":18.0,"turns":3.0},{"damage":13.0,"enemies":"Shell Parasite","floor":24.0,"turns":5.0},{"damage":1.0,"enemies":"3 Cultists","floor":25.0,"turns":5.0},{"damage":33.0,"enemies":"Shelled Parasite and Fungi","floor":27.0,"turns":5.0},{"damage":0.0,"enemies":"Snake Plant","floor":29.0,"turns":1.0},{"damage":3.0,"enemies":"3 Cultists","floor":30.0,"turns":4.0},{"damage":26.0,"enemies":"Automaton","floor":33.0,"turns":7.0},{"damage":9.0,"enemies":"3 Darklings","floor":35.0,"turns":6.0},{"damage":40.0,"enemies":"2 Orb Walkers","floor":36.0,"turns":5.0},{"damage":3,"enemies":"3 Shapes","floor":44,"turns":4},{"damage":12,"enemies":"3 Darklings","floor":48,"turns":5},{"damage":50,"enemies":"Time Eater","floor":50,"turns":4}],"seed_played":"8560985971034539278","potions_obtained":[{"floor":8.0,"key":"SmokeBomb"},{"floor":10.0,"key":"PowerPotion"},{"floor":13.0,"key":"SkillPotion"},{"floor":16.0,"key":"FearPotion"},{"floor":24.0,"key":"Poison Potion"},{"floor":27.0,"key":"EntropicBrew"},{"floor":44,"key":"Strength Potion"}],"is_trial":false,"path_per_floor":["M","?","?","M","M","R","$","E","T","M","M","R","M","E","R","B",null,"M","?","?","?","$","R","M","M","T","M","R","M","M","?","R","B",null,"M","?","$","?","T","R","$","R","T","M","?","?","R","M","R","B"],"character_chosen":"DEFECT","items_purchased":["All For One","Magnetism","Recycle","Flash of Steel"],"campfire_rested":2,"item_purchase_floors":[7,22,37,37],"current_hp_per_floor":[48,66,66,62,58,58,58,35,35,29,31,53,45,45,45,16,75,66,66,52,52,52,52,41,42,42,11,35,37,36,30,30,6,80,71,33,33,33,33,33,33,33,33,48,38,38,38,34,34,0],"gold":339,"neow_bonus":"THREE_RARE_CARDS","is_prod":false,"is_daily":false,"chose_seed":false,"campfire_upgraded":8,"win_rate":0.0,"timestamp":1559159168,"path_taken":["M","?","?","M","?","R","$","E","T","M","M","R","M","E","R","BOSS","M","?","?","?","$","R","?","M","T","M","R","M","M","?","R","BOSS","M","?","$","?","?","R","?","R","T","M","?","?","R","?","R","BOSS"],"build_version":"2019-01-23","purchased_purges":0,"victory":false,"max_hp_per_floor":[75,75,75,75,75,75,75,75,75,75,75,75,75,75,75,75,75,75,75,80,80,80,80,80,80,80,80,80,80,80,80,80,80,80,80,80,80,80,80,80,80,80,80,80,80,80,80,80,80,80],"card_choices":[{"not_picked":["Hyperbeam","Machine Learning"],"picked":"Echo Form","floor":0.0},{"not_picked":["Rebound","Tempest"],"picked":"Hologram","floor":1.0},{"not_picked":["Rip and Tear","Streamline"],"picked":"Go for the Eyes","floor":4.0},{"not_picked":["Gash","Barrage"],"picked":"Capacitor","floor":5.0},{"not_picked":["Sweeping Beam","Hologram"],"picked":"Conserve Battery","floor":8.0},{"not_picked":["Capacitor","Core Surge"],"picked":"FTL","floor":10.0},{"not_picked":["Defragment","Rebound"],"picked":"Gash","floor":11.0},{"not_picked":["Coolheaded","Compile Driver"],"picked":"Scrape","floor":13.0},{"not_picked":["Conserve Battery","Sweeping Beam"],"picked":"All For One","floor":14.0},{"not_picked":["All For One","Hyperbeam"],"picked":"Machine Learning","floor":16.0},{"not_picked":["Sweeping Beam","Stack+1"],"picked":"Force Field","floor":18.0},{"not_picked":["Storm","Steam"],"picked":"White Noise","floor":24.0},{"not_picked":["Gash","Streamline"],"picked":"Redo+1","floor":25.0},{"not_picked":["Steam","Chill"],"picked":"Gash+1","floor":27.0},{"not_picked":["Genetic Algorithm+1","Cold Snap+1"],"picked":"Heatsinks","floor":30.0},{"not_picked":["Electrodynamics","Rainbow"],"picked":"Buffer","floor":33.0},{"not_picked":["Tempest+1","Compile Driver+1","Fusion"],"picked":"SKIP","floor":35.0},{"not_picked":["Lockon+1","Tempest"],"picked":"Coolheaded","floor":36.0},{"not_picked":["Steam+1","Leap"],"picked":"Rebound+1","floor":44},{"not_picked":["Conserve Battery+1","Consume"],"picked":"Capacitor","floor":48}],"player_experience":258430,"relics_obtained":[{"floor":8.0,"key":"Blood Vial"},{"floor":9.0,"key":"Bronze Scales"},{"floor":14.0,"key":"Mummified Hand"},{"floor":26.0,"key":"Centennial Puzzle"},{"floor":36.0,"key":"Bird Faced Urn"},{"floor":39.0,"key":"WingedGreaves"},{"floor":43.0,"key":"Oddly Smooth Stone"}],"event_choices":[{"damage_healed":18.0,"max_hp_gain":0.0,"max_hp_loss":0.0,"gold_gain":0.0,"event_name":"The Cleric","player_choice":"Healed","floor":2.0,"gold_loss":35.0,"damage_taken":0.0},{"damage_healed":0.0,"max_hp_gain":0.0,"max_hp_loss":0.0,"gold_gain":0.0,"cards_transformed":["Strike_B"],"event_name":"Transmorgrifier","player_choice":"Transformed","floor":3.0,"gold_loss":0.0,"damage_taken":0.0,"cards_obtained":["Chill"]},{"damage_healed":0.0,"max_hp_gain":0.0,"max_hp_loss":0.0,"gold_gain":0.0,"event_name":"Ghosts","player_choice":"Ignored","floor":19.0,"gold_loss":0.0,"damage_taken":0.0},{"damage_healed":0.0,"max_hp_gain":5.0,"max_hp_loss":0.0,"gold_gain":0.0,"event_name":"Forgotten Altar","player_choice":"Shed Blood","floor":20.0,"gold_loss":0.0,"damage_taken":19.0},{"cards_removed":["Strike_B"],"damage_healed":0.0,"max_hp_gain":0.0,"max_hp_loss":0.0,"gold_gain":0.0,"event_name":"Beggar","player_choice":"Gave Gold","floor":21.0,"gold_loss":75.0,"damage_taken":0.0},{"damage_healed":0.0,"max_hp_gain":0.0,"max_hp_loss":0.0,"gold_gain":0.0,"event_name":"Nest","player_choice":"Joined the Cult","floor":31.0,"gold_loss":0.0,"damage_taken":6.0,"cards_obtained":["RitualDagger"]},{"damage_healed":0.0,"max_hp_gain":0.0,"max_hp_loss":0.0,"gold_gain":0.0,"event_name":"Mysterious Sphere","player_choice":"Fight","floor":36.0,"gold_loss":0.0,"damage_taken":0.0},{"damage_healed":0.0,"max_hp_gain":0.0,"max_hp_loss":0.0,"gold_gain":0.0,"event_name":"Tomb of Lord Red Mask","player_choice":"Paid","floor":38.0,"gold_loss":80.0,"damage_taken":0.0,"relics_obtained":["Red Mask"]},{"damage_healed":0,"gold_gain":0,"player_choice":"Embrace Madness","damage_taken":10,"max_hp_gain":0,"max_hp_loss":0,"event_name":"Winding Halls","floor":45,"gold_loss":0,"cards_obtained":["Madness","Madness"]},{"damage_healed":0,"gold_gain":275,"player_choice":"Desecrate","damage_taken":0,"max_hp_gain":0,"max_hp_loss":0,"event_name":"Golden Shrine","floor":46,"gold_loss":0,"cards_obtained":["Regret"]}],"is_beta":false,"boss_relics":[{"not_picked":["Lizard Tail","Fusion Hammer"],"picked":"Philosopher\u0027s Stone"},{"not_picked":["Cursed Key","Nuclear Battery"],"picked":"FrozenCore"}],"items_purged_floors":[],"is_endless":false,"potions_floor_spawned":[8,10,13,14,16,24,27,44],"killed_by":"Time Eater","ascension_level":0}