{"gold_per_floor":[112,112,112,122,136,161,161,193,193,193,193,193,206,22,22,124,124,137,149,149,149,169,169,196,196,196,227,227,227,227,262,262,367,367,383,396,496,18,18,51,51,86,167,167,9,9,9,9,9,9,9,9,9,44,44],"floor_reached":56,"playtime":7183,"items_purged":[],"score":1844,"play_id":"81d08a5c-aa33-4d0a-a89f-762a9d94df9a","local_time":"20190810170004","is_ascension_mode":true,"campfire_choices":[{"floor":7.0,"key":"REST"},{"floor":10.0,"key":"REST"},{"data":"Neutralize","floor":12.0,"key":"SMITH"},{"floor":15.0,"key":"REST"},{"floor":23.0,"key":"REST"},{"floor":25.0,"key":"REST"},{"data":"Tools of the Trade","floor":28.0,"key":"SMITH"},{"data":"Footwork","floor":32.0,"key":"SMITH"},{"data":"Chrysalis","floor":41.0,"key":"SMITH"},{"data":"Reflex","floor":44.0,"key":"SMITH"},{"floor":46.0,"key":"REST"},{"floor":49.0,"key":"RECALL"},{"data":"Secret Technique","floor":52.0,"key":"SMITH"}],"neow_cost":"PERCENT_DAMAGE","seed_source_timestamp":337435816340956,"circlet_count":0,"master_deck":["Strike_G","Strike_G","Defend_G","Defend_G","Defend_G","Defend_G","Defend_G","Survivor","Neutralize+1","Backflip","Prepared","Caltrops","Footwork+1","Dagger Throw","Footwork","Footwork","Tools of the Trade+1","Prepared","Noxious Fumes","Calculated Gamble+1","Dagger Throw+1","Underhanded Strike","Deflect","Dagger Throw","Flying Knee","Ghostly","Ghostly","Ghostly","Ghostly","Ghostly","Tools of the Trade","A Thousand Cuts","Reflex+1","Backflip+1","Cloak And Dagger+1","Acrobatics","Sadistic Nature","Bandage Up","Endless Agony","Chrysalis+1","Secret Technique+1","Secret Weapon","Flechettes+1","Acrobatics","Madness","Madness","Blur+1"],"special_seed":0,"relics":["Ring of the Snake","Tingsha","Thread and Needle","Calipers","WingedGreaves","Gambling Chip","Regal Pillow","Black Star","Oddly Smooth Stone","Bronze Scales","The Courier","Art of War","Vajra","Pear","White Beast Statue","Torii","TheAbacus","Peace Pipe","Bottled Lightning","Shuriken","Blood Vial","Mummified Hand","Toy Ornithopter","Pen Nib","Strawberry","Pantograph"],"potions_floor_usage":[55,55],"damage_taken":[{"damage":4.0,"enemies":"Small Slimes","floor":1.0,"turns":4.0},{"damage":0.0,"enemies":"2 Louse","floor":4.0,"turns":4.0},{"damage":0.0,"enemies":"Jaw Worm","floor":5.0,"turns":5.0},{"damage":36.0,"enemies":"Lagavulin","floor":6.0,"turns":13.0},{"damage":15.0,"enemies":"3 Sentries","floor":8.0,"turns":13.0},{"damage":3.0,"enemies":"Gremlin Gang","floor":13.0,"turns":5.0},{"damage":0.0,"enemies":"The Guardian","floor":16.0,"turns":14.0},{"damage":5.0,"enemies":"Spheric Guardian","floor":18.0,"turns":6.0},{"damage":0.0,"enemies":"Chosen","floor":19.0,"turns":6.0},{"damage":29.0,"enemies":"Snecko","floor":22.0,"turns":8.0},{"damage":31.0,"enemies":"Gremlin Leader","floor":24.0,"turns":8.0},{"damage":38.0,"enemies":"Slavers","floor":27.0,"turns":7.0},{"damage":3.0,"enemies":"Book of Stabbing","floor":31.0,"turns":7.0},{"damage":0.0,"enemies":"Collector","floor":33.0,"turns":10.0},{"damage":0.0,"enemies":"Orb Walker","floor":35.0,"turns":5.0},{"damage":3.0,"enemies":"3 Darklings","floor":36.0,"turns":6.0},{"damage":0.0,"enemies":"Mind Bloom Boss Battle","floor":37.0,"turns":7.0},{"damage":0.0,"enemies":"Reptomancer","floor":40.0,"turns":6.0},{"damage":18.0,"enemies":"Nemesis","floor":42.0,"turns":9.0},{"damage":13.0,"enemies":"Time Eater","floor":50.0,"turns":11.0},{"damage":25.0,"enemies":"Shield and Spear","floor":54.0,"turns":5.0},{"damage":22,"enemies":"The Heart","floor":55,"turns":10}],"seed_played":"-5677948572605561341","potions_obtained":[{"floor":1.0,"key":"GamblersBrew"},{"floor":8.0,"key":"PowerPotion"},{"floor":22.0,"key":"Fire Potion"},{"floor":24.0,"key":"EssenceOfSteel"},{"floor":31.0,"key":"Explosive Potion"},{"floor":35.0,"key":"Dexterity Potion"},{"floor":36.0,"key":"Dexterity Potion"},{"floor":37.0,"key":"PowerPotion"},{"floor":40.0,"key":"Dexterity Potion"},{"floor":42.0,"key":"Strength Potion"},{"floor":54.0,"key":"Explosive Potion"}],"is_trial":false,"path_per_floor":["M","?","?","M","M","E","R","E","T","R","?","R","M","$","R","B",null,"M","M","?","?","M","R","E","R","T","E","R","?","?","E","R","B",null,"M","M","?","$","?","E","R","E","T","R","$","R","?","T","R","B",null,"R","$","E","B",null],"character_chosen":"THE_SILENT","items_purchased":["Footwork","Regal Pillow","Acrobatics","Sadistic Nature","Bandage Up","Endless Agony","TheAbacus","Toy Ornithopter"],"campfire_rested":6,"item_purchase_floors":[14,14,38,38,38,38,38,45],"current_hp_per_floor":[41,41,41,41,41,5,26,11,11,32,32,32,29,29,65,65,69,64,64,64,64,35,70,39,70,70,32,32,32,32,39,39,39,44,44,41,41,41,31,35,35,21,21,21,21,45,39,39,39,36,43,43,43,31,40],"gold":44,"neow_bonus":"ONE_RARE_RELIC","is_prod":false,"is_daily":false,"chose_seed":false,"campfire_upgraded":6,"win_rate":0,"timestamp":1565470804,"path_taken":["M","?","?","?","?","E","R","E","T","R","?","R","?","$","R","BOSS","M","?","?","?","?","R","E","R","T","E","R","?","?","E","R","BOSS","M","M","?","$","?","E","R","E","T","R","?","R","?","?","R","BOSS","R","$","E","BOSS"],"build_version":"2019-07-17","purchased_purges":0,"victory":true,"max_hp_per_floor":[70,70,70,70,70,70,70,70,70,70,70,70,70,70,70,70,70,70,70,70,70,70,70,70,70,70,70,70,70,35,45,45,45,45,45,45,45,45,45,45,45,45,45,45,45,45,45,45,45,45,45,45,45,52,52],"card_choices":[{"not_picked":["Underhanded Strike","Dagger Spray"],"picked":"Backflip","floor":1.0},{"not_picked":["Dodge and Roll","Underhanded Strike"],"picked":"Prepared","floor":4.0},{"not_picked":["Outmaneuver","Predator"],"picked":"Caltrops","floor":5.0},{"not_picked":["Accuracy","Catalyst"],"picked":"Footwork","floor":6.0},{"not_picked":["Skewer","Setup"],"picked":"Dagger Throw","floor":8.0},{"not_picked":["Finisher","Cloak And Dagger"],"picked":"Footwork","floor":13.0},{"not_picked":["Venomology","Adrenaline"],"picked":"Tools of the Trade","floor":16.0},{"not_picked":["Flying Knee","Sucker Punch"],"picked":"Prepared","floor":18.0},{"not_picked":["Setup","Blade Dance"],"picked":"Noxious Fumes","floor":19.0},{"not_picked":["Poisoned Stab","Outmaneuver"],"picked":"Dagger Throw+1","floor":22.0},{"not_picked":["Dash","Flechettes"],"picked":"Underhanded Strike","floor":24.0},{"not_picked":["Underhanded Strike+1","Poisoned Stab"],"picked":"Deflect","floor":27.0},{"not_picked":["Catalyst","Deadly Poison"],"picked":"Tools of the Trade","floor":31.0},{"not_picked":["Envenom","Doppelganger"],"picked":"A Thousand Cuts","floor":33.0},{"not_picked":["Backflip","PiercingWail+1"],"picked":"Reflex","floor":35.0},{"not_picked":["Poisoned Stab","Blur"],"picked":"Backflip+1","floor":36.0},{"not_picked":["Slice+1","Bouncing Flask+1"],"picked":"Cloak And Dagger+1","floor":37.0},{"not_picked":["Forethought","Metamorphosis"],"picked":"Chrysalis","floor":39.0},{"not_picked":["Mind Blast","PanicButton"],"picked":"Secret Technique","floor":39.0},{"not_picked":["Purity","The Bomb"],"picked":"Secret Weapon","floor":39.0},{"not_picked":["Finisher","Terror+1"],"picked":"Flechettes+1","floor":40.0},{"not_picked":["Distraction","Noxious Fumes"],"picked":"Acrobatics","floor":42.0},{"not_picked":["Deflect","Acrobatics+1"],"picked":"Blur+1","floor":54.0}],"player_experience":1117250,"relics_obtained":[{"floor":6.0,"key":"Calipers"},{"floor":8.0,"key":"WingedGreaves"},{"floor":9.0,"key":"Gambling Chip"},{"floor":24.0,"key":"Oddly Smooth Stone"},{"floor":24.0,"key":"Bronze Scales"},{"floor":27.0,"key":"The Courier"},{"floor":27.0,"key":"Art of War"},{"floor":31.0,"key":"Vajra"},{"floor":31.0,"key":"Pear"},{"floor":37.0,"key":"Torii"},{"floor":40.0,"key":"Peace Pipe"},{"floor":40.0,"key":"Bottled Lightning"},{"floor":42.0,"key":"Shuriken"},{"floor":42.0,"key":"Blood Vial"},{"floor":43.0,"key":"Mummified Hand"},{"floor":48.0,"key":"Pen Nib"},{"floor":54.0,"key":"Strawberry"},{"floor":54.0,"key":"Pantograph"}],"event_choices":[{"damage_healed":0.0,"max_hp_gain":0.0,"max_hp_loss":0.0,"gold_gain":0.0,"event_name":"Big Fish","player_choice":"Box","floor":2.0,"gold_loss":0.0,"damage_taken":0.0,"relics_obtained":["Thread and Needle"],"cards_obtained":["Regret"]},{"cards_removed":["Regret"],"damage_healed":0.0,"max_hp_gain":0.0,"max_hp_loss":0.0,"gold_gain":0.0,"event_name":"Living Wall","player_choice":"Forget","floor":3.0,"gold_loss":0.0,"damage_taken":0.0},{"cards_removed":["Strike_G"],"damage_healed":0.0,"max_hp_gain":0.0,"max_hp_loss":0.0,"gold_gain":0.0,"event_name":"Purifier","player_choice":"Purged","floor":11.0,"gold_loss":0.0,"damage_taken":0.0},{"damage_healed":0.0,"max_hp_gain":0.0,"max_hp_loss":0.0,"gold_gain":0.0,"event_name":"The Library","player_choice":"Read","floor":20.0,"gold_loss":0.0,"damage_taken":0.0,"cards_obtained":["Calculated Gamble"]},{"damage_healed":0.0,"max_hp_gain":0.0,"max_hp_loss":0.0,"gold_gain":0.0,"event_name":"Upgrade Shrine","player_choice":"Upgraded","floor":21.0,"gold_loss":0.0,"damage_taken":0.0,"cards_upgraded":["Calculated Gamble"]},{"damage_healed":0.0,"max_hp_gain":0.0,"max_hp_loss":0.0,"gold_gain":0.0,"cards_transformed":["Strike_G","Strike_G"],"event_name":"Drug Dealer","player_choice":"Became Test Subject","floor":29.0,"gold_loss":0.0,"damage_taken":0.0,"cards_obtained":["Dagger Throw","Flying Knee"]},{"damage_healed":0.0,"max_hp_gain":0.0,"max_hp_loss":35.0,"gold_gain":0.0,"event_name":"Ghosts","player_choice":"Became a Ghost","floor":30.0,"gold_loss":0.0,"damage_taken":0.0,"cards_obtained":["Ghostly","Ghostly","Ghostly","Ghostly","Ghostly"]},{"damage_healed":0.0,"max_hp_gain":0.0,"max_hp_loss":0.0,"gold_gain":0.0,"event_name":"MindBloom","player_choice":"Fight","floor":37.0,"gold_loss":0.0,"damage_taken":0.0},{"damage_healed":0.0,"max_hp_gain":0.0,"max_hp_loss":0.0,"gold_gain":0.0,"event_name":"SensoryStone","player_choice":"Memory 3","floor":39.0,"gold_loss":0.0,"damage_taken":10.0},{"damage_healed":0.0,"max_hp_gain":0.0,"max_hp_loss":0.0,"gold_gain":0.0,"event_name":"Winding Halls","player_choice":"Embrace Madness","floor":47.0,"gold_loss":0.0,"damage_taken":6.0,"cards_obtained":["Madness","Madness"]}],"is_beta":false,"boss_relics":[{"not_picked":["Fusion Hammer","Ectoplasm"],"picked":"Black Star"},{"not_picked":["Snecko Eye","Empty Cage"],"picked":"White Beast Statue"}],"items_purged_floors":[],"is_endless":false,"potions_floor_spawned":[1,8,22,24,31,35,36,37,40,42,54],"ascension_level":7}