{"gold_per_floor":[112,128,5,80,99,133,133,153,153,167,180,180,14,14,14,114,114,130,130,18,18,293,293],"floor_reached":23,"playtime":2355,"items_purged":["Decay"],"score":214,"play_id":"dba7fa10-1a00-44ad-aa1a-0fa3203cd952","local_time":"20191020131823","is_ascension_mode":false,"campfire_choices":[{"floor":7,"key":"REST"},{"floor":12,"key":"REST"},{"data":"Skewer","floor":15,"key":"SMITH"}],"neow_cost":"NONE","seed_source_timestamp":94199501701600,"circlet_count":0,"master_deck":["Strike_G","Strike_G","Strike_G","Strike_G","Strike_G","Defend_G","Defend_G","Defend_G","Defend_G","Defend_G","Survivor","Neutralize","Backflip","Finisher","Predator","Outmaneuver","Sucker Punch","Malaise","Noxious Fumes","Poisoned Stab","Skewer+1","Quick Slash","Parasite","Venomology","Caltrops+1","Infinite Blades","Regret"],"relics":["Ring of the Snake","Lantern","Darkstone Periapt","Anchor","Black Star","Nilry\u0027s Codex"],"potions_floor_usage":[23,23],"damage_taken":[{"damage":2,"enemies":"Cultist","floor":1,"turns":4},{"damage":0,"enemies":"Small Slimes","floor":2,"turns":4},{"damage":8,"enemies":"Jaw Worm","floor":5,"turns":2},{"damage":26,"enemies":"Gremlin Nob","floor":6,"turns":4},{"damage":8,"enemies":"3 Louse","floor":8,"turns":5},{"damage":2,"enemies":"Looter","floor":10,"turns":2},{"damage":25,"enemies":"Gremlin Gang","floor":11,"turns":4},{"damage":50,"enemies":"Hexaghost","floor":16,"turns":11},{"damage":20,"enemies":"Spheric Guardian","floor":18,"turns":4},{"damage":97,"enemies":"Slavers","floor":23,"turns":6}],"seed_played":"4039272323053765900","potions_obtained":[{"floor":5,"key":"FearPotion"},{"floor":6,"key":"Weak Potion"},{"floor":10,"key":"Strength Potion"},{"floor":18,"key":"FairyPotion"}],"is_trial":false,"path_per_floor":["M","M","$","?","M","E","R","M","T","M","M","R","$","?","R","B",null,"M","?","$","?","?","E"],"character_chosen":"THE_SILENT","items_purchased":["Predator","Outmaneuver","Anchor","Quick Slash","Infinite Blades"],"campfire_rested":2,"item_purchase_floors":[3,3,13,13,20],"current_hp_per_floor":[75,75,75,64,56,30,53,45,45,43,18,41,41,66,66,16,83,63,69,69,53,59,0],"gold":293,"neow_bonus":"TEN_PERCENT_HP_BONUS","is_prod":false,"is_daily":false,"chose_seed":false,"campfire_upgraded":1,"win_rate":0.0,"timestamp":1571591903,"path_taken":["M","M","$","?","M","E","R","M","T","M","M","R","$","?","R","BOSS","M","?","$","?","?","E"],"build_version":"2019-07-17","purchased_purges":1,"victory":false,"max_hp_per_floor":[77,77,77,77,77,77,77,77,77,77,77,77,77,83,83,83,83,83,89,89,89,95,95],"card_choices":[{"not_picked":["Deadly Poison","Blur"],"picked":"Backflip","floor":1},{"not_picked":["Prepared","Acrobatics"],"picked":"Finisher","floor":2},{"not_picked":["Flying Knee","Escape Plan"],"picked":"Sucker Punch","floor":5},{"not_picked":["Acrobatics","Deflect"],"picked":"Malaise","floor":6},{"not_picked":["Prepared","Blade Dance"],"picked":"Noxious Fumes","floor":8},{"not_picked":["Escape Plan","Reflex"],"picked":"Poisoned Stab","floor":10},{"not_picked":["Dodge and Roll","Acrobatics"],"picked":"Skewer","floor":11},{"not_picked":["Wraith Form v2","Phantasmal Killer"],"picked":"Venomology","floor":16},{"not_picked":["Footwork","Backflip"],"picked":"Caltrops+1","floor":18}],"player_experience":5241,"relics_obtained":[{"floor":6,"key":"Lantern"},{"floor":9,"key":"Darkstone Periapt"},{"floor":21,"key":"Nilry\u0027s Codex"}],"event_choices":[{"damage_healed":0,"gold_gain":75,"player_choice":"Gather Gold","damage_taken":11,"max_hp_gain":0,"max_hp_loss":0,"event_name":"World of Goop","floor":4,"gold_loss":0},{"damage_healed":19,"gold_gain":0,"player_choice":"Healed and dodged fight","damage_taken":0,"max_hp_gain":0,"max_hp_loss":0,"event_name":"Mushrooms","floor":14,"gold_loss":0,"cards_obtained":["Parasite"]},{"damage_healed":0,"gold_gain":0,"player_choice":"Smashed Altar","damage_taken":0,"max_hp_gain":0,"max_hp_loss":0,"event_name":"Forgotten Altar","floor":19,"gold_loss":0,"cards_obtained":["Decay"]},{"damage_healed":0,"gold_gain":0,"player_choice":"Obtained Book","damage_taken":16,"max_hp_gain":0,"max_hp_loss":0,"event_name":"Cursed Tome","floor":21,"gold_loss":0},{"damage_healed":0,"gold_gain":275,"player_choice":"Desecrate","damage_taken":0,"max_hp_gain":0,"max_hp_loss":0,"event_name":"Golden Shrine","floor":22,"gold_loss":0,"cards_obtained":["Regret"]}],"is_beta":false,"boss_relics":[{"not_picked":["Sozu","Runic Dome"],"picked":"Black Star"}],"items_purged_floors":[20],"is_endless":false,"potions_floor_spawned":[5,6,10,11,18],"killed_by":"Slavers","ascension_level":0}