{"gold_per_floor":[114,39,52,66,66,66,76,96,96,129,129,129,129,150,150,243,243,262,21,42,55,55],"floor_reached":22,"playtime":2079,"items_purged":["Pain"],"score":329,"play_id":"85ef9fde-e71c-4b63-90ed-f01360de7a15","local_time":"20191008191119","is_ascension_mode":true,"campfire_choices":[{"data":"Loop","floor":6.0,"key":"SMITH"},{"floor":11.0,"key":"REST"},{"floor":15.0,"key":"REST"}],"neow_cost":"NONE","seed_source_timestamp":25084102743871,"circlet_count":0,"master_deck":["AscendersBane","Strike_B","Strike_B","Strike_B","Defend_B","Defend_B","Defend_B","Defend_B","Zap","Dualcast","Chill","Loop+1","Ball Lightning","Genetic Algorithm","Genetic Algorithm","Cold Snap","Steam","All For One","Defragment","Hyperbeam","Madness","Darkness","Consume"],"special_seed":0,"relics":["Cracked Core","Art of War","WarpedTongs","Sundial","InkBottle","Golden Idol","Runic Pyramid"],"potions_floor_usage":[],"damage_taken":[{"damage":15.0,"enemies":"2 Louse","floor":1.0,"turns":3.0},{"damage":0.0,"enemies":"Cultist","floor":3.0,"turns":4.0},{"damage":0.0,"enemies":"Small Slimes","floor":4.0,"turns":3.0},{"damage":5.0,"enemies":"Blue Slaver","floor":7.0,"turns":3.0},{"damage":18.0,"enemies":"Exordium Thugs","floor":8.0,"turns":4.0},{"damage":18.0,"enemies":"3 Sentries","floor":10.0,"turns":9.0},{"damage":15.0,"enemies":"3 Louse","floor":14.0,"turns":3.0},{"damage":16.0,"enemies":"The Guardian","floor":16.0,"turns":12.0},{"damage":22.0,"enemies":"3 Byrds","floor":18.0,"turns":4.0},{"damage":0.0,"enemies":"Chosen","floor":20.0,"turns":6.0},{"damage":6,"enemies":"3 Cultists","floor":21,"turns":6},{"damage":27,"enemies":"Snake Plant","floor":22,"turns":2}],"seed_played":"6983741630983668602","potions_obtained":[{"floor":1.0,"key":"AttackPotion"},{"floor":3.0,"key":"Weak Potion"},{"floor":8.0,"key":"Energy Potion"},{"floor":16.0,"key":"Explosive Potion"},{"floor":20.0,"key":"Ancient Potion"}],"is_trial":false,"path_per_floor":["M","?","M","M","?","R","M","M","T","E","R","?","?","M","R","B",null,"M","$","M","M","M"],"character_chosen":"DEFECT","items_purchased":["Hyperbeam","Madness"],"campfire_rested":2,"item_purchase_floors":[19,19],"current_hp_per_floor":[49,49,49,49,49,49,44,26,26,8,29,29,29,14,33,17,52,30,30,30,24,0],"gold":55,"neow_bonus":"RANDOM_COMMON_RELIC","is_prod":false,"is_daily":false,"chose_seed":false,"campfire_upgraded":1,"win_rate":0,"timestamp":1570576279,"path_taken":["M","?","M","M","?","R","M","?","T","E","R","?","?","M","R","BOSS","M","$","M","M","M"],"build_version":"2019-10-07","purchased_purges":1,"victory":false,"max_hp_per_floor":[71,71,71,71,71,71,71,71,71,71,71,64,64,64,64,64,64,64,64,64,64,64],"card_choices":[{"not_picked":["Tempest","Compile Driver"],"picked":"Chill","floor":1.0},{"not_picked":["Darkness","Conserve Battery"],"picked":"Loop","floor":3.0},{"not_picked":["Stack","Turbo"],"picked":"Ball Lightning","floor":4.0},{"not_picked":["Streamline","Stack"],"picked":"Genetic Algorithm","floor":7.0},{"not_picked":["Turbo","Rebound"],"picked":"Genetic Algorithm","floor":8.0},{"not_picked":["Compile Driver","Heatsinks"],"picked":"Cold Snap","floor":10.0},{"not_picked":["Force Field","Streamline"],"picked":"Steam","floor":14.0},{"not_picked":["Hyperbeam","Machine Learning"],"picked":"All For One","floor":16.0},{"not_picked":["Force Field","Compile Driver"],"picked":"Defragment","floor":18.0},{"not_picked":["Stack+1","Rebound"],"picked":"Darkness","floor":20.0},{"not_picked":["Stack","Static Discharge"],"picked":"Consume","floor":21}],"player_experience":1663355,"relics_obtained":[{"floor":9.0,"key":"Sundial"},{"floor":10.0,"key":"InkBottle"}],"event_choices":[{"cards_removed":["Strike_B"],"damage_healed":0.0,"max_hp_gain":0.0,"max_hp_loss":0.0,"gold_gain":0.0,"event_name":"The Cleric","player_choice":"Card Removal","floor":2.0,"gold_loss":75.0,"damage_taken":0.0},{"damage_healed":0.0,"max_hp_gain":0.0,"max_hp_loss":0.0,"gold_gain":0.0,"event_name":"Accursed Blacksmith","player_choice":"Rummage","floor":5.0,"gold_loss":0.0,"damage_taken":0.0,"relics_obtained":["WarpedTongs"],"cards_obtained":["Pain"]},{"damage_healed":0.0,"max_hp_gain":0.0,"max_hp_loss":7.0,"gold_gain":0.0,"event_name":"Golden Idol","player_choice":"Lose Max HP","floor":12.0,"gold_loss":0.0,"damage_taken":0.0,"relics_obtained":["Golden Idol"]},{"damage_healed":0.0,"max_hp_gain":0.0,"max_hp_loss":0.0,"gold_gain":0.0,"event_name":"Shining Light","player_choice":"Ignored","floor":13.0,"gold_loss":0.0,"damage_taken":0.0}],"is_beta":true,"boss_relics":[{"not_picked":["Tiny House","Calling Bell"],"picked":"Runic Pyramid"}],"items_purged_floors":[19],"is_endless":false,"potions_floor_spawned":[1,3,8,16,20],"killed_by":"Snake Plant","ascension_level":15}