{"gold_per_floor":[117,192,192,367,12,12,29,29,29,43,67,67,95,95],"floor_reached":14,"playtime":523,"items_purged":["Regret"],"score":99,"play_id":"05252eda-c9a9-4e7c-9ae1-35f3d95d488a","local_time":"20190711204152","is_ascension_mode":true,"campfire_choices":[{"data":"Neutralize","floor":6,"key":"SMITH"},{"data":"Acrobatics","floor":8,"key":"SMITH"}],"neow_cost":"NONE","seed_source_timestamp":563997339124865,"circlet_count":0,"master_deck":["Strike_G","Strike_G+1","Strike_G","Strike_G","Strike_G","Defend_G","Defend_G","Defend_G","Defend_G","Defend_G","Survivor","Neutralize+1","Concentrate","Doubt","Acrobatics+1","Eviscerate+1","Reflex","Calculated Gamble"],"relics":["Ring of the Snake","NeowsBlessing","Anchor","Paper Crane","Orichalcum","Juzu Bracelet","Odd Mushroom"],"potions_floor_usage":[13,14],"damage_taken":[{"damage":0,"enemies":"Jaw Worm","floor":1,"turns":1},{"damage":0,"enemies":"Small Slimes","floor":7,"turns":1},{"damage":0,"enemies":"2 Louse","floor":10,"turns":1},{"damage":33,"enemies":"The Mushroom Lair","floor":13,"turns":6},{"damage":17,"enemies":"Lagavulin","floor":14,"turns":3}],"seed_played":"6545136935941452665","potions_obtained":[{"floor":1,"key":"Block Potion"},{"floor":10,"key":"Regen Potion"}],"is_trial":false,"path_per_floor":["M","?","?","?","$","R","M","R","T","M","T","?","?","E"],"character_chosen":"THE_SILENT","items_purchased":["Paper Crane","Acrobatics"],"campfire_rested":0,"item_purchase_floors":[5,5],"current_hp_per_floor":[63,52,52,52,52,52,52,52,52,52,52,38,5,0],"gold":95,"neow_bonus":"THREE_ENEMY_KILL","is_prod":false,"is_daily":false,"chose_seed":false,"campfire_upgraded":2,"win_rate":0,"timestamp":1562892112,"path_taken":["M","?","?","?","$","R","M","R","T","M","?","?","?","E"],"build_version":"2019-07-05","purchased_purges":1,"victory":false,"max_hp_per_floor":[70,70,70,70,70,70,70,70,70,70,70,70,70,70],"card_choices":[{"not_picked":["Blade Dance","Sucker Punch"],"picked":"Concentrate","floor":1},{"not_picked":["Reflex","Outmaneuver"],"picked":"Eviscerate","floor":7},{"not_picked":["Backstab","Sucker Punch"],"picked":"Reflex","floor":10},{"not_picked":["Dash","Skewer"],"picked":"Calculated Gamble","floor":13}],"player_experience":881696,"relics_obtained":[{"floor":9,"key":"Orichalcum"},{"floor":11,"key":"Juzu Bracelet"},{"floor":13,"key":"Odd Mushroom"}],"event_choices":[{"damage_healed":0,"gold_gain":75,"player_choice":"Gather Gold","damage_taken":11,"max_hp_gain":0,"max_hp_loss":0,"event_name":"World of Goop","floor":2,"gold_loss":0},{"damage_healed":0,"gold_gain":0,"player_choice":"Box","damage_taken":0,"relics_obtained":["Anchor"],"max_hp_gain":0,"max_hp_loss":0,"event_name":"Big Fish","floor":3,"gold_loss":0,"cards_obtained":["Regret"]},{"damage_healed":0,"gold_gain":175,"player_choice":"AGREE","damage_taken":0,"max_hp_gain":0,"max_hp_loss":0,"event_name":"Liars Game","floor":4,"gold_loss":0,"cards_obtained":["Doubt"]},{"damage_healed":0,"gold_gain":0,"player_choice":"Entered Light","damage_taken":14,"max_hp_gain":0,"max_hp_loss":0,"event_name":"Shining Light","floor":12,"gold_loss":0,"cards_upgraded":["Strike_G","Eviscerate"]},{"damage_healed":0,"gold_gain":0,"player_choice":"Fought Mushrooms","damage_taken":0,"max_hp_gain":0,"max_hp_loss":0,"event_name":"Mushrooms","floor":13,"gold_loss":0}],"is_beta":false,"boss_relics":[],"items_purged_floors":[5],"is_endless":false,"potions_floor_spawned":[1,10],"killed_by":"Lagavulin","ascension_level":6}