{"gold_per_floor":[112,112,122,53,53,88,104,120,120,120,140,15,28,63,63,63],"floor_reached":16,"playtime":2378,"items_purged":["Regret"],"score":134,"play_id":"6621fd98-1a7e-44ce-9a52-cee43f3e2b45","local_time":"20190608165332","is_ascension_mode":true,"campfire_choices":[{"floor":10.0,"key":"REST"},{"floor":15.0,"key":"REST"}],"neow_cost":"PERCENT_DAMAGE","seed_source_timestamp":0,"circlet_count":0,"master_deck":["Strike_R","Strike_R","Defend_R","Defend_R","Defend_R","Defend_R","Bash","Uppercut","Feed","Dual Wield","Searing Blow","Evolve","Shockwave","Spot Weakness","Whirlwind","Burning Pact","Thunderclap+1","Rage","Rupture"],"special_seed":0,"relics":["Burning Blood","Vajra","Ice Cream","Molten Egg 2","Pantograph"],"potions_floor_usage":[],"damage_taken":[{"damage":5.0,"enemies":"Cultist","floor":1.0,"turns":4.0},{"damage":6.0,"enemies":"2 Louse","floor":3.0,"turns":3.0},{"damage":52.0,"enemies":"Gremlin Nob","floor":6.0,"turns":6.0},{"damage":14.0,"enemies":"Jaw Worm","floor":7.0,"turns":4.0},{"damage":14.0,"enemies":"Lots of Slimes","floor":8.0,"turns":5.0},{"damage":13.0,"enemies":"Blue Slaver","floor":11.0,"turns":4.0},{"damage":15.0,"enemies":"Large Slime","floor":13.0,"turns":7.0},{"damage":15.0,"enemies":"3 Sentries","floor":14.0,"turns":3.0},{"damage":62,"enemies":"The Guardian","floor":16,"turns":11}],"seed_played":"-3602394576491587800","potions_obtained":[{"floor":1.0,"key":"SpeedPotion"},{"floor":3.0,"key":"Ancient Potion"},{"floor":7.0,"key":"Energy Potion"},{"floor":8.0,"key":"Strength Potion"}],"is_trial":false,"path_per_floor":["M","?","M","$","?","E","M","M","T","R","M","$","M","E","R","B"],"character_chosen":"IRONCLAD","items_purchased":["Evolve","Thunderclap+1"],"campfire_rested":2,"item_purchase_floors":[4,12],"current_hp_per_floor":[60,60,63,63,63,20,12,7,7,34,27,27,18,9,36,0],"gold":63,"neow_bonus":"TRANSFORM_TWO_CARDS","is_prod":false,"is_daily":false,"chose_seed":false,"campfire_upgraded":0,"win_rate":0,"timestamp":1560038012,"path_taken":["M","?","M","?","?","E","M","?","T","R","M","$","M","E","R","BOSS"],"build_version":"2019-01-23","purchased_purges":1,"victory":false,"max_hp_per_floor":[83,83,86,86,86,89,89,92,92,92,92,92,92,92,92,92],"card_choices":[{"not_picked":["Disarm","Body Slam"],"picked":"Dual Wield","floor":1.0},{"not_picked":["Headbutt","Anger"],"picked":"Searing Blow","floor":3.0},{"not_picked":["Havoc","Perfected Strike"],"picked":"Shockwave","floor":6.0},{"not_picked":["Bludgeon","Headbutt"],"picked":"Spot Weakness","floor":7.0},{"not_picked":["Searing Blow","Blood for Blood"],"picked":"Whirlwind","floor":8.0},{"not_picked":["Shrug It Off","Flame Barrier"],"picked":"Burning Pact","floor":11.0},{"not_picked":["Burning Pact","Wild Strike+1"],"picked":"Rage","floor":13.0},{"not_picked":["Fiend Fire+1","Body Slam+1"],"picked":"Rupture","floor":14.0}],"player_experience":504001,"relics_obtained":[{"floor":6.0,"key":"Ice Cream"},{"floor":9.0,"key":"Molten Egg 2"},{"floor":14.0,"key":"Pantograph"}],"event_choices":[{"cards_removed":["Strike_R"],"damage_healed":0.0,"max_hp_gain":0.0,"max_hp_loss":0.0,"gold_gain":0.0,"event_name":"Bonfire Elementals","player_choice":"Offered Basic","floor":2.0,"gold_loss":0.0,"damage_taken":0.0},{"damage_healed":0.0,"max_hp_gain":0.0,"max_hp_loss":0.0,"gold_gain":0.0,"event_name":"Big Fish","player_choice":"Box","floor":5.0,"gold_loss":0.0,"damage_taken":0.0,"relics_obtained":["Vajra"],"cards_obtained":["Regret"]}],"is_beta":false,"boss_relics":[],"items_purged_floors":[12],"is_endless":false,"potions_floor_spawned":[1,3,7,8],"killed_by":"The Guardian","ascension_level":4}