{"gold_per_floor":[119,18,18,18,18,52,52,3,55,85,166,166,193,207,207,281,281,301,318,318],"floor_reached":20,"playtime":886,"items_purged":[],"score":417,"play_id":"6f571285-af7b-463d-9c03-79ae60f5774c","local_time":"20190906151655","is_ascension_mode":true,"campfire_choices":[{"data":"Zap","floor":7.0,"key":"SMITH"},{"floor":12.0,"key":"REST"},{"floor":15.0,"key":"REST"}],"neow_cost":"NONE","seed_source_timestamp":126393262069042,"circlet_count":0,"master_deck":["AscendersBane","Strike_B","Strike_B","Strike_B","Defend_B+1","Defend_B","Defend_B","Defend_B","Zap+1","Dualcast","BootSequence","Capacitor","Stack+1","Rebound","Redo","Sunder","Lockon","Seek","Hologram","Undo"],"special_seed":0,"relics":["Cracked Core","NeowsBlessing","Cables","DataDisk","Gambling Chip","Ornamental Fan","Bronze Scales","White Beast Statue"],"potions_floor_usage":[],"damage_taken":[{"damage":0.0,"enemies":"Jaw Worm","floor":1.0,"turns":1.0},{"damage":0.0,"enemies":"3 Sentries","floor":6.0,"turns":1.0},{"damage":0.0,"enemies":"Gremlin Nob","floor":10.0,"turns":1.0},{"damage":27.0,"enemies":"Lagavulin","floor":13.0,"turns":4.0},{"damage":0.0,"enemies":"2 Louse","floor":14.0,"turns":2.0},{"damage":19.0,"enemies":"Hexaghost","floor":16.0,"turns":7.0},{"damage":26.0,"enemies":"2 Thieves","floor":18.0,"turns":3.0},{"damage":25.0,"enemies":"Spheric Guardian","floor":19.0,"turns":4.0},{"damage":10,"enemies":"Shelled Parasite and Fungi","floor":20,"turns":4}],"seed_played":"1272619418416454904","potions_obtained":[{"floor":1.0,"key":"FearPotion"},{"floor":18.0,"key":"SpeedPotion"},{"floor":19.0,"key":"Fire Potion"}],"is_trial":false,"path_per_floor":["M","$","?","?","$","E","R","$","T","E","T","R","E","M","R","B",null,"M","M","M"],"character_chosen":"DEFECT","items_purchased":["Capacitor","Stack","Weak Potion"],"campfire_rested":2,"item_purchase_floors":[2,2,8],"current_hp_per_floor":[64,64,57,36,36,36,36,36,36,36,36,57,30,30,51,32,61,35,10,0],"gold":318,"neow_bonus":"THREE_ENEMY_KILL","is_prod":false,"is_daily":false,"chose_seed":false,"campfire_upgraded":1,"win_rate":0,"timestamp":1567797415,"path_taken":["M","$","?","?","?","E","R","$","T","E","?","R","E","M","R","BOSS","M","M","M"],"build_version":"2019-07-17","purchased_purges":0,"victory":false,"max_hp_per_floor":[71,71,71,71,71,71,71,71,71,71,71,71,71,71,71,71,71,71,71,71],"card_choices":[{"not_picked":["Fusion","Compile Driver"],"picked":"BootSequence","floor":1.0},{"not_picked":["Stack","Conserve Battery"],"picked":"Rebound","floor":6.0},{"not_picked":["Stack","BootSequence"],"picked":"Redo","floor":10.0},{"not_picked":["BootSequence","Ball Lightning"],"picked":"Sunder","floor":13.0},{"not_picked":["Blizzard","Reprogram"],"picked":"Lockon","floor":14.0},{"not_picked":["Meteor Strike","Hyperbeam"],"picked":"Seek","floor":16.0},{"not_picked":["Storm","Rebound"],"picked":"Hologram","floor":18.0},{"not_picked":["Sweeping Beam","Ball Lightning+1"],"picked":"Undo","floor":19.0}],"player_experience":1317694,"relics_obtained":[{"floor":6.0,"key":"Cables"},{"floor":9.0,"key":"DataDisk"},{"floor":10.0,"key":"Gambling Chip"},{"floor":11.0,"key":"Ornamental Fan"},{"floor":13.0,"key":"Bronze Scales"}],"event_choices":[{"cards_removed":["Strike_B"],"damage_healed":0.0,"max_hp_gain":0.0,"max_hp_loss":0.0,"gold_gain":0.0,"event_name":"Golden Wing","player_choice":"Card Removal","floor":3.0,"gold_loss":0.0,"damage_taken":7.0},{"damage_healed":0.0,"max_hp_gain":0.0,"max_hp_loss":0.0,"gold_gain":0.0,"event_name":"Shining Light","player_choice":"Entered Light","floor":4.0,"gold_loss":0.0,"damage_taken":21.0,"cards_upgraded":["Stack","Defend_B"]}],"is_beta":false,"boss_relics":[{"not_picked":["Lizard Tail","Eternal Feather"],"picked":"White Beast Statue"}],"items_purged_floors":[],"is_endless":false,"potions_floor_spawned":[1,13,18,19],"killed_by":"Shelled Parasite and Fungi","ascension_level":15}