{"gold_per_floor":[117,292,108,108,121,121,162,162,210,230,230,273,273,292,292,381,381,399,110,129,44,60,60],"floor_reached":23,"playtime":2569,"items_purged":["Doubt"],"score":381,"play_id":"7e6bbdcb-5cba-4efc-8387-a726eb2948a4","local_time":"20190902202656","is_ascension_mode":true,"campfire_choices":[{"data":"Defragment","floor":6.0,"key":"SMITH"},{"data":"Self Repair","floor":8.0,"key":"SMITH"},{"data":"Zap","floor":11.0,"key":"SMITH"},{"floor":13.0,"key":"REST"},{"floor":15.0,"key":"REST"}],"neow_cost":"NONE","seed_source_timestamp":7236958626585,"circlet_count":0,"master_deck":["AscendersBane","Strike_B","Strike_B","Strike_B","Strike_B","Defend_B","Defend_B","Defend_B","Defend_B","Zap+1","Dualcast","White Noise","Capacitor","Lockon","Injury","Defragment+1","Self Repair+1","Sweeping Beam","All For One","Coolheaded","Fission","Defragment+1","Go for the Eyes+1","Turbo","Force Field"],"special_seed":0,"relics":["Cracked Core","NeowsBlessing","Golden Idol","Symbiotic Virus","Centennial Puzzle","Incense Burner","Black Star","Molten Egg 2","Letter Opener"],"potions_floor_usage":[23],"damage_taken":[{"damage":0.0,"enemies":"2 Louse","floor":1.0,"turns":1.0},{"damage":0.0,"enemies":"Small Slimes","floor":5.0,"turns":1.0},{"damage":0.0,"enemies":"Lagavulin","floor":7.0,"turns":1.0},{"damage":18.0,"enemies":"Jaw Worm","floor":10.0,"turns":4.0},{"damage":49.0,"enemies":"3 Sentries","floor":12.0,"turns":7.0},{"damage":17.0,"enemies":"Exordium Thugs","floor":14.0,"turns":3.0},{"damage":1.0,"enemies":"Slime Boss","floor":16.0,"turns":4.0},{"damage":10.0,"enemies":"Chosen","floor":18.0,"turns":6.0},{"damage":18.0,"enemies":"Shell Parasite","floor":20.0,"turns":5.0},{"damage":40.0,"enemies":"Centurion and Healer","floor":22.0,"turns":7.0},{"damage":48,"enemies":"Gremlin Leader","floor":23,"turns":6}],"seed_played":"4603035624943486777","potions_obtained":[{"floor":5.0,"key":"Poison Potion"},{"floor":7.0,"key":"EssenceOfSteel"},{"floor":16.0,"key":"Dexterity Potion"},{"floor":20.0,"key":"SteroidPotion"}],"is_trial":false,"path_per_floor":["M","?","$","?","M","R","E","R","T","M","R","E","R","M","R","B",null,"M","$","M","?","M","E"],"character_chosen":"DEFECT","items_purchased":["Capacitor","Lockon","Molten Egg 2","Go for the Eyes+1"],"campfire_rested":2,"item_purchase_floors":[3,3,19,19],"current_hp_per_floor":[64,64,64,64,64,64,64,64,64,56,56,17,38,31,52,61,69,69,69,61,61,31,0],"gold":60,"neow_bonus":"THREE_ENEMY_KILL","is_prod":false,"is_daily":false,"chose_seed":false,"campfire_upgraded":3,"win_rate":0,"timestamp":1567470416,"path_taken":["M","?","$","?","M","R","E","R","T","M","R","E","R","M","R","BOSS","M","$","M","?","M","E"],"build_version":"2019-07-17","purchased_purges":1,"victory":false,"max_hp_per_floor":[71,71,71,71,71,71,71,71,71,71,71,71,71,71,71,71,71,71,71,71,71,71,71],"card_choices":[{"not_picked":["Stack","Steam Power"],"picked":"White Noise","floor":1.0},{"not_picked":["Compile Driver","Steam"],"picked":"Defragment","floor":5.0},{"not_picked":["FTL","Conserve Battery"],"picked":"Self Repair","floor":7.0},{"not_picked":["Turbo","Go for the Eyes"],"picked":"Sweeping Beam","floor":10.0},{"not_picked":["Hologram","Gash"],"picked":"All For One","floor":12.0},{"not_picked":["Static Discharge","Fusion"],"picked":"Coolheaded","floor":14.0},{"not_picked":["Meteor Strike","All For One"],"picked":"Fission","floor":16.0},{"not_picked":["Turbo","Rip and Tear"],"picked":"Defragment+1","floor":18.0},{"not_picked":["Heatsinks","Compile Driver+1"],"picked":"Turbo","floor":20.0},{"not_picked":["Hologram","Self Repair"],"picked":"Force Field","floor":22.0}],"player_experience":1273601,"relics_obtained":[{"floor":7.0,"key":"Symbiotic Virus"},{"floor":9.0,"key":"Centennial Puzzle"},{"floor":12.0,"key":"Incense Burner"}],"event_choices":[{"damage_healed":0.0,"max_hp_gain":0.0,"max_hp_loss":0.0,"gold_gain":175.0,"event_name":"Liars Game","player_choice":"AGREE","floor":2.0,"gold_loss":0.0,"damage_taken":0.0,"cards_obtained":["Doubt"]},{"damage_healed":0.0,"max_hp_gain":0.0,"max_hp_loss":0.0,"gold_gain":0.0,"event_name":"Golden Idol","player_choice":"Take Wound","floor":4.0,"gold_loss":0.0,"damage_taken":0.0,"relics_obtained":["Golden Idol"],"cards_obtained":["Injury"]},{"damage_healed":0.0,"max_hp_gain":0.0,"max_hp_loss":0.0,"gold_gain":0.0,"event_name":"Addict","player_choice":"Obtained Relic","floor":21.0,"gold_loss":85.0,"damage_taken":0.0,"relics_obtained":["Letter Opener"]}],"is_beta":false,"boss_relics":[{"not_picked":["Inserter","Sozu"],"picked":"Black Star"}],"items_purged_floors":[3],"is_endless":false,"potions_floor_spawned":[5,7,10,16,20],"killed_by":"Gremlin Leader","ascension_level":14}