{"gold_per_floor":[118,118,118,132,149,176,176,203,203,203,203,214,214,231,231,302,302,313,323,323,343,68,68,95,112,138,138],"floor_reached":27,"playtime":2139,"items_purged":["Writhe"],"score":469,"play_id":"6e5ceed6-3151-4b25-a9b3-b3dfd341991f","local_time":"20191017190756","is_ascension_mode":true,"campfire_choices":[{"data":"Zap","floor":7.0,"key":"SMITH"},{"floor":11.0,"key":"REST"},{"data":"Creative AI","floor":13.0,"key":"SMITH"},{"data":"Lockon","floor":15.0,"key":"SMITH"},{"data":"Redo","floor":23.0,"key":"SMITH"}],"neow_cost":"TEN_PERCENT_HP_LOSS","seed_source_timestamp":114655692117649,"circlet_count":0,"master_deck":["AscendersBane","Defend_B","Defend_B","Defend_B","Defend_B","Zap+1","Dualcast","Steam","Gash","Hologram+1","Creative AI+1","Skim","Lockon+1","Core Surge","White Noise+1","Consume","Redo+1","Coolheaded"],"special_seed":0,"relics":["Cracked Core","Emotion Chip","StoneCalendar","Symbiotic Virus","Incense Burner","Empty Cage","Oddly Smooth Stone","Runic Capacitor","CaptainsWheel","Potion Belt"],"potions_floor_usage":[24,27],"damage_taken":[{"damage":4.0,"enemies":"2 Louse","floor":1.0,"turns":3.0},{"damage":1.0,"enemies":"Small Slimes","floor":4.0,"turns":4.0},{"damage":0.0,"enemies":"Cultist","floor":5.0,"turns":3.0},{"damage":25.0,"enemies":"Gremlin Nob","floor":6.0,"turns":4.0},{"damage":17.0,"enemies":"Lagavulin","floor":8.0,"turns":7.0},{"damage":1.0,"enemies":"Looter","floor":12.0,"turns":4.0},{"damage":1.0,"enemies":"2 Fungi Beasts","floor":14.0,"turns":3.0},{"damage":30.0,"enemies":"The Guardian","floor":16.0,"turns":6.0},{"damage":1.0,"enemies":"Chosen","floor":18.0,"turns":3.0},{"damage":0.0,"enemies":"Spheric Guardian","floor":19.0,"turns":3.0},{"damage":16.0,"enemies":"Snecko","floor":21.0,"turns":5.0},{"damage":26,"enemies":"Gremlin Leader","floor":24,"turns":8},{"damage":6,"enemies":"Shelled Parasite and Fungi","floor":25,"turns":5},{"damage":6,"enemies":"Snake Plant","floor":27,"turns":2}],"seed_played":"-6963445328865457979","potions_obtained":[{"floor":4.0,"key":"Regen Potion"},{"floor":8.0,"key":"Fire Potion"},{"floor":14.0,"key":"PowerPotion"},{"floor":16.0,"key":"SpeedPotion"},{"floor":18.0,"key":"LiquidMemories"}],"is_trial":false,"path_per_floor":["M","?","?","M","M","E","R","E","T","?","R","M","R","M","R","B",null,"M","M","?","M","$","R","E","M","T","M"],"character_chosen":"DEFECT","items_purchased":["Runic Capacitor","Redo"],"campfire_rested":1,"item_purchase_floors":[22,22],"current_hp_per_floor":[60,60,60,59,59,34,34,17,17,17,36,35,35,34,34,19,53,52,52,52,36,36,36,10,4,4,0],"gold":138,"neow_bonus":"REMOVE_TWO","is_prod":false,"is_daily":false,"chose_seed":false,"campfire_upgraded":4,"win_rate":0,"timestamp":1571353676,"path_taken":["M","?","?","M","M","E","R","E","T","?","R","?","R","M","R","BOSS","M","M","?","M","$","R","E","M","T","M"],"build_version":"2019-10-17","purchased_purges":1,"victory":false,"max_hp_per_floor":[64,64,64,64,64,64,64,64,64,64,64,64,64,64,64,64,64,64,64,64,64,64,64,64,64,64,64],"card_choices":[{"not_picked":["Sweeping Beam","Rebound"],"picked":"Steam","floor":1.0},{"not_picked":["Doom and Gloom","Stack"],"picked":"Gash","floor":4.0},{"not_picked":["Stack","Sweeping Beam"],"picked":"Hologram","floor":5.0},{"not_picked":["Sweeping Beam","Ball Lightning"],"picked":"Creative AI","floor":6.0},{"not_picked":["Rebound","Tempest","Aggregate"],"picked":"SKIP","floor":8.0},{"not_picked":["Chaos","Leap"],"picked":"Skim","floor":12.0},{"not_picked":["Stack","Hologram"],"picked":"Lockon","floor":14.0},{"not_picked":["Fission","Thunder Strike"],"picked":"Core Surge","floor":16.0},{"not_picked":["Sweeping Beam","Auto Shields"],"picked":"White Noise+1","floor":18.0},{"not_picked":["Stack","Skim"],"picked":"Consume","floor":19.0},{"not_picked":["Stack+1","Steam Power","Ball Lightning"],"picked":"SKIP","floor":21.0},{"not_picked":["Stack+1","White Noise","Hello World"],"picked":"SKIP","floor":24},{"not_picked":["Barrage","Cold Snap"],"picked":"Coolheaded","floor":25}],"player_experience":1789247,"relics_obtained":[{"floor":6.0,"key":"StoneCalendar"},{"floor":8.0,"key":"Symbiotic Virus"},{"floor":9.0,"key":"Incense Burner"},{"floor":24,"key":"CaptainsWheel"},{"floor":26,"key":"Potion Belt"}],"event_choices":[{"damage_healed":0.0,"max_hp_gain":0.0,"max_hp_loss":0.0,"gold_gain":0.0,"event_name":"Big Fish","player_choice":"Box","floor":2.0,"gold_loss":0.0,"damage_taken":0.0,"relics_obtained":["Emotion Chip"],"cards_obtained":["Regret"]},{"cards_removed":["Regret"],"damage_healed":0.0,"max_hp_gain":0.0,"max_hp_loss":0.0,"gold_gain":0.0,"event_name":"Living Wall","player_choice":"Forget","floor":3.0,"gold_loss":0.0,"damage_taken":0.0},{"damage_healed":0.0,"max_hp_gain":0.0,"max_hp_loss":0.0,"gold_gain":0.0,"event_name":"Accursed Blacksmith","player_choice":"Forge","floor":10.0,"gold_loss":0.0,"damage_taken":0.0,"cards_upgraded":["Hologram"]},{"damage_healed":0.0,"max_hp_gain":0.0,"max_hp_loss":0.0,"gold_gain":0.0,"event_name":"The Mausoleum","player_choice":"Opened","floor":20.0,"gold_loss":0.0,"damage_taken":0.0,"relics_obtained":["Oddly Smooth Stone"],"cards_obtained":["Writhe"]}],"is_beta":true,"boss_relics":[{"not_picked":["Busted Crown","Philosopher\u0027s Stone"],"picked":"Empty Cage"}],"items_purged_floors":[22],"is_endless":false,"potions_floor_spawned":[4,8,14,16,18],"killed_by":"Snake Plant","ascension_level":15}