{"gold_per_floor":[219,234,254,271,288,321,321,656,682,682,698,698,698],"floor_reached":13,"playtime":2593,"items_purged":[],"score":159,"play_id":"b6e2a526-1da9-4b56-a2f3-87eb39078154","local_time":"20190629005641","is_ascension_mode":true,"campfire_choices":[{"floor":7,"key":"REST"},{"data":"Bludgeon","floor":12,"key":"SMITH"}],"neow_cost":"NONE","seed_source_timestamp":4144908773162,"circlet_count":0,"master_deck":["Strike_R","Strike_R","Strike_R","Strike_R","Defend_R","Defend_R","Defend_R","Defend_R","Bash","Whirlwind","Flex","Battle Trance","Evolve","Power Through","Spot Weakness","Bludgeon+1","Hemokinesis","Rage"],"relics":["Burning Blood","StoneCalendar","Old Coin"],"potions_floor_usage":[6,6,8,11],"damage_taken":[{"damage":6,"enemies":"Cultist","floor":1,"turns":4},{"damage":10,"enemies":"Small Slimes","floor":2,"turns":3},{"damage":13,"enemies":"Jaw Worm","floor":3,"turns":4},{"damage":41,"enemies":"Large Slime","floor":4,"turns":6},{"damage":21,"enemies":"Looter","floor":5,"turns":4},{"damage":0,"enemies":"Gremlin Nob","floor":6,"turns":3},{"damage":15,"enemies":"Lagavulin","floor":8,"turns":7},{"damage":0,"enemies":"Exordium Wildlife","floor":11,"turns":2},{"damage":41,"enemies":"Gremlin Nob","floor":13,"turns":3}],"seed_played":"1960936222712230335","potions_obtained":[{"floor":2,"key":"PowerPotion"},{"floor":5,"key":"FearPotion"},{"floor":6,"key":"PowerPotion"},{"floor":8,"key":"Explosive Potion"}],"is_trial":false,"path_per_floor":["M","M","M","M","M","E","R","E","T","?","M","R","E"],"character_chosen":"IRONCLAD","items_purchased":[],"campfire_rested":1,"item_purchase_floors":[],"current_hp_per_floor":[72,68,61,26,11,17,41,32,32,32,38,38,0],"gold":698,"neow_bonus":"HUNDRED_GOLD","is_prod":false,"is_daily":false,"chose_seed":false,"campfire_upgraded":1,"win_rate":0,"timestamp":1561784201,"path_taken":["M","M","M","M","?","E","R","E","T","?","M","R","E"],"build_version":"2019-01-23","purchased_purges":0,"victory":false,"max_hp_per_floor":[80,80,80,80,80,80,80,80,80,80,80,80,80],"card_choices":[{"not_picked":["Iron Wave","Anger"],"picked":"Whirlwind","floor":1},{"not_picked":["Wild Strike","Pommel Strike"],"picked":"Flex","floor":2},{"not_picked":["Second Wind","Headbutt"],"picked":"Battle Trance","floor":3},{"not_picked":["Clothesline","Pummel"],"picked":"Evolve","floor":4},{"not_picked":["Cleave","Warcry"],"picked":"Power Through","floor":5},{"not_picked":["Fire Breathing","Twin Strike"],"picked":"Spot Weakness","floor":6},{"not_picked":["Sword Boomerang","Flex"],"picked":"Bludgeon","floor":8},{"not_picked":["Evolve","Inflame"],"picked":"Rage","floor":11}],"player_experience":678461,"relics_obtained":[{"floor":6,"key":"StoneCalendar"},{"floor":8,"key":"Old Coin"}],"event_choices":[{"damage_healed":0,"gold_gain":0,"cards_transformed":["Strike_R"],"player_choice":"Change","damage_taken":0,"max_hp_gain":0,"max_hp_loss":0,"event_name":"Living Wall","floor":10,"gold_loss":0,"cards_obtained":["Hemokinesis"]}],"is_beta":false,"boss_relics":[],"items_purged_floors":[],"is_endless":false,"potions_floor_spawned":[2,5,6,8],"killed_by":"Gremlin Nob","ascension_level":6}