{"gold_per_floor":[363,363,270,285,18,18,36,76,100,131,99,135,135,154,154,282,282,192],"floor_reached":18,"playtime":1443,"items_purged":[],"score":231,"play_id":"06c015db-52cc-4a53-b097-f50c4569b51a","local_time":"20190707161857","is_ascension_mode":true,"campfire_choices":[{"data":"Neutralize","floor":6.0,"key":"SMITH"},{"floor":13.0,"key":"REST"},{"data":"Footwork","floor":15.0,"key":"SMITH"}],"neow_cost":"TEN_PERCENT_HP_LOSS","seed_source_timestamp":0,"circlet_count":0,"master_deck":["Strike_G","Strike_G","Strike_G","Strike_G","Strike_G","Defend_G","Defend_G","Defend_G","Defend_G","Defend_G","Survivor","Neutralize+1","Noxious Fumes","Footwork+1","Cloak And Dagger","Bouncing Flask","Acrobatics","Distraction","Dodge and Roll","After Image","A Thousand Cuts","Backflip","Eviscerate","Night Terror"],"special_seed":0,"relics":["Ring of the Snake","Golden Idol","Membership Card","Regal Pillow","Bottled Lightning","Prayer Wheel","Eternal Feather"],"potions_floor_usage":[],"damage_taken":[{"damage":0.0,"enemies":"Small Slimes","floor":1.0,"turns":3.0},{"damage":2.0,"enemies":"Jaw Worm","floor":4.0,"turns":6.0},{"damage":0.0,"enemies":"Cultist","floor":7.0,"turns":4.0},{"damage":32.0,"enemies":"3 Sentries","floor":8.0,"turns":6.0},{"damage":7.0,"enemies":"Lagavulin","floor":10.0,"turns":10.0},{"damage":17.0,"enemies":"3 Sentries","floor":12.0,"turns":9.0},{"damage":8.0,"enemies":"Red Slaver","floor":14.0,"turns":6.0},{"damage":14.0,"enemies":"Slime Boss","floor":16.0,"turns":16.0},{"damage":56,"enemies":"2 Thieves","floor":18,"turns":3}],"seed_played":"7418712941889636823","potions_obtained":[{"floor":4.0,"key":"Explosive Potion"},{"floor":8.0,"key":"SkillPotion"},{"floor":10.0,"key":"SkillPotion"},{"floor":12.0,"key":"Ancient Potion"},{"floor":14.0,"key":"Dexterity Potion"}],"is_trial":false,"path_per_floor":["M","?","$","M","$","R","M","E","T","E","?","E","R","M","R","B",null,"M"],"character_chosen":"THE_SILENT","items_purchased":["Footwork","Cloak And Dagger","Membership Card","Acrobatics","Regen Potion"],"campfire_rested":1,"item_purchase_floors":[3,3,5,5,5],"current_hp_per_floor":[63,48,48,46,46,46,46,29,29,22,22,5,38,30,30,16,51,0],"gold":192,"neow_bonus":"TWO_FIFTY_GOLD","is_prod":false,"is_daily":false,"chose_seed":false,"campfire_upgraded":2,"win_rate":0,"timestamp":1562530737,"path_taken":["M","?","$","M","$","R","M","E","T","E","?","E","R","M","R","BOSS","M"],"build_version":"2019-07-05","purchased_purges":0,"victory":false,"max_hp_per_floor":[63,63,63,63,63,63,63,63,63,63,63,63,63,63,63,63,63,63],"card_choices":[{"not_picked":["Sucker Punch","Deadly Poison"],"picked":"Noxious Fumes","floor":1.0},{"not_picked":["Finisher","Poisoned Stab"],"picked":"Bouncing Flask","floor":4.0},{"not_picked":["Poisoned Stab","Prepared"],"picked":"Distraction","floor":7.0},{"not_picked":["Dagger Throw","Underhanded Strike"],"picked":"Dodge and Roll","floor":8.0},{"not_picked":["Dagger Spray","Outmaneuver"],"picked":"After Image","floor":10.0},{"not_picked":["Calculated Gamble","Finisher"],"picked":"A Thousand Cuts","floor":12.0},{"not_picked":["Dodge and Roll","Catalyst"],"picked":"Backflip","floor":14.0},{"not_picked":["Distraction","Endless Agony"],"picked":"Eviscerate","floor":14.0},{"not_picked":["Doppelganger","Tools of the Trade"],"picked":"Night Terror","floor":16.0}],"player_experience":811344,"relics_obtained":[{"floor":8.0,"key":"Regal Pillow"},{"floor":10.0,"key":"Bottled Lightning"},{"floor":12.0,"key":"Prayer Wheel"}],"event_choices":[{"damage_healed":0.0,"max_hp_gain":0.0,"max_hp_loss":0.0,"gold_gain":0.0,"event_name":"Golden Idol","player_choice":"Take Damage","floor":2.0,"gold_loss":0.0,"damage_taken":15.0,"relics_obtained":["Golden Idol"]},{"damage_healed":0.0,"max_hp_gain":0.0,"max_hp_loss":0.0,"gold_gain":0.0,"event_name":"World of Goop","player_choice":"Left Gold","floor":11.0,"gold_loss":32.0,"damage_taken":0.0}],"is_beta":false,"boss_relics":[{"not_picked":["Ring of the Serpent","Fusion Hammer"],"picked":"Eternal Feather"}],"items_purged_floors":[],"is_endless":false,"potions_floor_spawned":[4,8,10,12,14],"killed_by":"2 Thieves","ascension_level":6}