{"gold_per_floor":[116,116,191,28,48,81,81,108,162,191,191,191,222,239,239,344,344,356,356,356,366,70,99,110,110,133,133,148,177,204,141,153,267,279,307,319,331,355,16,44,44,71,94,105,105,122,152,168,168,168,168,168,13,13],"floor_reached":54,"playtime":13138,"items_purged":[],"score":1093,"play_id":"d3e65604-752f-4772-96e8-679a776e0a81","local_time":"20190715153340","is_ascension_mode":true,"campfire_choices":[{"data":"Self Repair","floor":7.0,"key":"SMITH"},{"floor":12.0,"key":"REST"},{"data":"Turbo","floor":15.0,"key":"SMITH"},{"data":"Hologram","floor":25.0,"key":"SMITH"},{"floor":32.0,"key":"REST"},{"data":"Seek","floor":41.0,"key":"SMITH"},{"floor":49.0,"key":"RECALL"},{"data":"Hologram","floor":52.0,"key":"SMITH"}],"neow_cost":"NONE","seed_source_timestamp":0,"circlet_count":0,"master_deck":["Strike_B","Strike_B+1","Strike_B+1","Defend_B","Defend_B","Defend_B","Defend_B","Zap","Dualcast+1","Self Repair+1","Multi-Cast","Auto Shields","Barrage","Coolheaded","Turbo+1","Steam Power","Turbo","Electrodynamics+1","J.A.X.","Hologram+1","Defragment+1","Glacier","Leap","Self Repair+1","Decay","Glacier","Reboot","Glacier+1","Echo Form+1","Hologram+1","Scrape+1","Seek+1","Loop+1","Skim+1","FTL+1","Normality","Parasite","Capacitor+1","Forethought","Mind Blast","Blind","Stack+1","Rebound+1","Skim+1","Heatsinks+1","Consume"],"special_seed":0,"relics":["FrozenCore","NeowsBlessing","Lantern","Oddly Smooth Stone","Orichalcum","Ice Cream","Frozen Egg 2","Cursed Key","Bronze Scales","Blue Candle","MawBank","Blood Vial","Letter Opener","Whetstone","Ancient Tea Set","Ornamental Fan"],"potions_floor_usage":[],"damage_taken":[{"damage":0.0,"enemies":"Small Slimes","floor":1.0,"turns":1.0},{"damage":0.0,"enemies":"2 Louse","floor":5.0,"turns":1.0},{"damage":0.0,"enemies":"3 Sentries","floor":6.0,"turns":1.0},{"damage":7.0,"enemies":"Lagavulin","floor":8.0,"turns":7.0},{"damage":43.0,"enemies":"Gremlin Nob","floor":10.0,"turns":6.0},{"damage":4.0,"enemies":"Lagavulin","floor":13.0,"turns":6.0},{"damage":0.0,"enemies":"Cultist","floor":14.0,"turns":3.0},{"damage":46.0,"enemies":"Hexaghost","floor":16.0,"turns":10.0},{"damage":16.0,"enemies":"Spheric Guardian","floor":18.0,"turns":4.0},{"damage":20.0,"enemies":"Shell Parasite","floor":21.0,"turns":5.0},{"damage":19.0,"enemies":"Gremlin Leader","floor":23.0,"turns":3.0},{"damage":7.0,"enemies":"Cultist and Chosen","floor":24.0,"turns":8.0},{"damage":14.0,"enemies":"Sentry and Sphere","floor":28.0,"turns":3.0},{"damage":16.0,"enemies":"Slavers","floor":29.0,"turns":3.0},{"damage":7.0,"enemies":"Snake Plant","floor":30.0,"turns":3.0},{"damage":34.0,"enemies":"Automaton","floor":33.0,"turns":14.0},{"damage":14.0,"enemies":"3 Darklings","floor":35.0,"turns":3.0},{"damage":2.0,"enemies":"3 Shapes","floor":38.0,"turns":6.0},{"damage":28.0,"enemies":"Nemesis","floor":40.0,"turns":9.0},{"damage":7.0,"enemies":"Reptomancer","floor":42.0,"turns":6.0},{"damage":14.0,"enemies":"Writhing Mass","floor":44.0,"turns":5.0},{"damage":0.0,"enemies":"Sphere and 2 Shapes","floor":46.0,"turns":3.0},{"damage":13.0,"enemies":"Nemesis","floor":47.0,"turns":7.0},{"damage":8.0,"enemies":"Transient","floor":48.0,"turns":5.0},{"damage":54.0,"enemies":"Awakened One","floor":50.0,"turns":13.0},{"damage":80,"enemies":"Shield and Spear","floor":54,"turns":3}],"seed_played":"450405226329354883","potions_obtained":[{"floor":1.0,"key":"PowerPotion"},{"floor":10.0,"key":"Strength Potion"},{"floor":18.0,"key":"Strength Potion"},{"floor":23.0,"key":"Strength Potion"},{"floor":29.0,"key":"FocusPotion"},{"floor":40.0,"key":"Dexterity Potion"},{"floor":42.0,"key":"FearPotion"},{"floor":46.0,"key":"Explosive Potion"},{"floor":47.0,"key":"PowerPotion"}],"is_trial":false,"path_per_floor":["M","?","?","$","M","E","R","E","T","E","?","R","E","M","R","B",null,"M","?","?","M","$","E","M","R","T","?","M","E","M","?","R","B",null,"M","$","?","M","$","E","R","E","T","M","?","M","E","M","R","B",null,"R","$","E"],"character_chosen":"DEFECT","items_purchased":["Multi-Cast","Stack","Defragment+1","Glacier","Bronze Scales","Seek","Loop+1","Blood Vial","Heatsinks+1","Consume"],"campfire_rested":2,"item_purchase_floors":[4,4,22,22,22,39,39,39,53,53],"current_hp_per_floor":[68,53,42,42,42,42,42,45,45,12,17,39,45,55,55,19,61,55,55,41,31,31,22,25,25,25,17,23,27,40,40,64,50,73,59,59,59,77,77,61,61,66,66,74,64,66,80,80,80,46,72,72,72,0],"gold":13,"neow_bonus":"THREE_ENEMY_KILL","is_prod":false,"is_daily":false,"chose_seed":false,"campfire_upgraded":5,"win_rate":0,"timestamp":1563219220,"path_taken":["M","?","?","$","M","E","R","E","T","E","?","R","E","?","R","BOSS","M","?","?","M","$","E","M","R","T","?","M","E","?","?","R","BOSS","M","$","?","M","$","E","R","E","T","M","?","M","E","M","R","BOSS","R","$","E"],"build_version":"2019-07-05","purchased_purges":0,"victory":false,"max_hp_per_floor":[75,75,75,75,75,75,75,75,75,75,75,75,75,75,75,75,75,75,75,80,80,80,80,80,80,80,80,80,80,80,80,80,80,80,80,80,80,80,80,80,80,80,80,80,80,80,80,80,80,80,80,80,80,80],"card_choices":[{"not_picked":["Skim","Gash"],"picked":"Self Repair","floor":1.0},{"not_picked":["Ball Lightning","Rip and Tear"],"picked":"Auto Shields","floor":5.0},{"not_picked":["Lockon","Leap"],"picked":"Barrage","floor":6.0},{"not_picked":["Beam Cell","Aggregate"],"picked":"Coolheaded","floor":8.0},{"not_picked":["Compile Driver","Ball Lightning"],"picked":"Turbo","floor":10.0},{"not_picked":["Sweeping Beam","Conserve Battery"],"picked":"Steam Power","floor":13.0},{"not_picked":["Rip and Tear","Darkness"],"picked":"Turbo","floor":14.0},{"not_picked":["Rainbow","Hyperbeam"],"picked":"Electrodynamics+1","floor":16.0},{"not_picked":["Ball Lightning","Streamline+1","Gash"],"picked":"SKIP","floor":18.0},{"not_picked":["Leap","Darkness"],"picked":"Hologram","floor":21.0},{"not_picked":["Beam Cell+1","Auto Shields"],"picked":"Leap","floor":23.0},{"not_picked":["Streamline","Force Field"],"picked":"Self Repair+1","floor":24.0},{"not_picked":["Ball Lightning+1","Beam Cell"],"picked":"Glacier","floor":28.0},{"not_picked":["Rebound","Hologram"],"picked":"Reboot","floor":29.0},{"not_picked":["Barrage","Tempest"],"picked":"Glacier+1","floor":30.0},{"not_picked":["Amplify","Fission"],"picked":"Echo Form+1","floor":33.0},{"not_picked":["Redo","Streamline"],"picked":"Hologram","floor":35.0},{"not_picked":["Leap+1","Storm+1"],"picked":"Scrape","floor":38.0},{"not_picked":["Cold Snap","Consume+1"],"picked":"Skim+1","floor":40.0},{"not_picked":["Hello World+1","Compile Driver"],"picked":"FTL+1","floor":42.0},{"not_picked":["Redo+1","Cold Snap"],"picked":"Capacitor+1","floor":44.0},{"not_picked":["Dramatic Entrance","Good Instincts"],"picked":"Forethought","floor":45.0},{"not_picked":["Madness","Violence"],"picked":"Mind Blast","floor":45.0},{"not_picked":["Trip","Jack Of All Trades"],"picked":"Blind","floor":45.0},{"not_picked":["Barrage","Rip and Tear+1"],"picked":"Stack+1","floor":46.0},{"not_picked":["Darkness","Gash"],"picked":"Rebound+1","floor":47.0},{"not_picked":["Turbo+1","Redo+1"],"picked":"Skim+1","floor":48.0}],"player_experience":924129,"relics_obtained":[{"floor":6.0,"key":"Lantern"},{"floor":8.0,"key":"Oddly Smooth Stone"},{"floor":9.0,"key":"Orichalcum"},{"floor":10.0,"key":"Ice Cream"},{"floor":13.0,"key":"Frozen Egg 2"},{"floor":23.0,"key":"Blue Candle"},{"floor":29.0,"key":"MawBank"},{"floor":40.0,"key":"Letter Opener"},{"floor":42.0,"key":"Whetstone"},{"floor":43.0,"key":"Ancient Tea Set"},{"floor":47.0,"key":"Ornamental Fan"}],"event_choices":[{"damage_healed":0.0,"max_hp_gain":0.0,"max_hp_loss":0.0,"gold_gain":0.0,"event_name":"Shining Light","player_choice":"Entered Light","floor":2.0,"gold_loss":0.0,"damage_taken":15.0,"cards_upgraded":["Strike_B","Dualcast"]},{"damage_healed":0.0,"max_hp_gain":0.0,"max_hp_loss":0.0,"gold_gain":75.0,"event_name":"World of Goop","player_choice":"Gather Gold","floor":3.0,"gold_loss":0.0,"damage_taken":11.0},{"cards_removed":["Stack"],"damage_healed":5.0,"max_hp_gain":0.0,"max_hp_loss":0.0,"gold_gain":0.0,"event_name":"Bonfire Elementals","player_choice":"Offered Common","floor":11.0,"gold_loss":0.0,"damage_taken":0.0},{"cards_removed":["Stack"],"damage_healed":5.0,"max_hp_gain":0.0,"max_hp_loss":0.0,"gold_gain":0.0,"event_name":"Bonfire Elementals","player_choice":"Offered Special","floor":11.0,"gold_loss":0.0,"damage_taken":0.0},{"damage_healed":0.0,"max_hp_gain":0.0,"max_hp_loss":0.0,"gold_gain":0.0,"event_name":"Drug Dealer","player_choice":"Obtain J.A.X.","floor":19.0,"gold_loss":0.0,"damage_taken":0.0,"cards_obtained":["J.A.X."]},{"damage_healed":0.0,"max_hp_gain":5.0,"max_hp_loss":0.0,"gold_gain":0.0,"event_name":"Forgotten Altar","player_choice":"Shed Blood","floor":20.0,"gold_loss":0.0,"damage_taken":19.0},{"damage_healed":0.0,"max_hp_gain":0.0,"max_hp_loss":0.0,"gold_gain":0.0,"event_name":"Wheel of Change","player_choice":"Damaged","floor":27.0,"gold_loss":0.0,"damage_taken":8.0},{"cards_removed":["Strike_B"],"damage_healed":0.0,"max_hp_gain":0.0,"max_hp_loss":0.0,"gold_gain":0.0,"event_name":"Beggar","player_choice":"Gave Gold","floor":31.0,"gold_loss":75.0,"damage_taken":0.0},{"damage_healed":0.0,"max_hp_gain":0.0,"max_hp_loss":0.0,"gold_gain":0.0,"event_name":"Tomb of Lord Red Mask","player_choice":"Ignored","floor":37.0,"gold_loss":0.0,"damage_taken":0.0},{"damage_healed":0.0,"max_hp_gain":0.0,"max_hp_loss":0.0,"gold_gain":0.0,"event_name":"SensoryStone","player_choice":"Memory 3","floor":45.0,"gold_loss":0.0,"damage_taken":10.0}],"is_beta":false,"boss_relics":[{"not_picked":["Calling Bell","Pandora\u0027s Box"],"picked":"Cursed Key"},{"not_picked":["Coffee Dripper","Sozu"],"picked":"FrozenCore"}],"items_purged_floors":[],"is_endless":false,"potions_floor_spawned":[1,10,18,23,29,40,42,46,47],"killed_by":"Shield and Spear","ascension_level":7}