{"gold_per_floor":[118,50,50,65,65,65,165,165,165,184,184,196,196,213,213,309,309,329,345,360,39,219,219,232,266,342,358,373,373,403,403,403,503,503,516,416,416,432,432,457,469,498,510,536,25,25,39,261,261,261],"floor_reached":51,"playtime":4500,"items_purged":["Strike_R","Strike_R","Strike_R"],"score":787,"play_id":"5f7b82fd-a49b-45b4-af5a-d63ccd4dca0b","local_time":"20191022152939","is_ascension_mode":false,"campfire_choices":[{"data":"Flex","floor":6,"key":"SMITH"},{"data":"Spot Weakness","floor":8,"key":"SMITH"},{"data":"Shrug It Off","floor":11,"key":"SMITH"},{"data":"Clothesline","floor":13,"key":"SMITH"},{"data":"Defend_R","floor":15,"key":"SMITH"},{"data":"True Grit","floor":23,"key":"SMITH"},{"data":"Demon Form","floor":29,"key":"SMITH"},{"data":"Flex","floor":32,"key":"SMITH"},{"data":"Whirlwind","floor":41,"key":"SMITH"},{"data":"Whirlwind","floor":46,"key":"SMITH"},{"data":"Defend_R","floor":49,"key":"SMITH"}],"neow_cost":"NONE","seed_source_timestamp":15777535163500,"circlet_count":0,"master_deck":["Strike_R","Defend_R+1","Defend_R","Defend_R+1","Bash+1","Flex+1","Spot Weakness+1","Shrug It Off+1","Clothesline+1","Twin Strike","Reaper","Whirlwind+1","True Grit+1","Whirlwind+1","Flex+1","Demon Form+1","Feed","Heavy Blade+1"],"relics":["Burning Blood","Ancient Tea Set","Sundial","Snecko Eye","Chemical X","Mango","Gremlin Horn","Red Mask","Black Star","Paper Frog","MawBank","Pen Nib","Gambling Chip","Centennial Puzzle","Mummified Hand"],"potions_floor_usage":[24,25,33,44,50,50,50],"damage_taken":[{"damage":6,"enemies":"Cultist","floor":1,"turns":3},{"damage":7,"enemies":"2 Louse","floor":4,"turns":3},{"damage":0,"enemies":"Small Slimes","floor":10,"turns":3},{"damage":0,"enemies":"3 Louse","floor":12,"turns":3},{"damage":3,"enemies":"Lots of Slimes","floor":14,"turns":4},{"damage":53,"enemies":"The Guardian","floor":16,"turns":13},{"damage":7,"enemies":"Shell Parasite","floor":18,"turns":4},{"damage":7,"enemies":"3 Byrds","floor":19,"turns":4},{"damage":3,"enemies":"Centurion and Healer","floor":20,"turns":4},{"damage":20,"enemies":"Sentry and Sphere","floor":24,"turns":5},{"damage":21,"enemies":"Slavers","floor":25,"turns":2},{"damage":18,"enemies":"Snake Plant","floor":27,"turns":3},{"damage":4,"enemies":"3 Cultists","floor":28,"turns":4},{"damage":0,"enemies":"Masked Bandits","floor":30,"turns":1},{"damage":0,"enemies":"Automaton","floor":33,"turns":4},{"damage":71,"enemies":"3 Shapes","floor":35,"turns":3},{"damage":2,"enemies":"3 Darklings","floor":38,"turns":2},{"damage":15,"enemies":"Reptomancer","floor":40,"turns":4},{"damage":33,"enemies":"4 Shapes","floor":42,"turns":1},{"damage":15,"enemies":"Sphere and 2 Shapes","floor":44,"turns":1},{"damage":6,"enemies":"3 Darklings","floor":47,"turns":2},{"damage":0,"enemies":"Donu and Deca","floor":50,"turns":3}],"seed_played":"-4543348201997622303","potions_obtained":[{"floor":10,"key":"Strength Potion"},{"floor":16,"key":"GamblersBrew"},{"floor":19,"key":"AttackPotion"},{"floor":27,"key":"Strength Potion"},{"floor":30,"key":"BloodPotion"},{"floor":35,"key":"BloodPotion"},{"floor":40,"key":"SteroidPotion"},{"floor":42,"key":"FearPotion"},{"floor":44,"key":"Explosive Potion"}],"is_trial":false,"path_per_floor":["M","$","?","M","?","R","?","R","T","M","R","M","R","M","R","B",null,"M","M","M","$","?","R","M","E","T","M","M","R","?","?","R","B",null,"M","$","?","M","?","E","R","M","T","M","$","R","M","?","R","B",null],"character_chosen":"IRONCLAD","items_purchased":["Spot Weakness","Chemical X","True Grit","Centennial Puzzle","Mummified Hand"],"campfire_rested":0,"item_purchase_floors":[2,21,21,45,45],"current_hp_per_floor":[80,80,68,67,67,67,67,67,67,73,73,79,79,80,80,33,80,80,79,80,80,56,56,42,59,59,47,49,49,67,67,67,94,94,32,32,32,40,40,59,59,32,32,63,63,63,97,97,97,97],"gold":261,"neow_bonus":"UPGRADE_CARD","is_prod":false,"is_daily":false,"chose_seed":false,"campfire_upgraded":11,"win_rate":0.0,"timestamp":1571772579,"path_taken":["M","$","?","M","?","R","?","R","T","?","R","M","R","M","R","BOSS","M","M","?","$","?","R","M","E","T","?","M","R","?","?","R","BOSS","M","?","?","?","?","E","R","M","T","M","$","R","M","?","R","BOSS"],"build_version":"2019-07-17","purchased_purges":3,"victory":true,"max_hp_per_floor":[80,80,80,80,80,80,80,80,80,80,80,80,80,80,80,80,80,80,80,80,80,80,80,80,94,94,94,94,94,94,94,94,94,94,97,97,97,97,97,97,97,97,97,97,97,97,97,97,97,97],"card_choices":[{"not_picked":["Clash","Carnage"],"picked":"Flex","floor":1},{"not_picked":["Perfected Strike","Body Slam","Warcry"],"picked":"SKIP","floor":4},{"not_picked":["Dropkick","Warcry"],"picked":"Shrug It Off","floor":10},{"not_picked":["Second Wind","Rage"],"picked":"Clothesline","floor":12},{"not_picked":["Flex","Anger"],"picked":"Twin Strike","floor":14},{"not_picked":["Limit Break","Berserk"],"picked":"Reaper","floor":16},{"not_picked":["Rupture","Searing Blow+1","Warcry+1"],"picked":"SKIP","floor":18},{"not_picked":["Metallicize","Warcry"],"picked":"Whirlwind","floor":19},{"not_picked":["Dropkick","Pommel Strike","Bloodletting"],"picked":"SKIP","floor":20},{"not_picked":["Heavy Blade+1","Cleave"],"picked":"Whirlwind","floor":24},{"not_picked":["Body Slam","Metallicize"],"picked":"Flex","floor":25},{"not_picked":["Anger","Shrug It Off"],"picked":"Demon Form","floor":28},{"not_picked":["Juggernaut","Brutality"],"picked":"Feed","floor":33},{"not_picked":["True Grit","Twin Strike+1","Combust"],"picked":"SKIP","floor":35},{"not_picked":["Armaments","Clash+1","Headbutt"],"picked":"SKIP","floor":38},{"not_picked":["Rupture+1","Headbutt+1","Thunderclap"],"picked":"SKIP","floor":40},{"not_picked":["Body Slam+1","Pummel","Perfected Strike+1"],"picked":"SKIP","floor":42},{"not_picked":["Thunderclap+1","Dual Wield","Cleave+1"],"picked":"SKIP","floor":44},{"not_picked":["Carnage+1","Feel No Pain"],"picked":"Heavy Blade+1","floor":47}],"player_experience":60338,"relics_obtained":[{"floor":9,"key":"Sundial"},{"floor":25,"key":"Mango"},{"floor":26,"key":"Gremlin Horn"},{"floor":30,"key":"Red Mask"},{"floor":40,"key":"MawBank"},{"floor":40,"key":"Pen Nib"},{"floor":43,"key":"Gambling Chip"}],"event_choices":[{"damage_healed":0,"gold_gain":0,"player_choice":"Success","damage_taken":12,"relics_obtained":["Ancient Tea Set"],"max_hp_gain":0,"max_hp_loss":0,"event_name":"Scrap Ooze","floor":3,"gold_loss":0},{"damage_healed":0,"gold_gain":0,"player_choice":"Ignored","damage_taken":0,"max_hp_gain":0,"max_hp_loss":0,"event_name":"Liars Game","floor":5,"gold_loss":0},{"damage_healed":0,"gold_gain":100,"player_choice":"Pray","damage_taken":0,"max_hp_gain":0,"max_hp_loss":0,"event_name":"Golden Shrine","floor":7,"gold_loss":0},{"damage_healed":0,"gold_gain":180,"player_choice":"GOLD GOLD ","damage_taken":24,"max_hp_gain":0,"max_hp_loss":0,"event_name":"Knowing Skull","floor":22,"potions_obtained":[],"gold_loss":0,"cards_obtained":[]},{"damage_healed":0,"gold_gain":0,"player_choice":"Fought Bandits","damage_taken":0,"max_hp_gain":0,"max_hp_loss":0,"event_name":"Masked Bandits","floor":30,"gold_loss":0},{"cards_removed":["Strike_R"],"damage_healed":0,"gold_gain":0,"player_choice":"Offered Basic","damage_taken":0,"max_hp_gain":0,"max_hp_loss":0,"event_name":"Bonfire Elementals","floor":31,"gold_loss":0},{"damage_healed":0,"gold_gain":0,"player_choice":"Gave Potion","damage_taken":0,"relics_obtained":["Paper Frog"],"max_hp_gain":0,"max_hp_loss":0,"event_name":"WeMeetAgain","floor":37,"gold_loss":0},{"cards_removed":["Defend_R"],"damage_healed":0,"gold_gain":0,"player_choice":"Removed Skill","damage_taken":0,"max_hp_gain":0,"max_hp_loss":0,"event_name":"Falling","floor":39,"gold_loss":0},{"damage_healed":0,"gold_gain":222,"player_choice":"Wore Mask","damage_taken":0,"max_hp_gain":0,"max_hp_loss":0,"event_name":"Tomb of Lord Red Mask","floor":48,"gold_loss":0}],"is_beta":false,"boss_relics":[{"not_picked":["Runic Pyramid","Black Blood"],"picked":"Snecko Eye"},{"not_picked":["Calling Bell","Runic Dome"],"picked":"Black Star"}],"items_purged_floors":[21,36,45],"is_endless":false,"potions_floor_spawned":[10,16,19,20,27,30,35,40,42,44],"ascension_level":0}