{"gold_per_floor":[119,119,394,35,51,78,78,106,180,195,230,405,437,448,448,548,548,561,561,551,571,590,590,620,620],"floor_reached":25,"playtime":8274,"items_purged":["Regret"],"score":373,"play_id":"e30102d4-8aae-4d5b-9cb4-953e59fcedf1","local_time":"20190709023236","is_ascension_mode":true,"campfire_choices":[{"data":"Spot Weakness","floor":7.0,"key":"SMITH"},{"floor":15.0,"key":"REST"},{"floor":23.0,"key":"REST"}],"neow_cost":"NONE","seed_source_timestamp":0,"circlet_count":0,"master_deck":["Strike_R","Strike_R","Strike_R","Strike_R","Defend_R","Defend_R","Defend_R","Defend_R","Bash","Inflame","Pommel Strike","Spot Weakness+1","Intimidate","Metallicize","Armaments+1","Whirlwind","Metallicize","Demon Form","Flex+1","Feed","Entrench+1","Havoc+1","Flame Barrier+1","Berserk","Feel No Pain"],"special_seed":0,"relics":["Burning Blood","NeowsBlessing","Frozen Eye","Bag of Marbles","Toxic Egg 2","Kunai","Bottled Lightning","Lantern","Philosopher\u0027s Stone","Ginger"],"potions_floor_usage":[24],"damage_taken":[{"damage":0.0,"enemies":"2 Louse","floor":1.0,"turns":1.0},{"damage":0.0,"enemies":"Jaw Worm","floor":5.0,"turns":1.0},{"damage":0.0,"enemies":"3 Sentries","floor":6.0,"turns":2.0},{"damage":32.0,"enemies":"Lagavulin","floor":8.0,"turns":6.0},{"damage":14.0,"enemies":"Cultist","floor":10.0,"turns":5.0},{"damage":11.0,"enemies":"3 Sentries","floor":11.0,"turns":6.0},{"damage":22.0,"enemies":"Gremlin Nob","floor":13.0,"turns":5.0},{"damage":5.0,"enemies":"2 Fungi Beasts","floor":14.0,"turns":6.0},{"damage":40.0,"enemies":"The Guardian","floor":16.0,"turns":11.0},{"damage":28.0,"enemies":"Spheric Guardian","floor":18.0,"turns":5.0},{"damage":8.0,"enemies":"2 Thieves","floor":20.0,"turns":4.0},{"damage":22.0,"enemies":"Centurion and Healer","floor":21.0,"turns":5.0},{"damage":26.0,"enemies":"Chosen and Byrds","floor":22.0,"turns":8.0},{"damage":19,"enemies":"Gremlin Leader","floor":24,"turns":8},{"damage":34,"enemies":"Snake Plant","floor":25,"turns":3}],"seed_played":"1483916239573226228","potions_obtained":[{"floor":1.0,"key":"GamblersBrew"},{"floor":10.0,"key":"EssenceOfSteel"},{"floor":11.0,"key":"Strength Potion"},{"floor":14.0,"key":"FearPotion"},{"floor":16.0,"key":"Fire Potion"},{"floor":22.0,"key":"EssenceOfSteel"}],"is_trial":false,"path_per_floor":["M","?","?","$","M","E","R","E","T","M","E","?","E","M","R","B",null,"M","?","M","M","M","R","E","M"],"character_chosen":"IRONCLAD","items_purchased":["Spot Weakness","Frozen Eye"],"campfire_rested":2,"item_purchase_floors":[4,4],"current_hp_per_floor":[78,78,78,78,80,80,80,54,54,46,41,41,25,26,50,16,64,46,46,44,32,16,43,30,0],"gold":620,"neow_bonus":"THREE_ENEMY_KILL","is_prod":false,"is_daily":false,"chose_seed":false,"campfire_upgraded":1,"win_rate":0,"timestamp":1562653956,"path_taken":["M","?","?","$","?","E","R","E","T","M","E","?","E","M","R","BOSS","M","?","M","M","M","R","E","?"],"build_version":"2019-07-05","purchased_purges":1,"victory":false,"max_hp_per_floor":[80,80,80,80,80,80,80,80,80,80,80,80,80,80,80,80,80,84,84,84,88,92,92,92,92],"card_choices":[{"not_picked":["Shrug It Off","True Grit"],"picked":"Inflame","floor":1.0},{"not_picked":["True Grit","Twin Strike"],"picked":"Intimidate","floor":5.0},{"not_picked":["Power Through","Inflame"],"picked":"Metallicize","floor":6.0},{"not_picked":["Sever Soul","Heavy Blade"],"picked":"Armaments","floor":8.0},{"not_picked":["Pommel Strike","Seeing Red+1"],"picked":"Whirlwind","floor":10.0},{"not_picked":["Twin Strike","Warcry+1"],"picked":"Metallicize","floor":11.0},{"not_picked":["Heavy Blade","Iron Wave"],"picked":"Demon Form","floor":13.0},{"not_picked":["Blood for Blood","Havoc+1"],"picked":"Flex+1","floor":14.0},{"not_picked":["Exhume+1","Berserk"],"picked":"Feed","floor":16.0},{"not_picked":["True Grit+1","Perfected Strike+1"],"picked":"Entrench+1","floor":18.0},{"not_picked":["Shrug It Off+1","Heavy Blade"],"picked":"Havoc+1","floor":20.0},{"not_picked":["Combust+1","Armaments+1"],"picked":"Flame Barrier+1","floor":21.0},{"not_picked":["Uppercut","Shrug It Off+1"],"picked":"Berserk","floor":22.0},{"not_picked":["Reckless Charge","Flex+1"],"picked":"Feel No Pain","floor":24}],"player_experience":843999,"relics_obtained":[{"floor":6.0,"key":"Bag of Marbles"},{"floor":8.0,"key":"Toxic Egg 2"},{"floor":9.0,"key":"Kunai"},{"floor":11.0,"key":"Bottled Lightning"},{"floor":13.0,"key":"Lantern"},{"floor":24,"key":"Ginger"}],"event_choices":[{"damage_healed":0.0,"max_hp_gain":0.0,"max_hp_loss":0.0,"gold_gain":0.0,"cards_transformed":["Strike_R"],"event_name":"Living Wall","player_choice":"Change","floor":2.0,"gold_loss":0.0,"damage_taken":0.0,"cards_obtained":["Pommel Strike"]},{"damage_healed":0.0,"max_hp_gain":0.0,"max_hp_loss":0.0,"gold_gain":275.0,"event_name":"Golden Shrine","player_choice":"Desecrate","floor":3.0,"gold_loss":0.0,"damage_taken":0.0,"cards_obtained":["Regret"]},{"damage_healed":0.0,"max_hp_gain":0.0,"max_hp_loss":0.0,"gold_gain":175.0,"event_name":"Liars Game","player_choice":"AGREE","floor":12.0,"gold_loss":0.0,"damage_taken":0.0,"cards_obtained":["Doubt"]},{"cards_removed":["Doubt"],"damage_healed":0.0,"max_hp_gain":0.0,"max_hp_loss":0.0,"gold_gain":0.0,"event_name":"Fountain of Cleansing","player_choice":"Removed Curses","floor":19.0,"gold_loss":0.0,"damage_taken":0.0}],"is_beta":false,"boss_relics":[{"not_picked":["Eternal Feather","Calling Bell"],"picked":"Philosopher\u0027s Stone"}],"items_purged_floors":[4],"is_endless":false,"potions_floor_spawned":[1,10,11,14,16,22],"killed_by":"Snake Plant","ascension_level":7}