{"gold_per_floor":[110,128,303,303,317,317,223,173,198,198,198,228,238,238],"floor_reached":14,"playtime":1021,"items_purged":[],"score":132,"play_id":"c3883f25-66c6-4e11-8dd4-9184f256d433","local_time":"20190801123130","is_ascension_mode":true,"campfire_choices":[{"data":"Zap","floor":6,"key":"SMITH"},{"data":"Self Repair","floor":10,"key":"SMITH"}],"neow_cost":"NONE","seed_source_timestamp":0,"circlet_count":0,"master_deck":["AscendersBane","Strike_B","Strike_B","Strike_B","Strike_B","Defend_B","Defend_B","Defend_B","Defend_B","Zap+1","Dualcast","Doom and Gloom","Conserve Battery","Doubt","Beam Cell","Self Repair+1","Turbo","Go for the Eyes","Capacitor"],"relics":["Nuclear Battery","Blue Candle","Question Card","Centennial Puzzle"],"potions_floor_usage":[],"damage_taken":[{"damage":1,"enemies":"2 Louse","floor":1,"turns":3},{"damage":2,"enemies":"Jaw Worm","floor":2,"turns":3},{"damage":3,"enemies":"Cultist","floor":5,"turns":4},{"damage":46,"enemies":"3 Sentries","floor":12,"turns":6},{"damage":10,"enemies":"Blue Slaver","floor":13,"turns":4},{"damage":30,"enemies":"Lagavulin","floor":14,"turns":7}],"seed_played":"-8763986546119046969","potions_obtained":[{"floor":1,"key":"SteroidPotion"},{"floor":13,"key":"EssenceOfSteel"}],"is_trial":false,"path_per_floor":["M","M","?","?","M","R","$","?","T","R","T","E","M","E"],"character_chosen":"DEFECT","items_purchased":["Self Repair","Turbo"],"campfire_rested":0,"item_purchase_floors":[7,7],"current_hp_per_floor":[67,65,65,65,62,62,62,62,62,62,62,26,26,0],"gold":238,"neow_bonus":"BOSS_RELIC","is_prod":false,"is_daily":false,"chose_seed":true,"campfire_upgraded":2,"win_rate":0,"timestamp":1564677090,"path_taken":["M","M","?","?","M","R","$","?","T","R","?","E","M","E"],"build_version":"2019-07-17","purchased_purges":0,"victory":false,"max_hp_per_floor":[75,75,75,75,75,75,75,75,75,75,75,75,75,75],"card_choices":[{"not_picked":["Storm","Stack"],"picked":"Doom and Gloom","floor":1},{"not_picked":["Static Discharge","Aggregate"],"picked":"Conserve Battery","floor":2},{"not_picked":["Redo","Conserve Battery"],"picked":"Beam Cell","floor":5},{"not_picked":["Leap","Rip and Tear","FTL"],"picked":"Go for the Eyes","floor":12},{"not_picked":["Sweeping Beam","Redo","Cold Snap"],"picked":"Capacitor","floor":13}],"player_experience":1047564,"relics_obtained":[{"floor":11,"key":"Question Card"},{"floor":12,"key":"Centennial Puzzle"}],"event_choices":[{"damage_healed":0,"gold_gain":175,"player_choice":"AGREE","damage_taken":0,"max_hp_gain":0,"max_hp_loss":0,"event_name":"Liars Game","floor":3,"gold_loss":0,"cards_obtained":["Doubt"]},{"damage_healed":0,"gold_gain":0,"player_choice":"Box","damage_taken":0,"relics_obtained":["Blue Candle"],"max_hp_gain":0,"max_hp_loss":0,"event_name":"Big Fish","floor":4,"gold_loss":0,"cards_obtained":["Regret"]},{"cards_removed":["Regret"],"damage_healed":0,"gold_gain":0,"player_choice":"Card Removal","damage_taken":0,"max_hp_gain":0,"max_hp_loss":0,"event_name":"The Cleric","floor":8,"gold_loss":50}],"is_beta":false,"boss_relics":[],"items_purged_floors":[],"is_endless":false,"potions_floor_spawned":[1,13],"killed_by":"Lagavulin","ascension_level":10}