{"gold_per_floor":[118,138,138,156,156,156,190,205,255,255],"floor_reached":10,"playtime":1451,"items_purged":[],"score":119,"play_id":"fdc27ca7-6443-4802-911e-8381b53dae89","local_time":"20190907233216","is_ascension_mode":true,"campfire_choices":[{"data":"Go for the Eyes","floor":6,"key":"SMITH"}],"neow_cost":"CURSE","seed_source_timestamp":10413143191838,"circlet_count":0,"master_deck":["AscendersBane","Strike_B","Strike_B","Strike_B","Strike_B","Defend_B","Defend_B","Defend_B","Defend_B","Zap+1","Dualcast","Doubt","Go for the Eyes+1","Ball Lightning","Pain","FTL","Reinforced Body","Self Repair"],"relics":["Cracked Core","Mango","WarpedTongs","Darkstone Periapt","Bag of Marbles"],"potions_floor_usage":[],"damage_taken":[{"damage":3,"enemies":"2 Louse","floor":1,"turns":2},{"damage":2,"enemies":"Cultist","floor":2,"turns":4},{"damage":9,"enemies":"Jaw Worm","floor":4,"turns":3},{"damage":32,"enemies":"Gremlin Nob","floor":7,"turns":4},{"damage":7,"enemies":"Exordium Thugs","floor":8,"turns":4},{"damage":29,"enemies":"Lagavulin","floor":10,"turns":6}],"seed_played":"7566433162425464692","potions_obtained":[{"floor":8,"key":"Explosive Potion"}],"is_trial":false,"path_per_floor":["M","M","?","M","?","R","E","M","T","E"],"character_chosen":"DEFECT","items_purchased":[],"campfire_rested":0,"item_purchase_floors":[],"current_hp_per_floor":[75,73,73,64,64,64,32,25,25,0],"gold":255,"neow_bonus":"ONE_RARE_RELIC","is_prod":false,"is_daily":false,"chose_seed":false,"campfire_upgraded":1,"win_rate":0,"timestamp":1567913536,"path_taken":["M","M","?","?","?","R","E","M","T","E"],"build_version":"2019-07-17","purchased_purges":0,"victory":false,"max_hp_per_floor":[85,85,85,85,85,85,85,85,85,85],"card_choices":[{"not_picked":["Cold Snap","Turbo"],"picked":"Go for the Eyes","floor":1},{"not_picked":["Steam","Double Energy"],"picked":"Ball Lightning","floor":2},{"not_picked":["Steam","Streamline"],"picked":"FTL","floor":4},{"not_picked":["Rip and Tear","Sweeping Beam"],"picked":"Reinforced Body","floor":7},{"not_picked":["Stack","Rip and Tear"],"picked":"Self Repair","floor":8}],"player_experience":1327250,"relics_obtained":[{"floor":7,"key":"Darkstone Periapt"},{"floor":9,"key":"Bag of Marbles"}],"event_choices":[{"damage_healed":0,"gold_gain":0,"player_choice":"Rummage","damage_taken":0,"relics_obtained":["WarpedTongs"],"max_hp_gain":0,"max_hp_loss":0,"event_name":"Accursed Blacksmith","floor":3,"gold_loss":0,"cards_obtained":["Pain"]},{"damage_healed":0,"gold_gain":0,"player_choice":"Upgraded","damage_taken":0,"max_hp_gain":0,"max_hp_loss":0,"event_name":"Upgrade Shrine","floor":5,"gold_loss":0,"cards_upgraded":["Zap"]}],"is_beta":false,"boss_relics":[],"items_purged_floors":[],"is_endless":false,"potions_floor_spawned":[8],"killed_by":"Lagavulin","ascension_level":15}