{"gold_per_floor":[117,77,54,72,147,147,212,212,212,228,243,243,243,243,243,345,345,358,62,93,3,14,14,14],"floor_reached":24,"playtime":1675,"items_purged":[],"score":211,"play_id":"5ba31373-8d55-4223-a350-a83cc73d3bc7","local_time":"20190531225012","is_ascension_mode":true,"campfire_choices":[{"data":"Combust","floor":6,"key":"SMITH"},{"data":"Limit Break","floor":8,"key":"SMITH"},{"floor":13,"key":"REST"},{"data":"Rupture","floor":15,"key":"SMITH"},{"floor":23,"key":"REST"}],"neow_cost":"CURSE","seed_source_timestamp":431143208132029,"circlet_count":0,"master_deck":["Strike_R","Strike_R","Strike_R+1","Strike_R","Defend_R+1","Defend_R+1","Defend_R","Defend_R","Bash","Hemokinesis","Thunderclap","Combust+1","Limit Break+1","Rupture+1","Headbutt","Brutality","Combust","Spot Weakness","Cleave","Dual Wield+1"],"relics":["Black Blood","Magic Flower","Tiny Chest","Self Forming Clay","Red Mask"],"potions_floor_usage":[7,11,16,20],"damage_taken":[{"damage":9,"enemies":"2 Louse","floor":1,"turns":3},{"damage":4,"enemies":"Cultist","floor":4,"turns":3},{"damage":35,"enemies":"3 Sentries","floor":7,"turns":5},{"damage":14,"enemies":"Small Slimes","floor":10,"turns":4},{"damage":10,"enemies":"Exordium Wildlife","floor":11,"turns":4},{"damage":36,"enemies":"Hexaghost","floor":16,"turns":8},{"damage":23,"enemies":"Chosen","floor":18,"turns":4},{"damage":58,"enemies":"Masked Bandits","floor":20,"turns":4},{"damage":16,"enemies":"2 Thieves","floor":22,"turns":5},{"damage":52,"enemies":"Book of Stabbing","floor":24,"turns":5}],"seed_played":"-865470541559610176","potions_obtained":[{"floor":2,"key":"SmokeBomb"},{"floor":2,"key":"AttackPotion"},{"floor":2,"key":"Dexterity Potion"},{"floor":10,"key":"FearPotion"},{"floor":16,"key":"EssenceOfSteel"}],"is_trial":false,"path_per_floor":["M","?","$","M","?","R","E","R","T","M","M","?","R","?","R","B",null,"M","$","?","?","M","R","E"],"character_chosen":"IRONCLAD","items_purchased":["Thunderclap","Spot Weakness","Self Forming Clay"],"campfire_rested":2,"item_purchase_floors":[3,19,19],"current_hp_per_floor":[80,80,80,80,69,69,43,43,43,38,37,37,61,45,45,18,80,72,72,29,29,28,52,0],"gold":14,"neow_bonus":"ONE_RARE_RELIC","is_prod":false,"is_daily":false,"chose_seed":false,"campfire_upgraded":3,"win_rate":0,"timestamp":1559368212,"path_taken":["M","?","?","M","?","R","E","R","T","M","?","?","R","?","R","BOSS","M","$","?","?","M","R","E"],"build_version":"2019-01-23","purchased_purges":0,"victory":false,"max_hp_per_floor":[80,80,80,80,80,80,80,80,80,80,80,80,80,80,80,80,80,80,80,80,80,80,80,80],"card_choices":[{"not_picked":["Infernal Blade","Carnage"],"picked":"Hemokinesis","floor":1},{"not_picked":["Iron Wave","Clash"],"picked":"Combust","floor":4},{"not_picked":["Pommel Strike","Whirlwind"],"picked":"Limit Break","floor":7},{"not_picked":["Iron Wave","Clash"],"picked":"Rupture","floor":10},{"not_picked":["Uppercut","Clothesline"],"picked":"Headbutt","floor":11},{"not_picked":["Dark Embrace","Bludgeon"],"picked":"Brutality","floor":16},{"not_picked":["Uppercut","Anger"],"picked":"Combust","floor":18},{"not_picked":["Havoc","Perfected Strike"],"picked":"Cleave","floor":20},{"not_picked":["Flex","Clothesline"],"picked":"Dual Wield+1","floor":22}],"player_experience":325927,"relics_obtained":[{"floor":7,"key":"Tiny Chest"},{"floor":20,"key":"Red Mask"}],"event_choices":[{"damage_healed":0,"gold_gain":0,"player_choice":"Bought 3 Potions","damage_taken":0,"max_hp_gain":0,"max_hp_loss":0,"event_name":"The Woman in Blue","floor":2,"gold_loss":0},{"damage_healed":0,"gold_gain":75,"player_choice":"Gather Gold","damage_taken":11,"max_hp_gain":0,"max_hp_loss":0,"event_name":"World of Goop","floor":5,"gold_loss":0},{"cards_removed":["Decay"],"damage_healed":0,"gold_gain":0,"player_choice":"Forget","damage_taken":0,"max_hp_gain":0,"max_hp_loss":0,"event_name":"Living Wall","floor":12,"gold_loss":0},{"damage_healed":0,"gold_gain":0,"player_choice":"Entered Light","damage_taken":16,"max_hp_gain":0,"max_hp_loss":0,"event_name":"Shining Light","floor":14,"gold_loss":0,"cards_upgraded":["Strike_R","Defend_R"]},{"damage_healed":0,"gold_gain":0,"player_choice":"Fought Bandits","damage_taken":0,"max_hp_gain":0,"max_hp_loss":0,"event_name":"Masked Bandits","floor":20,"gold_loss":0},{"cards_removed":["Strike_R"],"damage_healed":0,"gold_gain":0,"player_choice":"Upgrade and Remove","damage_taken":0,"max_hp_gain":0,"max_hp_loss":0,"event_name":"Designer","floor":21,"gold_loss":90,"cards_upgraded":["Defend_R"]}],"is_beta":false,"boss_relics":[{"not_picked":["Astrolabe","Pandora\u0027s Box"],"picked":"Black Blood"}],"items_purged_floors":[],"is_endless":false,"potions_floor_spawned":[10,16],"killed_by":"Book of Stabbing","ascension_level":2}