{"gold_per_floor":[119,137,137,149,168,197,197,197,245,92,112,112,147,322,322,423,423,443,443,153,68,80,108,108,135,204,204,204,223,239,239,239,336,336,347,347,347,426,462,519,557,557,557,577,613,143,197,197,197,247,247,247,20,54,54],"floor_reached":55,"playtime":6164,"items_purged":["Regret","Doubt"],"score":873,"play_id":"190f900e-8d23-44c6-9e93-687544ebc494","local_time":"20190808165745","is_ascension_mode":false,"campfire_choices":[{"data":"Bandage Up","floor":7.0,"key":"SMITH"},{"floor":12.0,"key":"REST"},{"data":"Neutralize","floor":15.0,"key":"SMITH"},{"data":"Calculated Gamble","floor":24.0,"key":"SMITH"},{"data":"Apotheosis","floor":27.0,"key":"SMITH"},{"floor":32.0,"key":"RECALL"},{"data":"Corpse Explosion","floor":42.0,"key":"SMITH"},{"floor":49.0,"key":"REST"},{"data":"Well Laid Plans","floor":52.0,"key":"SMITH"}],"neow_cost":"PERCENT_DAMAGE","seed_source_timestamp":0,"circlet_count":0,"master_deck":["Survivor","Neutralize+1","Jack Of All Trades","Acrobatics","Leg Sweep","Glass Knife","Heel Hook","Calculated Gamble+1","Bullet Time","A Thousand Cuts","Well Laid Plans+1","Apotheosis+1","Blur+1","Setup","Bite","Bite","Bite","Bite","Bite","Blur","A Thousand Cuts","Venomology","Skewer","Dodge and Roll","Eviscerate","Quick Slash","Caltrops","Impatience","HandOfGreed","Dark Shackles","Outmaneuver","Corpse Explosion+1","Escape Plan+1","Acrobatics+1","Night Terror","Noxious Fumes","Backflip","Crippling Poison","Secret Weapon","Blur","Predator"],"special_seed":0,"relics":["Ring of the Snake","Mercury Hourglass","Lantern","Letter Opener","Regal Pillow","PreservedInsect","Sozu","Pen Nib","Du-Vu Doll","Oddly Smooth Stone","Bottled Lightning","Bag of Marbles","Pandora\u0027s Box","Ancient Tea Set","Vajra","Dodecahedron","The Specimen","Snake Skull"],"potions_floor_usage":[55,55,55],"damage_taken":[{"damage":0.0,"enemies":"Small Slimes","floor":1.0,"turns":4.0},{"damage":0.0,"enemies":"2 Louse","floor":2.0,"turns":2.0},{"damage":0.0,"enemies":"Jaw Worm","floor":4.0,"turns":4.0},{"damage":4.0,"enemies":"Blue Slaver","floor":5.0,"turns":5.0},{"damage":41.0,"enemies":"3 Sentries","floor":6.0,"turns":19.0},{"damage":0.0,"enemies":"3 Louse","floor":11.0,"turns":2.0},{"damage":21.0,"enemies":"Gremlin Nob","floor":13.0,"turns":4.0},{"damage":11.0,"enemies":"The Guardian","floor":16.0,"turns":10.0},{"damage":20.0,"enemies":"Spheric Guardian","floor":18.0,"turns":4.0},{"damage":2.0,"enemies":"Chosen","floor":22.0,"turns":2.0},{"damage":0.0,"enemies":"Book of Stabbing","floor":23.0,"turns":3.0},{"damage":22.0,"enemies":"Gremlin Leader","floor":25.0,"turns":5.0},{"damage":0.0,"enemies":"3 Cultists","floor":29.0,"turns":3.0},{"damage":7.0,"enemies":"Sentry and Sphere","floor":30.0,"turns":3.0},{"damage":7.0,"enemies":"Champ","floor":33.0,"turns":11.0},{"damage":19.0,"enemies":"3 Darklings","floor":35.0,"turns":5.0},{"damage":9.0,"enemies":"3 Shapes","floor":39.0,"turns":3.0},{"damage":0.0,"enemies":"Giant Head","floor":40.0,"turns":6.0},{"damage":0.0,"enemies":"Jaw Worm Horde","floor":41.0,"turns":2.0},{"damage":1.0,"enemies":"4 Shapes","floor":44.0,"turns":2.0},{"damage":5.0,"enemies":"Sphere and 2 Shapes","floor":45.0,"turns":4.0},{"damage":17.0,"enemies":"Reptomancer","floor":47.0,"turns":5.0},{"damage":6.0,"enemies":"Awakened One","floor":50.0,"turns":10.0},{"damage":2.0,"enemies":"Shield and Spear","floor":54.0,"turns":4.0},{"damage":68,"enemies":"The Heart","floor":55,"turns":6}],"seed_played":"-1730444090136888477","potions_obtained":[{"floor":1.0,"key":"LiquidBronze"},{"floor":13.0,"key":"FearPotion"},{"floor":16.0,"key":"Regen Potion"}],"is_trial":false,"path_per_floor":["M","M","?","M","M","E","R","?","T","$","M","R","E","?","R","B",null,"M","?","$","?","M","E","R","E","T","R","?","M","M","?","R","B",null,"M","?","?","T","M","E","M","R","T","M","M","$","E","?","R","B",null,"R","$","E","B"],"character_chosen":"THE_SILENT","items_purchased":["Heel Hook","Apotheosis","Dodecahedron","Night Terror","Noxious Fumes","Backflip","Secret Weapon","Blur"],"campfire_rested":2,"item_purchase_floors":[10,20,46,46,46,46,53,53],"current_hp_per_floor":[53,57,54,58,58,21,21,21,21,21,27,63,48,48,48,43,70,56,56,56,56,54,54,54,38,38,38,38,49,49,49,49,49,49,48,48,38,38,46,49,49,49,49,48,47,47,41,41,49,49,49,49,49,47,0],"gold":54,"neow_bonus":"RANDOM_COLORLESS_2","is_prod":false,"is_daily":false,"chose_seed":false,"campfire_upgraded":6,"win_rate":0,"timestamp":1565297865,"path_taken":["M","M","?","M","M","E","R","?","T","$","M","R","E","?","R","BOSS","M","?","$","?","M","E","R","E","T","R","?","M","M","?","R","BOSS","M","?","?","?","M","E","M","R","T","M","M","$","E","?","R","BOSS","R","$","E","BOSS"],"build_version":"2019-07-17","purchased_purges":2,"victory":false,"max_hp_per_floor":[70,70,70,70,70,70,70,70,70,70,70,70,70,70,70,70,70,70,70,70,70,70,70,70,70,70,70,49,49,49,49,49,49,49,49,49,49,49,49,49,49,49,49,49,49,49,49,49,49,49,49,49,49,49,49],"card_choices":[{"not_picked":["Infinite Blades","Eviscerate","Riddle With Holes"],"picked":"SKIP","floor":1.0},{"not_picked":["Sucker Punch","Dagger Throw","Quick Slash"],"picked":"SKIP","floor":2.0},{"not_picked":["Backflip","Setup"],"picked":"Acrobatics","floor":4.0},{"not_picked":["Outmaneuver","Sucker Punch"],"picked":"Leg Sweep","floor":5.0},{"not_picked":["Blade Dance","Bane"],"picked":"Glass Knife","floor":6.0},{"not_picked":["Blade Dance","Expertise"],"picked":"Calculated Gamble","floor":11.0},{"not_picked":["Outmaneuver","Underhanded Strike"],"picked":"Bullet Time","floor":13.0},{"not_picked":["Phantasmal Killer","Die Die Die"],"picked":"A Thousand Cuts","floor":16.0},{"not_picked":["Dodge and Roll+1","All Out Attack"],"picked":"Well Laid Plans","floor":18.0},{"not_picked":["Bouncing Flask","PiercingWail"],"picked":"Blur+1","floor":22.0},{"not_picked":["Choke+1","PiercingWail+1","Dodge and Roll"],"picked":"SKIP","floor":23.0},{"not_picked":["Well Laid Plans","Outmaneuver"],"picked":"Setup","floor":25.0},{"not_picked":["Masterful Stab","Flying Knee"],"picked":"Blur","floor":29.0},{"not_picked":["Predator","Cloak And Dagger","Slice"],"picked":"SKIP","floor":30.0},{"not_picked":["Die Die Die","Storm of Steel"],"picked":"A Thousand Cuts","floor":33.0},{"not_picked":["Expertise","Escape Plan+1"],"picked":"Caltrops","floor":35.0},{"not_picked":["Enlightenment","PanicButton"],"picked":"Impatience","floor":37.0},{"not_picked":["Discovery","PanicButton"],"picked":"HandOfGreed","floor":37.0},{"not_picked":["Apotheosis","Good Instincts"],"picked":"Dark Shackles","floor":37.0},{"not_picked":["Cloak And Dagger+1","Distraction"],"picked":"Outmaneuver","floor":39.0},{"not_picked":["Dagger Throw+1","Backstab+1"],"picked":"Corpse Explosion","floor":40.0},{"not_picked":["Caltrops+1","Accuracy"],"picked":"Escape Plan+1","floor":41.0},{"not_picked":["Quick Slash","PiercingWail","Deadly Poison+1"],"picked":"SKIP","floor":44.0},{"not_picked":["Choke","Flying Knee"],"picked":"Acrobatics+1","floor":45.0},{"not_picked":["Dagger Spray+1","Acrobatics"],"picked":"Crippling Poison","floor":47.0},{"not_picked":["Setup","Dodge and Roll"],"picked":"Predator","floor":54.0}],"player_experience":1084922,"relics_obtained":[{"floor":6.0,"key":"Lantern"},{"floor":9.0,"key":"Regal Pillow"},{"floor":13.0,"key":"PreservedInsect"},{"floor":23.0,"key":"Du-Vu Doll"},{"floor":25.0,"key":"Oddly Smooth Stone"},{"floor":26.0,"key":"Bottled Lightning"},{"floor":40.0,"key":"Ancient Tea Set"},{"floor":43.0,"key":"Vajra"},{"floor":47.0,"key":"The Specimen"},{"floor":54.0,"key":"Snake Skull"}],"event_choices":[{"damage_healed":0.0,"max_hp_gain":0.0,"max_hp_loss":0.0,"gold_gain":0.0,"event_name":"Scrap Ooze","player_choice":"Success","floor":3.0,"gold_loss":0.0,"damage_taken":3.0,"relics_obtained":["Mercury Hourglass"]},{"damage_healed":0.0,"max_hp_gain":0.0,"max_hp_loss":0.0,"gold_gain":0.0,"event_name":"Big Fish","player_choice":"Box","floor":8.0,"gold_loss":0.0,"damage_taken":0.0,"relics_obtained":["Letter Opener"],"cards_obtained":["Regret"]},{"damage_healed":0.0,"max_hp_gain":0.0,"max_hp_loss":0.0,"gold_gain":175.0,"event_name":"Liars Game","player_choice":"AGREE","floor":14.0,"gold_loss":0.0,"damage_taken":0.0,"cards_obtained":["Doubt"]},{"damage_healed":0.0,"max_hp_gain":0.0,"max_hp_loss":0.0,"gold_gain":0.0,"event_name":"Back to Basics","player_choice":"Simplicity","floor":19.0,"gold_loss":0.0,"damage_taken":0.0,"cards_upgraded":["Strike_G","Strike_G","Strike_G","Strike_G","Strike_G","Defend_G","Defend_G","Defend_G","Defend_G","Defend_G"]},{"damage_healed":0.0,"max_hp_gain":0.0,"max_hp_loss":0.0,"gold_gain":0.0,"event_name":"Addict","player_choice":"Obtained Relic","floor":21.0,"gold_loss":85.0,"damage_taken":0.0,"relics_obtained":["Pen Nib"]},{"damage_healed":0.0,"max_hp_gain":0.0,"max_hp_loss":21.0,"gold_gain":0.0,"event_name":"Vampires","player_choice":"Became a vampire","floor":28.0,"gold_loss":0.0,"damage_taken":0.0,"cards_obtained":["Bite","Bite","Bite","Bite","Bite"]},{"damage_healed":0.0,"max_hp_gain":0.0,"max_hp_loss":0.0,"gold_gain":0.0,"event_name":"The Mausoleum","player_choice":"Opened","floor":31.0,"gold_loss":0.0,"damage_taken":0.0,"relics_obtained":["Bag of Marbles"]},{"damage_healed":0.0,"max_hp_gain":0.0,"max_hp_loss":0.0,"gold_gain":0.0,"event_name":"Tomb of Lord Red Mask","player_choice":"Ignored","floor":36.0,"gold_loss":0.0,"damage_taken":0.0},{"damage_healed":0.0,"max_hp_gain":0.0,"max_hp_loss":0.0,"gold_gain":0.0,"event_name":"SensoryStone","player_choice":"Memory 3","floor":37.0,"gold_loss":0.0,"damage_taken":10.0},{"cards_removed":["Bandage Up"],"damage_healed":0.0,"max_hp_gain":0.0,"max_hp_loss":0.0,"gold_gain":0.0,"event_name":"Falling","player_choice":"Removed Skill","floor":48.0,"gold_loss":0.0,"damage_taken":0.0}],"is_beta":false,"boss_relics":[{"not_picked":["Coffee Dripper","Tiny House"],"picked":"Sozu"},{"not_picked":["WristBlade","Velvet Choker"],"picked":"Pandora\u0027s Box"}],"items_purged_floors":[10,20],"is_endless":false,"potions_floor_spawned":[1,13,16,25,29,30,39,40,41],"killed_by":"The Heart","ascension_level":0}