{"gold_per_floor":[113,113,113,2,2,2,35,35,35,35,55,71,81,111,111,210,210,224,43,60,60,71,96,96,28,52,52,98,113,143,18,18,119,119,136,358,39,53,70,70,88,88,115,115],"floor_reached":44,"playtime":6263,"items_purged":["Strike_B","Pain"],"score":474,"play_id":"8efa2b6d-94ac-4a69-b08b-09aee23873a7","local_time":"20190522143526","is_ascension_mode":false,"campfire_choices":[{"data":"Genetic Algorithm","floor":6.0,"key":"SMITH"},{"data":"Hologram","floor":8.0,"key":"SMITH"},{"data":"Panacea","floor":10.0,"key":"SMITH"},{"floor":15.0,"key":"REST"},{"floor":24.0,"key":"REST"},{"floor":32.0,"key":"REST"},{"data":"Machine Learning","floor":40,"key":"SMITH"},{"floor":42,"key":"REST"}],"neow_cost":"NONE","seed_source_timestamp":0,"circlet_count":0,"master_deck":["Strike_B","Strike_B","Defend_B","Defend_B","Defend_B","Defend_B","Zap","Dualcast","Panacea+1","Genetic Algorithm+1","Turbo","Hologram+1","Swift Strike","Gash","Rebound","Gash","Coolheaded","Machine Learning+1","Compile Driver","FTL","Beam Cell","Cold Snap","Capacitor","Scrape","RitualDagger","Steam","Scrape","Scrape","Seek","Regret","Decay","Hologram+1","Trip","Chrysalis","Gash+1","Chaos","Gash+1"],"special_seed":0,"relics":["Cracked Core","Matryoshka","Gremlin Horn","Pantograph","Sundial","Tiny Chest","Lizard Tail","Bronze Scales","Smiling Mask","Potion Belt","Regal Pillow","Juzu Bracelet","Red Mask","Calling Bell","Omamori","Letter Opener","Torii","Strawberry"],"potions_floor_usage":[39,39,39,39,39,44],"damage_taken":[{"damage":0.0,"enemies":"Small Slimes","floor":1.0,"turns":3.0},{"damage":24.0,"enemies":"Lagavulin","floor":7.0,"turns":6.0},{"damage":1.0,"enemies":"Jaw Worm","floor":11.0,"turns":3.0},{"damage":0.0,"enemies":"2 Louse","floor":12.0,"turns":2.0},{"damage":0.0,"enemies":"Blue Slaver","floor":13.0,"turns":3.0},{"damage":65.0,"enemies":"The Guardian","floor":16.0,"turns":13.0},{"damage":12.0,"enemies":"Spheric Guardian","floor":18.0,"turns":5.0},{"damage":18.0,"enemies":"Shell Parasite","floor":20.0,"turns":5.0},{"damage":34.0,"enemies":"Snake Plant","floor":22.0,"turns":5.0},{"damage":37.0,"enemies":"Gremlin Leader","floor":23.0,"turns":8.0},{"damage":6.0,"enemies":"Snecko","floor":29.0,"turns":5.0},{"damage":11.0,"enemies":"Masked Bandits","floor":30.0,"turns":4.0},{"damage":50.0,"enemies":"Collector","floor":33.0,"turns":10.0},{"damage":31.0,"enemies":"Orb Walker","floor":35.0,"turns":4.0},{"damage":20.0,"enemies":"3 Shapes","floor":38.0,"turns":4.0},{"damage":4,"enemies":"Maw","floor":39,"turns":10},{"damage":18,"enemies":"Transient","floor":41,"turns":5},{"damage":74,"enemies":"Spire Growth","floor":44,"turns":4}],"seed_played":"5738920429641218753","potions_obtained":[{"floor":11.0,"key":"FocusPotion"},{"floor":22.0,"key":"GamblersBrew"},{"floor":23.0,"key":"SkillPotion"},{"floor":29.0,"key":"SkillPotion"},{"floor":30.0,"key":"EntropicBrew"}],"is_trial":false,"path_per_floor":["M","?","T","$","?","R","E","R","T","R","M","M","M","?","R","B",null,"M","$","M","?","M","E","R","$","T","?","T","M","?","$","R","B",null,"M","?","$","M","M","R","M","R","T","M"],"character_chosen":"DEFECT","items_purchased":["Hologram","Swift Strike","FTL","Bronze Scales","Scrape","Scrape","Trip","Chrysalis"],"campfire_rested":4,"item_purchase_floors":[4,4,19,19,25,31,37,37],"current_hp_per_floor":[75,75,75,75,75,75,51,51,51,51,50,50,50,43,65,10,75,63,63,45,45,11,11,33,33,33,27,27,21,10,10,47,22,75,44,44,44,24,35,35,17,54,61,0],"gold":115,"neow_bonus":"RANDOM_COLORLESS","is_prod":false,"is_daily":false,"chose_seed":false,"campfire_upgraded":4,"win_rate":0.0,"timestamp":1558560926,"path_taken":["M","?","?","$","?","R","E","R","T","R","M","M","M","?","R","BOSS","M","$","M","?","M","E","R","?","T","?","?","M","?","$","R","BOSS","M","?","$","M","M","R","M","R","T","M"],"build_version":"2019-01-23","purchased_purges":2,"victory":false,"max_hp_per_floor":[75,75,75,75,75,75,75,75,75,75,75,75,75,75,75,75,75,75,75,75,75,75,75,75,75,75,75,75,75,75,75,75,75,75,75,75,75,75,75,75,75,75,82,82],"card_choices":[{"not_picked":["Stack","Ball Lightning"],"picked":"Genetic Algorithm","floor":1.0},{"not_picked":["Recycle","Beam Cell"],"picked":"Gash","floor":7.0},{"not_picked":["Heatsinks","Turbo"],"picked":"Rebound","floor":11.0},{"not_picked":["Coolheaded","Force Field"],"picked":"Gash","floor":12.0},{"not_picked":["Skim","Heatsinks"],"picked":"Coolheaded","floor":13.0},{"not_picked":["Meteor Strike","Buffer"],"picked":"Machine Learning","floor":16.0},{"not_picked":["Stack","Barrage+1"],"picked":"Compile Driver","floor":18.0},{"not_picked":["Hello World","Ball Lightning"],"picked":"Beam Cell","floor":20.0},{"not_picked":["Stack+1","Beam Cell"],"picked":"Cold Snap","floor":22.0},{"not_picked":["Rip and Tear+1","Coolheaded"],"picked":"Capacitor","floor":23.0},{"not_picked":["Barrage","Rebound"],"picked":"Steam","floor":29.0},{"not_picked":["Storm","Defragment"],"picked":"Scrape","floor":30.0},{"not_picked":["Creative AI","Rainbow"],"picked":"Seek","floor":33.0},{"not_picked":["Sweeping Beam","Beam Cell"],"picked":"Hologram+1","floor":35.0},{"not_picked":["Coolheaded+1","Sweeping Beam+1"],"picked":"Gash+1","floor":38.0},{"not_picked":["Genetic Algorithm","Leap"],"picked":"Chaos","floor":39},{"not_picked":["Beam Cell","Redo"],"picked":"Gash+1","floor":41}],"player_experience":156129,"relics_obtained":[{"floor":3.0,"key":"Matryoshka"},{"floor":7.0,"key":"Gremlin Horn"},{"floor":9.0,"key":"Pantograph"},{"floor":9.0,"key":"Sundial"},{"floor":23.0,"key":"Smiling Mask"},{"floor":26.0,"key":"Potion Belt"},{"floor":26.0,"key":"Regal Pillow"},{"floor":28.0,"key":"Juzu Bracelet"},{"floor":30.0,"key":"Red Mask"},{"floor":34.0,"key":"Omamori"},{"floor":34.0,"key":"Letter Opener"},{"floor":34.0,"key":"Torii"},{"floor":43,"key":"Strawberry"}],"event_choices":[{"damage_healed":0.0,"max_hp_gain":0.0,"max_hp_loss":0.0,"gold_gain":0.0,"cards_transformed":["Strike_B"],"event_name":"Living Wall","player_choice":"Change","floor":2.0,"gold_loss":0.0,"damage_taken":0.0,"cards_obtained":["Turbo"]},{"damage_healed":0.0,"max_hp_gain":0.0,"max_hp_loss":0.0,"gold_gain":0.0,"event_name":"The Cleric","player_choice":"Leave","floor":5.0,"gold_loss":0.0,"damage_taken":0.0},{"damage_healed":0.0,"max_hp_gain":0.0,"max_hp_loss":0.0,"gold_gain":0.0,"event_name":"Scrap Ooze","player_choice":"Success","floor":14.0,"gold_loss":0.0,"damage_taken":7.0,"relics_obtained":["Tiny Chest"]},{"damage_healed":0.0,"max_hp_gain":0.0,"max_hp_loss":0.0,"gold_gain":0.0,"event_name":"Beggar","player_choice":"Ignored","floor":21.0,"gold_loss":0.0,"damage_taken":0.0},{"damage_healed":0.0,"max_hp_gain":0.0,"max_hp_loss":0.0,"gold_gain":0.0,"event_name":"Nest","player_choice":"Joined the Cult","floor":27.0,"gold_loss":0.0,"damage_taken":6.0,"cards_obtained":["RitualDagger"]},{"damage_healed":0.0,"max_hp_gain":0.0,"max_hp_loss":0.0,"gold_gain":0.0,"event_name":"Masked Bandits","player_choice":"Fought Bandits","floor":30.0,"gold_loss":0.0,"damage_taken":0.0},{"damage_healed":0.0,"max_hp_gain":0.0,"max_hp_loss":0.0,"gold_gain":222.0,"event_name":"Tomb of Lord Red Mask","player_choice":"Wore Mask","floor":36.0,"gold_loss":0.0,"damage_taken":0.0}],"is_beta":false,"boss_relics":[{"not_picked":["Fusion Hammer","Runic Pyramid"],"picked":"Lizard Tail"},{"not_picked":["Empty Cage","Black Star"],"picked":"Calling Bell"}],"items_purged_floors":[31,37],"is_endless":false,"potions_floor_spawned":[11,22,23,29,30],"killed_by":"Spire Growth","ascension_level":0}