{"gold_per_floor":[111,111,111,61,71,98,116,144,144,144,144,68,68,101,101,206,206,216,216,233,253,18,18,46,46,46,59,74,74,124,136,136,239,239,257,257,277,297,297,297,323,323,350,260,16,16],"floor_reached":46,"playtime":6514,"items_purged":["Strike_R"],"score":727,"play_id":"80898de5-0723-4a11-a499-cf55b5ad7d3a","local_time":"20190629034709","is_ascension_mode":true,"campfire_choices":[{"data":"Juggernaut","floor":10.0,"key":"SMITH"},{"data":"Rupture","floor":15.0,"key":"SMITH"},{"floor":23.0,"key":"REST"},{"floor":25.0,"key":"REST"},{"floor":32.0,"key":"REST"},{"data":"Offering","floor":40.0,"key":"SMITH"},{"data":"Bandage Up","floor":42.0,"key":"SMITH"}],"neow_cost":"NONE","seed_source_timestamp":0,"circlet_count":0,"master_deck":["Strike_R","Strike_R+1","Strike_R+1","Defend_R","Defend_R","Defend_R","Bash+1","Rage","Rupture+1","Rage","Juggernaut+1","Combust+1","Barricade+1","Metallicize+1","Bloodletting","Ghostly Armor","Impatience","Inflame+1","Exhume","Warcry+1","Headbutt+1","Rupture+1","Offering+1","Limit Break","Warcry+1","Bandage Up+1","Flash of Steel","Panache+1","Feel No Pain+1","Berserk+1","Thunderclap+1","Bandage Up"],"special_seed":0,"relics":["Burning Blood","NeowsBlessing","Nunchaku","Darkstone Periapt","Bag of Preparation","Incense Burner","Frozen Egg 2","Ginger","White Beast Statue","Question Card","WingedGreaves","Philosopher\u0027s Stone","Singing Bowl","Bottled Lightning"],"potions_floor_usage":[46,46],"damage_taken":[{"damage":0.0,"enemies":"Jaw Worm","floor":1.0,"turns":1.0},{"damage":0.0,"enemies":"Small Slimes","floor":5.0,"turns":1.0},{"damage":0.0,"enemies":"3 Sentries","floor":6.0,"turns":2.0},{"damage":6.0,"enemies":"2 Louse","floor":7.0,"turns":3.0},{"damage":23.0,"enemies":"Lagavulin","floor":8.0,"turns":6.0},{"damage":5.0,"enemies":"Gremlin Nob","floor":14.0,"turns":3.0},{"damage":13.0,"enemies":"The Guardian","floor":16.0,"turns":6.0},{"damage":13.0,"enemies":"Chosen","floor":18.0,"turns":6.0},{"damage":27.0,"enemies":"2 Thieves","floor":20.0,"turns":4.0},{"damage":25.0,"enemies":"Centurion and Healer","floor":21.0,"turns":6.0},{"damage":54.0,"enemies":"Book of Stabbing","floor":24.0,"turns":7.0},{"damage":13.0,"enemies":"Sentry and Sphere","floor":27.0,"turns":6.0},{"damage":8.0,"enemies":"Snecko","floor":28.0,"turns":5.0},{"damage":26.0,"enemies":"Centurion and Healer","floor":31.0,"turns":7.0},{"damage":24.0,"enemies":"Champ","floor":33.0,"turns":8.0},{"damage":16.0,"enemies":"3 Shapes","floor":35.0,"turns":4.0},{"damage":17.0,"enemies":"Orb Walker","floor":37.0,"turns":2.0},{"damage":27.0,"enemies":"Writhing Mass","floor":38.0,"turns":5.0},{"damage":17.0,"enemies":"Giant Head","floor":41.0,"turns":5.0},{"damage":41,"enemies":"Nemesis","floor":46,"turns":2}],"seed_played":"-5957321812420012350","potions_obtained":[{"floor":6.0,"key":"GamblersBrew"},{"floor":14.0,"key":"PowerPotion"},{"floor":18.0,"key":"FairyPotion"},{"floor":20.0,"key":"Explosive Potion"},{"floor":21.0,"key":"Strength Potion"},{"floor":24.0,"key":"Regen Potion"},{"floor":27.0,"key":"Swift Potion"},{"floor":28.0,"key":"Strength Potion"},{"floor":31.0,"key":"Regen Potion"},{"floor":33.0,"key":"PowerPotion"},{"floor":35.0,"key":"Dexterity Potion"},{"floor":37.0,"key":"LiquidBronze"},{"floor":38.0,"key":"PowerPotion"},{"floor":41.0,"key":"Explosive Potion"}],"is_trial":false,"path_per_floor":["M","?","?","?","M","E","M","E","T","R","T","$","?","E","R","B",null,"M","?","M","M","$","R","E","R","T","M","M","?","?","M","R","B",null,"M","?","M","M","?","R","E","R","T","$","$","E"],"character_chosen":"IRONCLAD","items_purchased":["Combust+1","Impatience","Inflame+1","Bandage Up","Bottled Lightning"],"campfire_rested":3,"item_purchase_floors":[12,22,22,44,45],"current_hp_per_floor":[78,66,50,50,56,62,62,45,45,45,45,45,45,46,46,39,70,63,63,42,23,23,47,12,36,36,44,42,42,42,22,46,43,71,61,51,44,31,31,31,24,24,24,24,24,0],"gold":16,"neow_bonus":"THREE_ENEMY_KILL","is_prod":false,"is_daily":false,"chose_seed":false,"campfire_upgraded":4,"win_rate":0,"timestamp":1561794429,"path_taken":["M","?","?","?","M","E","M","E","T","R","?","$","?","E","R","BOSS","M","?","M","M","?","R","E","R","T","M","?","?","?","?","R","BOSS","M","?","M","M","?","R","E","R","T","$","$","E"],"build_version":"2019-01-23","purchased_purges":1,"victory":false,"max_hp_per_floor":[80,80,80,80,80,80,80,80,80,80,80,80,80,80,80,80,80,80,80,80,80,80,80,80,80,80,80,80,80,80,80,80,80,80,80,80,80,80,80,80,80,80,80,80,80,80],"card_choices":[{"not_picked":["Perfected Strike","Second Wind"],"picked":"Rage","floor":1.0},{"not_picked":["Shrug It Off","Clothesline"],"picked":"Rupture","floor":5.0},{"not_picked":["Anger","Perfected Strike","Wild Strike"],"picked":"SKIP","floor":6.0},{"not_picked":["Wild Strike","Cleave"],"picked":"Rage","floor":7.0},{"not_picked":["Shrug It Off","Anger"],"picked":"Juggernaut","floor":8.0},{"not_picked":["Twin Strike","Perfected Strike","Flex"],"picked":"SKIP","floor":14.0},{"not_picked":["Feed","Berserk+1"],"picked":"Barricade+1","floor":16.0},{"not_picked":["Clash","Evolve+1"],"picked":"Metallicize+1","floor":18.0},{"not_picked":["Pommel Strike","Fire Breathing+1"],"picked":"Bloodletting","floor":20.0},{"not_picked":["Dual Wield","Anger+1"],"picked":"Ghostly Armor","floor":21.0},{"not_picked":["Shockwave","Wild Strike"],"picked":"Exhume","floor":24.0},{"not_picked":["Thunderclap","Burning Pact","Disarm"],"picked":"Warcry+1","floor":27.0},{"not_picked":["Burning Pact+1","Clash","Flex"],"picked":"Headbutt+1","floor":28.0},{"not_picked":["Armaments","Thunderclap","Twin Strike"],"picked":"Offering","floor":31.0},{"not_picked":["Exhume","Demon Form+1","Barricade+1"],"picked":"Limit Break","floor":33.0},{"not_picked":["Clash","Cleave","Sentinel+1"],"picked":"Warcry+1","floor":35.0},{"not_picked":["Trip","Deep Breath","Good Instincts"],"picked":"Bandage Up","floor":36.0},{"not_picked":["Trip","Deep Breath","Finesse"],"picked":"Flash of Steel","floor":36.0},{"not_picked":["Purity","Mayhem+1","Deep Breath"],"picked":"Panache+1","floor":36.0},{"not_picked":["Intimidate+1","Pommel Strike","Clash+1"],"picked":"Feel No Pain+1","floor":37.0},{"not_picked":["Perfected Strike","Clothesline","Rampage+1"],"picked":"Berserk+1","floor":38.0},{"not_picked":["Warcry","Clothesline","Rampage+1"],"picked":"Thunderclap+1","floor":41.0}],"player_experience":681426,"relics_obtained":[{"floor":6.0,"key":"Darkstone Periapt"},{"floor":8.0,"key":"Bag of Preparation"},{"floor":9.0,"key":"Incense Burner"},{"floor":11.0,"key":"Frozen Egg 2"},{"floor":14.0,"key":"Ginger"},{"floor":24.0,"key":"Question Card"},{"floor":26.0,"key":"WingedGreaves"},{"floor":41.0,"key":"Singing Bowl"}],"event_choices":[{"damage_healed":0.0,"max_hp_gain":0.0,"max_hp_loss":0.0,"gold_gain":0.0,"event_name":"Scrap Ooze","player_choice":"Success","floor":2.0,"gold_loss":0.0,"damage_taken":12.0,"relics_obtained":["Nunchaku"]},{"damage_healed":0.0,"max_hp_gain":0.0,"max_hp_loss":0.0,"gold_gain":0.0,"event_name":"Shining Light","player_choice":"Entered Light","floor":3.0,"gold_loss":0.0,"damage_taken":16.0,"cards_upgraded":["Strike_R","Strike_R"]},{"cards_removed":["Strike_R"],"damage_healed":0.0,"max_hp_gain":0.0,"max_hp_loss":0.0,"gold_gain":0.0,"event_name":"The Cleric","player_choice":"Card Removal","floor":4.0,"gold_loss":50.0,"damage_taken":0.0},{"cards_removed":["Defend_R"],"damage_healed":0.0,"max_hp_gain":0.0,"max_hp_loss":0.0,"gold_gain":0.0,"event_name":"Living Wall","player_choice":"Forget","floor":13.0,"gold_loss":0.0,"damage_taken":0.0},{"damage_healed":0.0,"max_hp_gain":0.0,"max_hp_loss":0.0,"gold_gain":0.0,"event_name":"Accursed Blacksmith","player_choice":"Forge","floor":19.0,"gold_loss":0.0,"damage_taken":0.0,"cards_upgraded":["Bash"]},{"damage_healed":0.0,"max_hp_gain":0.0,"max_hp_loss":0.0,"gold_gain":0.0,"event_name":"The Library","player_choice":"Read","floor":29.0,"gold_loss":0.0,"damage_taken":0.0,"cards_obtained":["Rupture"]},{"damage_healed":0.0,"max_hp_gain":0.0,"max_hp_loss":0.0,"gold_gain":100.0,"event_name":"The Joust","player_choice":"Bet on Murderer","floor":30.0,"gold_loss":50.0,"damage_taken":0.0},{"damage_healed":0.0,"max_hp_gain":0.0,"max_hp_loss":0.0,"gold_gain":0.0,"event_name":"SensoryStone","player_choice":"Memory 3","floor":36.0,"gold_loss":0.0,"damage_taken":10.0},{"damage_healed":0.0,"max_hp_gain":0.0,"max_hp_loss":0.0,"gold_gain":0.0,"event_name":"Tomb of Lord Red Mask","player_choice":"Ignored","floor":39.0,"gold_loss":0.0,"damage_taken":0.0}],"is_beta":false,"boss_relics":[{"not_picked":["Lizard Tail","Coffee Dripper"],"picked":"White Beast Statue"},{"not_picked":["Sozu","Black Blood"],"picked":"Philosopher\u0027s Stone"}],"items_purged_floors":[22],"is_endless":false,"potions_floor_spawned":[6,14,18,20,21,24,27,28,31,33,35,37,38,41],"killed_by":"Nemesis","ascension_level":6}