{"gold_per_floor":[364,329,404,404,27,57,57,87,87,87,119,132,132,144,144,246,246,256,256,256,256,256],"floor_reached":22,"playtime":1238,"items_purged":[],"score":317,"play_id":"3e957a8b-d325-499f-bbe2-0d76f00605b0","local_time":"20190822170541","is_ascension_mode":true,"campfire_choices":[{"floor":7.0,"key":"REST"},{"floor":10.0,"key":"REST"},{"floor":15,"key":"REST"}],"neow_cost":"PERCENT_DAMAGE","seed_source_timestamp":63378580329510,"circlet_count":0,"master_deck":["AscendersBane","Strike_B+1","Strike_B+1","Strike_B+1","Strike_B+1","Defend_B+1","Defend_B+1","Defend_B+1","Defend_B+1","Zap","Dualcast","Gash","Turbo","Auto Shields","Genetic Algorithm","Beam Cell+1","Hologram","Gash+1","Biased Cognition","Gash+1","RitualDagger+1"],"special_seed":0,"relics":["Cracked Core","Mummified Hand","DataDisk","Chemical X","Smiling Mask","Bottled Lightning","Pantograph","Molten Egg 2","Philosopher\u0027s Stone"],"potions_floor_usage":[16,16,22],"damage_taken":[{"damage":7.0,"enemies":"Jaw Worm","floor":1.0,"turns":3.0},{"damage":33.0,"enemies":"Lagavulin","floor":6.0,"turns":6.0},{"damage":19.0,"enemies":"3 Sentries","floor":8.0,"turns":7.0},{"damage":30.0,"enemies":"Lagavulin","floor":11.0,"turns":9.0},{"damage":0.0,"enemies":"Small Slimes","floor":12.0,"turns":2.0},{"damage":0,"enemies":"2 Louse","floor":14,"turns":3},{"damage":47,"enemies":"The Guardian","floor":16,"turns":10},{"damage":41,"enemies":"Shell Parasite","floor":18,"turns":6},{"damage":13,"enemies":"3 Byrds","floor":22,"turns":1}],"seed_played":"1646041439243126830","potions_obtained":[{"floor":6.0,"key":"PowerPotion"},{"floor":8.0,"key":"Explosive Potion"},{"floor":14,"key":"Block Potion"},{"floor":16,"key":"SkillPotion"}],"is_trial":false,"path_per_floor":["M","?","?","T","$","E","R","E","T","R","E","M","?","M","R","B",null,"M","?","?","?","M"],"character_chosen":"DEFECT","items_purchased":["Turbo","DataDisk","Chemical X"],"campfire_rested":3,"item_purchase_floors":[5,5,5],"current_hp_per_floor":[43,61,50,50,50,17,39,20,20,42,12,12,12,12,34,12,59,18,18,12,12,0],"gold":256,"neow_bonus":"TWO_FIFTY_GOLD","is_prod":false,"is_daily":false,"chose_seed":false,"campfire_upgraded":0,"win_rate":0,"timestamp":1566507941,"path_taken":["M","?","?","?","$","E","R","E","T","R","E","M","?","M","R","BOSS","M","?","?","?","M"],"build_version":"2019-07-17","purchased_purges":0,"victory":false,"max_hp_per_floor":[75,75,75,75,75,75,75,75,75,75,75,75,75,75,75,75,75,75,75,75,75,75],"card_choices":[{"not_picked":["Coolheaded","Undo"],"picked":"Gash","floor":1.0},{"not_picked":["Storm","Recycle"],"picked":"Auto Shields","floor":6.0},{"not_picked":["FTL","Coolheaded"],"picked":"Genetic Algorithm","floor":8.0},{"not_picked":["Lockon","Leap"],"picked":"Beam Cell","floor":11.0},{"not_picked":["Stack","Static Discharge"],"picked":"Hologram","floor":12.0},{"not_picked":["Go for the Eyes+1","Capacitor"],"picked":"Gash+1","floor":14},{"not_picked":["Amplify","Buffer"],"picked":"Biased Cognition","floor":16},{"not_picked":["Turbo","Aggregate"],"picked":"Gash+1","floor":18}],"player_experience":1179508,"relics_obtained":[{"floor":4.0,"key":"Mummified Hand"},{"floor":6.0,"key":"Smiling Mask"},{"floor":8.0,"key":"Bottled Lightning"},{"floor":9.0,"key":"Pantograph"},{"floor":11.0,"key":"Molten Egg 2"}],"event_choices":[{"damage_healed":18.0,"max_hp_gain":0.0,"max_hp_loss":0.0,"gold_gain":0.0,"event_name":"The Cleric","player_choice":"Healed","floor":2.0,"gold_loss":35.0,"damage_taken":0.0},{"damage_healed":0.0,"max_hp_gain":0.0,"max_hp_loss":0.0,"gold_gain":75.0,"event_name":"World of Goop","player_choice":"Gather Gold","floor":3.0,"gold_loss":0.0,"damage_taken":11.0},{"damage_healed":0,"gold_gain":0,"player_choice":"Searched \u00270\u0027 times","damage_taken":0,"max_hp_gain":0,"max_hp_loss":0,"event_name":"Dead Adventurer","floor":13,"gold_loss":0},{"damage_healed":0,"gold_gain":0,"player_choice":"Ignored","damage_taken":0,"max_hp_gain":0,"max_hp_loss":0,"event_name":"Cursed Tome","floor":19,"gold_loss":0},{"damage_healed":0,"gold_gain":0,"player_choice":"Joined the Cult","damage_taken":6,"max_hp_gain":0,"max_hp_loss":0,"event_name":"Nest","floor":20,"gold_loss":0,"cards_obtained":["RitualDagger"]},{"damage_healed":0,"gold_gain":0,"player_choice":"Simplicity","damage_taken":0,"max_hp_gain":0,"max_hp_loss":0,"event_name":"Back to Basics","floor":21,"gold_loss":0,"cards_upgraded":["Strike_B","Strike_B","Strike_B","Strike_B","Defend_B","Defend_B","Defend_B","Defend_B"]}],"is_beta":false,"boss_relics":[{"not_picked":["Runic Dome","Snecko Eye"],"picked":"Philosopher\u0027s Stone"}],"items_purged_floors":[],"is_endless":false,"potions_floor_spawned":[6,8,14,16],"killed_by":"3 Byrds","ascension_level":12}