{"gold_per_floor":[110,128,303,303,317,317,75,25,50,50,50,80,90,120,120,220,220,237,105,380,392,412,412,446,446,446,36,51,76,93,120,120,224,224,244,198,198,198,211,243,243,275,300,312,342,354,366,397,409,421,433,445,44,79,79],"floor_reached":56,"playtime":9245,"items_purged":["Strike_B","Defend_B"],"score":2034,"play_id":"864684fb-1558-49e1-9a6d-d08e108aa3f3","local_time":"20190731100235","is_ascension_mode":true,"campfire_choices":[{"data":"Zap","floor":6.0,"key":"SMITH"},{"data":"Self Repair","floor":10.0,"key":"SMITH"},{"floor":15.0,"key":"REST"},{"data":"Seek","floor":23.0,"key":"SMITH"},{"data":"Heatsinks","floor":25.0,"key":"SMITH"},{"data":"Dualcast","floor":32.0,"key":"SMITH"},{"data":"Turbo","floor":41.0,"key":"SMITH"},{"data":"Aggregate","floor":44.0,"key":"SMITH"},{"data":"Seek","floor":47.0,"key":"SMITH"},{"floor":49.0,"key":"RECALL"},{"data":"Jack Of All Trades","floor":52.0,"key":"SMITH"}],"neow_cost":"NONE","seed_source_timestamp":0,"circlet_count":0,"master_deck":["Strike_B","Defend_B","Defend_B","Zap+1","Dualcast+1","Doom and Gloom","Conserve Battery","Doubt","Beam Cell+1","Turbo+1","Self Repair+1","FTL","Capacitor","Seek+1","All For One","Steam+1","All For One+1","Defragment+1","Redo+1","Flash of Steel","Heatsinks+1","Regret","Seek+1","Glacier","Redo+1","Jack Of All Trades+1","Aggregate+1","Machine Learning+1","BootSequence+1","Seek+1","Stack+1","Madness+1","Madness+1","Capacitor+1","Double Energy+1","Compile Driver","Capacitor+1","Go for the Eyes+1","Steam Power+1","Flash of Steel+1","Heatsinks+1","Compile Driver"],"special_seed":0,"relics":["Nuclear Battery","Blue Candle","Blood Vial","Question Card","Centennial Puzzle","Shuriken","Astrolabe","Omamori","Unceasing Top","Frozen Egg 2","Bottled Lightning","Toxic Egg 2","Coffee Dripper","Bottled Flame","Art of War","Letter Opener","MawBank","Pantograph","Whetstone"],"potions_floor_usage":[55,55],"damage_taken":[{"damage":0.0,"enemies":"2 Louse","floor":1.0,"turns":3.0},{"damage":0.0,"enemies":"Jaw Worm","floor":2.0,"turns":4.0},{"damage":7.0,"enemies":"Cultist","floor":5.0,"turns":4.0},{"damage":34.0,"enemies":"3 Sentries","floor":12.0,"turns":7.0},{"damage":10.0,"enemies":"Blue Slaver","floor":13.0,"turns":4.0},{"damage":15.0,"enemies":"Lagavulin","floor":14.0,"turns":4.0},{"damage":52.0,"enemies":"Slime Boss","floor":16.0,"turns":10.0},{"damage":0.0,"enemies":"Spheric Guardian","floor":18.0,"turns":3.0},{"damage":3.0,"enemies":"Chosen","floor":21.0,"turns":3.0},{"damage":5.0,"enemies":"Shelled Parasite and Fungi","floor":22.0,"turns":3.0},{"damage":2.0,"enemies":"Book of Stabbing","floor":24.0,"turns":4.0},{"damage":2.0,"enemies":"Snake Plant","floor":28.0,"turns":2.0},{"damage":2.0,"enemies":"Slavers","floor":29.0,"turns":4.0},{"damage":2.0,"enemies":"Chosen and Byrds","floor":30.0,"turns":1.0},{"damage":20.0,"enemies":"Gremlin Leader","floor":31.0,"turns":3.0},{"damage":2.0,"enemies":"Collector","floor":33.0,"turns":8.0},{"damage":2.0,"enemies":"3 Darklings","floor":35.0,"turns":2.0},{"damage":6.0,"enemies":"3 Shapes","floor":39.0,"turns":2.0},{"damage":2.0,"enemies":"Nemesis","floor":40.0,"turns":5.0},{"damage":2.0,"enemies":"Reptomancer","floor":42.0,"turns":1.0},{"damage":2.0,"enemies":"Writhing Mass","floor":45.0,"turns":2.0},{"damage":1.0,"enemies":"4 Shapes","floor":48.0,"turns":1.0},{"damage":2.0,"enemies":"Donu and Deca","floor":50.0,"turns":2.0},{"damage":2.0,"enemies":"Shield and Spear","floor":54.0,"turns":1.0},{"damage":18,"enemies":"The Heart","floor":55,"turns":4}],"seed_played":"-8763986546119046969","potions_obtained":[{"floor":1.0,"key":"SteroidPotion"},{"floor":13.0,"key":"EssenceOfSteel"},{"floor":16.0,"key":"SkillPotion"},{"floor":21.0,"key":"Swift Potion"},{"floor":22.0,"key":"FearPotion"},{"floor":33.0,"key":"Ancient Potion"},{"floor":42.0,"key":"Weak Potion"},{"floor":48.0,"key":"Energy Potion"}],"is_trial":false,"path_per_floor":["M","M","?","?","M","R","$","?","T","R","T","E","M","E","R","B",null,"M","$","?","M","M","R","E","R","T","$","M","E","M","E","R","B",null,"M","$","T","?","M","E","R","E","T","R","M","T","R","M","R","B",null,"R","$","E","B",null],"character_chosen":"DEFECT","items_purchased":["Blood Vial","Turbo","Self Repair","Flash of Steel","Heatsinks","Frozen Egg 2","Jack Of All Trades","Stack+1","Steam Power+1","Flash of Steel","Heatsinks+1","Compile Driver","Swift Potion"],"campfire_rested":1,"item_purchase_floors":[7,7,7,19,19,27,27,36,53,53,53,53,53],"current_hp_per_floor":[68,68,68,68,61,61,61,61,61,61,61,39,41,38,60,20,61,73,73,73,75,75,75,75,75,75,75,75,75,75,65,65,75,75,75,75,75,66,72,75,75,75,75,75,75,75,75,74,74,75,75,75,75,75,67],"gold":79,"neow_bonus":"BOSS_RELIC","is_prod":false,"is_daily":false,"chose_seed":false,"campfire_upgraded":9,"win_rate":0,"timestamp":1564581755,"path_taken":["M","M","?","?","M","R","$","?","T","R","?","E","M","E","R","BOSS","M","?","?","M","M","R","E","R","T","$","M","E","M","E","R","BOSS","M","$","?","?","M","E","R","E","T","R","M","?","R","?","R","BOSS","R","$","E","BOSS"],"build_version":"2019-07-17","purchased_purges":2,"victory":true,"max_hp_per_floor":[75,75,75,75,75,75,75,75,75,75,75,75,75,75,75,75,75,75,75,75,75,75,75,75,75,75,75,75,75,75,75,75,75,75,75,75,75,75,75,75,75,75,75,75,75,75,75,75,75,75,75,75,75,75,75],"card_choices":[{"not_picked":["Storm","Stack"],"picked":"Doom and Gloom","floor":1.0},{"not_picked":["Static Discharge","Aggregate"],"picked":"Conserve Battery","floor":2.0},{"not_picked":["Redo","Conserve Battery"],"picked":"Beam Cell","floor":5.0},{"not_picked":["Leap","Go for the Eyes","Rip and Tear"],"picked":"FTL","floor":12.0},{"not_picked":["Sweeping Beam","Redo","Cold Snap"],"picked":"Capacitor","floor":13.0},{"not_picked":["Rebound","Electrodynamics","Gash"],"picked":"Seek","floor":14.0},{"not_picked":["Amplify","Seek","Hyperbeam"],"picked":"All For One","floor":16.0},{"not_picked":["Steam","Stack+1","Beam Cell+1"],"picked":"Redo+1","floor":18.0},{"not_picked":["Turbo","Force Field","Hologram"],"picked":"Seek","floor":21.0},{"not_picked":["Turbo","Rebound","Stack+1"],"picked":"Glacier","floor":22.0},{"not_picked":["Static Discharge","Fusion","Tempest"],"picked":"Redo+1","floor":24.0},{"not_picked":["Go for the Eyes","Consume","Tempest"],"picked":"Aggregate","floor":28.0},{"not_picked":["Force Field","Steam","Sweeping Beam","Conserve Battery"],"picked":"SKIP","floor":29.0},{"not_picked":["Compile Driver","Heatsinks+1","Conserve Battery"],"picked":"Machine Learning+1","floor":30.0},{"not_picked":["Conserve Battery","FTL","All For One"],"picked":"BootSequence","floor":31.0},{"not_picked":["All For One","Core Surge","Amplify+1"],"picked":"Seek+1","floor":33.0},{"not_picked":["Sunder+1","Barrage","Reinforced Body+1","Genetic Algorithm+1"],"picked":"SKIP","floor":35.0},{"not_picked":["Gash","Streamline","Stack+1"],"picked":"Capacitor+1","floor":39.0},{"not_picked":["Amplify+1","Barrage","BootSequence+1"],"picked":"Double Energy+1","floor":40.0},{"not_picked":["White Noise+1","Redo+1","Rainbow+1"],"picked":"Compile Driver","floor":42.0},{"not_picked":["Blizzard","Cold Snap+1","Ball Lightning+1"],"picked":"Capacitor+1","floor":45.0},{"not_picked":["Coolheaded+1","Melter+1","Stack+1"],"picked":"Go for the Eyes+1","floor":48.0},{"not_picked":["Ball Lightning","Glacier+1","Darkness+1","White Noise+1"],"picked":"SKIP","floor":54.0}],"player_experience":1028105,"relics_obtained":[{"floor":11.0,"key":"Question Card"},{"floor":12.0,"key":"Centennial Puzzle"},{"floor":14.0,"key":"Shuriken"},{"floor":24.0,"key":"Omamori"},{"floor":26.0,"key":"Unceasing Top"},{"floor":29.0,"key":"Bottled Lightning"},{"floor":31.0,"key":"Toxic Egg 2"},{"floor":37.0,"key":"Bottled Flame"},{"floor":40.0,"key":"Art of War"},{"floor":42.0,"key":"Letter Opener"},{"floor":43.0,"key":"MawBank"},{"floor":46.0,"key":"Pantograph"},{"floor":54.0,"key":"Whetstone"}],"event_choices":[{"damage_healed":0.0,"max_hp_gain":0.0,"max_hp_loss":0.0,"gold_gain":175.0,"event_name":"Liars Game","player_choice":"AGREE","floor":3.0,"gold_loss":0.0,"damage_taken":0.0,"cards_obtained":["Doubt"]},{"damage_healed":0.0,"max_hp_gain":0.0,"max_hp_loss":0.0,"gold_gain":0.0,"event_name":"Big Fish","player_choice":"Box","floor":4.0,"gold_loss":0.0,"damage_taken":0.0,"relics_obtained":["Blue Candle"],"cards_obtained":["Regret"]},{"cards_removed":["Regret"],"damage_healed":0.0,"max_hp_gain":0.0,"max_hp_loss":0.0,"gold_gain":0.0,"event_name":"The Cleric","player_choice":"Card Removal","floor":8.0,"gold_loss":50.0,"damage_taken":0.0},{"damage_healed":0.0,"max_hp_gain":0.0,"max_hp_loss":0.0,"gold_gain":275.0,"event_name":"Golden Shrine","player_choice":"Desecrate","floor":20.0,"gold_loss":0.0,"damage_taken":0.0,"cards_obtained":["Regret"]},{"damage_healed":0.0,"max_hp_gain":0.0,"max_hp_loss":0.0,"gold_gain":0.0,"event_name":"Winding Halls","player_choice":"Embrace Madness","floor":38.0,"gold_loss":0.0,"damage_taken":9.0,"cards_obtained":["Madness","Madness"]}],"is_beta":false,"boss_relics":[{"not_picked":["Busted Crown","Runic Pyramid"],"picked":"Astrolabe"},{"not_picked":["Fusion Hammer","Pandora\u0027s Box"],"picked":"Coffee Dripper"}],"items_purged_floors":[27,53],"is_endless":false,"potions_floor_spawned":[1,13,16,21,22,33,42,48],"ascension_level":9}