{"gold_per_floor":[119,119,136,149,99,124,191,204,204,217,217,217,243,243],"floor_reached":14,"playtime":4342,"items_purged":[],"score":100,"play_id":"8f06d375-1ed1-4e98-b4a9-cf4fec68a8c6","local_time":"20190518174245","is_ascension_mode":false,"campfire_choices":[{"data":"Core Surge","floor":11,"key":"SMITH"}],"neow_cost":"NONE","seed_source_timestamp":257690642578974,"circlet_count":0,"master_deck":["Strike_B+1","Strike_B","Defend_B","Defend_B","Defend_B","Defend_B+1","Zap","Dualcast","Chill","Turbo","Sweeping Beam","Conserve Battery","Core Surge+1","Steam","Capacitor","Stack"],"relics":["Cracked Core","Shuriken","Bottled Flame","Meat on the Bone"],"potions_floor_usage":[13],"damage_taken":[{"damage":4,"enemies":"Jaw Worm","floor":1,"turns":5},{"damage":0,"enemies":"Cultist","floor":3,"turns":4},{"damage":3,"enemies":"Small Slimes","floor":4,"turns":3},{"damage":23,"enemies":"Lagavulin","floor":6,"turns":8},{"damage":1,"enemies":"Looter","floor":8,"turns":2},{"damage":6,"enemies":"3 Louse","floor":10,"turns":4},{"damage":20,"enemies":"Gremlin Nob","floor":13,"turns":5},{"damage":9,"enemies":"Large Slime","floor":14,"turns":1}],"seed_played":"7159675280380976279","potions_obtained":[{"floor":1,"key":"EssenceOfSteel"},{"floor":6,"key":"SkillPotion"},{"floor":10,"key":"Fruit Juice"},{"floor":13,"key":"SpeedPotion"}],"is_trial":false,"path_per_floor":["M","?","M","M","?","E","?","M","T","M","R","?","E","M"],"character_chosen":"DEFECT","items_purchased":[],"campfire_rested":0,"item_purchase_floors":[],"current_hp_per_floor":[78,78,78,75,75,52,52,51,51,45,45,29,9,0],"gold":243,"neow_bonus":"TEN_PERCENT_HP_BONUS","is_prod":false,"is_daily":false,"chose_seed":false,"campfire_upgraded":1,"win_rate":0.0,"timestamp":1558226565,"path_taken":["M","?","?","M","?","E","?","M","T","M","R","?","E","M"],"build_version":"2019-01-23","purchased_purges":0,"victory":false,"max_hp_per_floor":[82,82,82,82,82,82,82,82,82,82,82,82,82,82],"card_choices":[{"not_picked":["Storm","Undo"],"picked":"Chill","floor":1},{"not_picked":["Storm","Auto Shields"],"picked":"Sweeping Beam","floor":3},{"not_picked":["Auto Shields","Compile Driver"],"picked":"Conserve Battery","floor":4},{"not_picked":["Stack","Cold Snap"],"picked":"Core Surge","floor":6},{"not_picked":["Coolheaded","Reinforced Body"],"picked":"Steam","floor":8},{"not_picked":["Leap","Auto Shields"],"picked":"Capacitor","floor":10},{"not_picked":["Cold Snap","Consume"],"picked":"Stack","floor":13}],"player_experience":53713,"relics_obtained":[{"floor":6,"key":"Shuriken"},{"floor":9,"key":"Bottled Flame"},{"floor":13,"key":"Meat on the Bone"}],"event_choices":[{"damage_healed":0,"gold_gain":0,"cards_transformed":["Strike_B"],"player_choice":"Transformed","damage_taken":0,"max_hp_gain":0,"max_hp_loss":0,"event_name":"Transmorgrifier","floor":2,"gold_loss":0,"cards_obtained":["Turbo"]},{"cards_removed":["Strike_B"],"damage_healed":0,"gold_gain":0,"player_choice":"Card Removal","damage_taken":0,"max_hp_gain":0,"max_hp_loss":0,"event_name":"The Cleric","floor":5,"gold_loss":50},{"damage_healed":0,"gold_gain":67,"player_choice":"Gained Gold","damage_taken":0,"max_hp_gain":0,"max_hp_loss":0,"event_name":"Golden Wing","floor":7,"gold_loss":0},{"damage_healed":0,"gold_gain":0,"player_choice":"Entered Light","damage_taken":16,"max_hp_gain":0,"max_hp_loss":0,"event_name":"Shining Light","floor":12,"gold_loss":0,"cards_upgraded":["Defend_B","Strike_B"]}],"is_beta":false,"boss_relics":[],"items_purged_floors":[],"is_endless":false,"potions_floor_spawned":[1,6,10,13],"killed_by":"Large Slime","ascension_level":0}