{"gold_per_floor":[110,120,120,130,143,170,170,170,170,345,359,385,385,404,404,507,507,517,34,34,34,46,46,75,75,75,75,75,75,101,153,153,153],"floor_reached":33,"playtime":7018,"items_purged":[],"score":291,"play_id":"97fbe573-c94b-47d1-b389-1680f99b784b","local_time":"20190512211305","is_ascension_mode":false,"campfire_choices":[{"floor":7.0,"key":"REST"},{"floor":15.0,"key":"REST"},{"data":"Prepared","floor":23.0,"key":"SMITH"},{"floor":25.0,"key":"REST"},{"floor":27.0,"key":"REST"},{"floor":32.0,"key":"REST"}],"neow_cost":"NONE","seed_source_timestamp":0,"circlet_count":0,"master_deck":["Defend_G","Defend_G","Defend_G","Defend_G","Defend_G","Strike_G","Strike_G","Strike_G","Strike_G","Strike_G+1","Survivor","Neutralize","Poisoned Stab","Dagger Spray","Expertise","Caltrops+1","Heel Hook","Doubt","Prepared","Flying Knee","Quick Slash","Unload","Poisoned Stab+1","Finisher+1","Backstab+1","Prepared+1","PiercingWail","Backstab+1","Flying Knee+1","RitualDagger+1","Writhe","Outmaneuver+1"],"special_seed":0,"relics":["Ring of the Snake","NeowsBlessing","Juzu Bracelet","Paper Crane","Tingsha","Black Star","Molten Egg 2","Bag of Marbles","Dodecahedron","Question Card","Mercury Hourglass","Happy Flower","Oddly Smooth Stone","Centennial Puzzle"],"potions_floor_usage":[33],"damage_taken":[{"damage":0.0,"enemies":"Small Slimes","floor":1.0,"turns":1.0},{"damage":0.0,"enemies":"Cultist","floor":2.0,"turns":1.0},{"damage":0.0,"enemies":"Jaw Worm","floor":4.0,"turns":1.0},{"damage":15.0,"enemies":"Red Slaver","floor":5.0,"turns":4.0},{"damage":46.0,"enemies":"Lagavulin","floor":6.0,"turns":9.0},{"damage":10.0,"enemies":"3 Louse","floor":11.0,"turns":4.0},{"damage":18.0,"enemies":"Gremlin Nob","floor":12.0,"turns":5.0},{"damage":7.0,"enemies":"Looter","floor":14.0,"turns":3.0},{"damage":40.0,"enemies":"Hexaghost","floor":16.0,"turns":9.0},{"damage":6.0,"enemies":"3 Byrds","floor":18.0,"turns":4.0},{"damage":10.0,"enemies":"Chosen","floor":22.0,"turns":3.0},{"damage":24.0,"enemies":"Gremlin Leader","floor":24.0,"turns":7.0},{"damage":22.0,"enemies":"Slavers","floor":30.0,"turns":5.0},{"damage":104,"enemies":"Champ","floor":33,"turns":10}],"seed_played":"-5676662151742681670","potions_obtained":[{"floor":2.0,"key":"Weak Potion"},{"floor":3.0,"key":"GhostInAJar"},{"floor":3.0,"key":"FairyPotion"},{"floor":3.0,"key":"GamblersBrew"},{"floor":6.0,"key":"Block Potion"},{"floor":14.0,"key":"Regen Potion"},{"floor":16.0,"key":"AttackPotion"},{"floor":30.0,"key":"PowerPotion"}],"is_trial":false,"path_per_floor":["M","M","?","M","M","E","R","?","T","?","M","E","?","M","R","B",null,"M","$","?","$","M","R","E","R","T","R","?","?","E","T","R","B"],"character_chosen":"THE_SILENT","items_purchased":["Molten Egg 2","Finisher+1","Backstab+1","Prepared","PiercingWail"],"campfire_rested":5,"item_purchase_floors":[19,19,19,19,19],"current_hp_per_floor":[70,70,70,70,55,9,30,70,70,70,60,42,28,21,42,17,70,64,64,64,64,54,54,30,51,51,70,64,64,42,42,63,0],"gold":153,"neow_bonus":"THREE_ENEMY_KILL","is_prod":false,"is_daily":false,"chose_seed":false,"campfire_upgraded":1,"win_rate":0.0,"timestamp":1557720785,"path_taken":["M","M","?","?","M","E","R","?","T","?","M","E","?","M","R","BOSS","M","$","?","$","M","R","E","R","T","R","?","?","E","?","R","BOSS"],"build_version":"2019-01-23","purchased_purges":0,"victory":false,"max_hp_per_floor":[70,70,70,70,70,70,70,70,70,70,70,70,70,70,70,70,70,70,70,70,70,70,70,70,70,70,70,70,70,70,70,70,70],"card_choices":[{"not_picked":["Dodge and Roll","Reflex"],"picked":"Poisoned Stab","floor":1.0},{"not_picked":["Underhanded Strike","Dodge and Roll"],"picked":"Dagger Spray","floor":2.0},{"not_picked":["Slice","PiercingWail"],"picked":"Expertise","floor":4.0},{"not_picked":["Malaise","Dagger Spray"],"picked":"Caltrops","floor":5.0},{"not_picked":["Crippling Poison","Outmaneuver"],"picked":"Heel Hook","floor":6.0},{"not_picked":["Deadly Poison","Blur"],"picked":"Prepared","floor":11.0},{"not_picked":["Tactician","Poisoned Stab"],"picked":"Flying Knee","floor":12.0},{"not_picked":["Calculated Gamble","Expertise"],"picked":"Quick Slash","floor":14.0},{"not_picked":["Malaise","Burst"],"picked":"Unload","floor":16.0},{"not_picked":["PiercingWail","Deflect"],"picked":"Poisoned Stab+1","floor":18.0},{"not_picked":["Outmaneuver","Deadly Poison"],"picked":"Backstab+1","floor":22.0},{"not_picked":["Poisoned Stab+1","Outmaneuver"],"picked":"Flying Knee+1","floor":24.0},{"not_picked":["Backstab+1","Quick Slash+1","Deflect+1"],"picked":"Outmaneuver+1","floor":30.0}],"player_experience":6661,"relics_obtained":[{"floor":6.0,"key":"Juzu Bracelet"},{"floor":9.0,"key":"Paper Crane"},{"floor":12.0,"key":"Tingsha"},{"floor":24.0,"key":"Bag of Marbles"},{"floor":24.0,"key":"Dodecahedron"},{"floor":26.0,"key":"Question Card"},{"floor":30.0,"key":"Happy Flower"},{"floor":30.0,"key":"Oddly Smooth Stone"},{"floor":31.0,"key":"Centennial Puzzle"}],"event_choices":[{"damage_healed":0.0,"max_hp_gain":0.0,"max_hp_loss":0.0,"gold_gain":0.0,"event_name":"Lab","player_choice":"Got Potions","floor":3.0,"gold_loss":0.0,"damage_taken":0.0},{"damage_healed":40.0,"max_hp_gain":0.0,"max_hp_loss":0.0,"gold_gain":0.0,"event_name":"Wheel of Change","player_choice":"Full Heal","floor":8.0,"gold_loss":0.0,"damage_taken":0.0},{"damage_healed":0.0,"max_hp_gain":0.0,"max_hp_loss":0.0,"gold_gain":175.0,"event_name":"Liars Game","player_choice":"AGREE","floor":10.0,"gold_loss":0.0,"damage_taken":0.0,"cards_obtained":["Doubt"]},{"damage_healed":0.0,"max_hp_gain":0.0,"max_hp_loss":0.0,"gold_gain":0.0,"event_name":"Shining Light","player_choice":"Entered Light","floor":13.0,"gold_loss":0.0,"damage_taken":14.0,"cards_upgraded":["Strike_G","Caltrops"]},{"damage_healed":0.0,"max_hp_gain":0.0,"max_hp_loss":0.0,"gold_gain":0.0,"event_name":"Nest","player_choice":"Joined the Cult","floor":28.0,"gold_loss":0.0,"damage_taken":6.0,"cards_obtained":["RitualDagger"]},{"damage_healed":0.0,"max_hp_gain":0.0,"max_hp_loss":0.0,"gold_gain":0.0,"event_name":"The Mausoleum","player_choice":"Opened","floor":29.0,"gold_loss":0.0,"damage_taken":0.0,"relics_obtained":["Mercury Hourglass"],"cards_obtained":["Writhe"]}],"is_beta":false,"boss_relics":[{"not_picked":["Fusion Hammer","Runic Dome"],"picked":"Black Star"}],"items_purged_floors":[],"is_endless":false,"potions_floor_spawned":[2,6,14,16,30],"killed_by":"Champ","ascension_level":0}