{"gold_per_floor":[119,0,0,14,14,14,45,56,135,153,328,358,368,383,383,485,485,495,420],"floor_reached":19,"playtime":2824,"items_purged":[],"score":197,"play_id":"9ae751f1-f9cd-49e4-9bb3-221162a79190","local_time":"20190606014135","is_ascension_mode":true,"campfire_choices":[{"data":"Neutralize","floor":6.0,"key":"SMITH"},{"floor":15.0,"key":"REST"}],"neow_cost":"CURSE","seed_source_timestamp":0,"circlet_count":0,"master_deck":["Defend_G","Defend_G","Defend_G","Defend_G","Defend_G","Strike_G","Strike_G","Strike_G","Survivor","Neutralize+1","Deep Breath","Violence","Decay","Masterful Stab","Unload","Outmaneuver","Dodge and Roll","Deflect","Well Laid Plans","Cloak And Dagger","Backflip","Doubt","Eviscerate","Outmaneuver","Glass Knife","Envenom","Infinite Blades"],"special_seed":0,"relics":["Ring of the Snake","Orichalcum","Question Card","Singing Bowl","Sozu"],"potions_floor_usage":[],"damage_taken":[{"damage":0.0,"enemies":"Jaw Worm","floor":1.0,"turns":4.0},{"damage":0.0,"enemies":"Cultist","floor":4.0,"turns":3.0},{"damage":11.0,"enemies":"3 Sentries","floor":7.0,"turns":12.0},{"damage":0.0,"enemies":"Small Slimes","floor":8.0,"turns":2.0},{"damage":0.0,"enemies":"Blue Slaver","floor":10.0,"turns":3.0},{"damage":22.0,"enemies":"Lagavulin","floor":12.0,"turns":9.0},{"damage":6.0,"enemies":"Exordium Thugs","floor":13.0,"turns":6.0},{"damage":5.0,"enemies":"2 Fungi Beasts","floor":14.0,"turns":3.0},{"damage":7.0,"enemies":"Hexaghost","floor":16.0,"turns":12.0},{"damage":8.0,"enemies":"Shell Parasite","floor":18.0,"turns":7.0},{"damage":16,"enemies":"2 Thieves","floor":19,"turns":5}],"seed_played":"-9107206249759018680","potions_obtained":[{"floor":4.0,"key":"LiquidBronze"},{"floor":8.0,"key":"Block Potion"},{"floor":13.0,"key":"GamblersBrew"}],"is_trial":false,"path_per_floor":["M","$","?","M","?","R","E","M","T","M","?","E","M","M","R","B",null,"M","M"],"character_chosen":"THE_SILENT","items_purchased":["Unload","Outmaneuver"],"campfire_rested":1,"item_purchase_floors":[2,2],"current_hp_per_floor":[70,70,70,70,70,70,59,59,59,59,59,37,31,26,47,40,70,62,46],"gold":420,"neow_bonus":"RANDOM_COLORLESS_2","is_prod":false,"is_daily":false,"chose_seed":false,"campfire_upgraded":1,"win_rate":0,"timestamp":1559810495,"path_taken":["M","$","?","M","?","R","E","?","T","?","?","E","M","M","R","BOSS","M","M"],"build_version":"2019-01-23","purchased_purges":0,"victory":false,"max_hp_per_floor":[70,70,70,70,70,70,70,70,70,70,70,70,70,70,70,70,70,70,70],"card_choices":[{"not_picked":["Dash","Deadly Poison"],"picked":"Masterful Stab","floor":1.0},{"not_picked":["Deadly Poison","Flying Knee"],"picked":"Dodge and Roll","floor":4.0},{"not_picked":["All Out Attack","Eviscerate"],"picked":"Well Laid Plans","floor":7.0},{"not_picked":["PiercingWail","Blade Dance"],"picked":"Cloak And Dagger","floor":8.0},{"not_picked":["Flying Knee","Deflect","Prepared"],"picked":"Backflip","floor":10.0},{"not_picked":["Heel Hook","Dagger Spray","Deflect"],"picked":"Eviscerate","floor":12.0},{"not_picked":["Quick Slash","Bane","Blade Dance"],"picked":"Outmaneuver","floor":13.0},{"not_picked":["Blade Dance","Cloak And Dagger","Deadly Poison"],"picked":"Glass Knife","floor":14.0},{"not_picked":["Adrenaline","A Thousand Cuts","Glass Knife"],"picked":"Envenom","floor":16.0},{"not_picked":["Blade Dance","Reflex","Poisoned Stab"],"picked":"Infinite Blades","floor":18.0}],"player_experience":461945,"relics_obtained":[{"floor":7.0,"key":"Orichalcum"},{"floor":9.0,"key":"Question Card"},{"floor":12.0,"key":"Singing Bowl"}],"event_choices":[{"cards_removed":["Strike_G"],"damage_healed":0.0,"max_hp_gain":0.0,"max_hp_loss":0.0,"gold_gain":0.0,"event_name":"Living Wall","player_choice":"Forget","floor":3.0,"gold_loss":0.0,"damage_taken":0.0},{"damage_healed":0.0,"max_hp_gain":0.0,"max_hp_loss":0.0,"gold_gain":0.0,"cards_transformed":["Strike_G"],"event_name":"Transmorgrifier","player_choice":"Transformed","floor":5.0,"gold_loss":0.0,"damage_taken":0.0,"cards_obtained":["Deflect"]},{"damage_healed":0.0,"max_hp_gain":0.0,"max_hp_loss":0.0,"gold_gain":175.0,"event_name":"Liars Game","player_choice":"AGREE","floor":11.0,"gold_loss":0.0,"damage_taken":0.0,"cards_obtained":["Doubt"]}],"is_beta":false,"boss_relics":[{"not_picked":["HoveringKite","Runic Pyramid"],"picked":"Sozu"}],"items_purged_floors":[],"is_endless":false,"potions_floor_spawned":[4,8,13],"killed_by":"2 Thieves","ascension_level":2}