{"gold_per_floor":[17,30,30,30,40,40,56,74,120,120,150,162,174,207,207,303,303,320,370,386,396,4,4,4,38,38,56,56],"floor_reached":28,"playtime":2600,"items_purged":[],"score":278,"play_id":"788133ab-1cfb-41da-a1a0-5bd49b7bcfe0","local_time":"20190603082149","is_ascension_mode":true,"campfire_choices":[{"data":"Body Slam","floor":6.0,"key":"SMITH"},{"floor":10.0,"key":"REST"},{"floor":15.0,"key":"REST"},{"floor":23.0,"key":"REST"}],"neow_cost":"NO_GOLD","seed_source_timestamp":0,"circlet_count":0,"master_deck":["Bash","Body Slam+1","Dual Wield","Pummel","Cleave","Shrug It Off","Immolate","Flex","Metallicize","Searing Blow","Limit Break","Seeing Red","Blood for Blood","Battle Trance","Dual Wield","Bludgeon","Uppercut","Armaments","Juggernaut","Ghostly Armor","Infernal Blade","Rage","Reaper","J.A.X.+1","Cleave","Flex+1"],"special_seed":0,"relics":["Burning Blood","Du-Vu Doll","Red Skull","Odd Mushroom","Gremlin Horn","Pandora\u0027s Box","Toxic Egg 2","PreservedInsect","Lantern"],"potions_floor_usage":[],"damage_taken":[{"damage":0.0,"enemies":"Small Slimes","floor":1.0,"turns":3.0},{"damage":13.0,"enemies":"Jaw Worm","floor":2.0,"turns":4.0},{"damage":7.0,"enemies":"2 Louse","floor":5.0,"turns":3.0},{"damage":43.0,"enemies":"Gremlin Gang","floor":7.0,"turns":6.0},{"damage":12.0,"enemies":"Looter","floor":8.0,"turns":3.0},{"damage":22.0,"enemies":"The Mushroom Lair","floor":11.0,"turns":3.0},{"damage":3.0,"enemies":"Blue Slaver","floor":12.0,"turns":2.0},{"damage":0.0,"enemies":"2 Fungi Beasts","floor":13.0,"turns":3.0},{"damage":17.0,"enemies":"Lagavulin","floor":14.0,"turns":4.0},{"damage":40.0,"enemies":"Hexaghost","floor":16.0,"turns":12.0},{"damage":31.0,"enemies":"Spheric Guardian","floor":18.0,"turns":5.0},{"damage":33.0,"enemies":"2 Thieves","floor":20.0,"turns":3.0},{"damage":0.0,"enemies":"Snecko","floor":21.0,"turns":3.0},{"damage":47.0,"enemies":"Slavers","floor":25.0,"turns":3.0},{"damage":20.0,"enemies":"Snake Plant","floor":27.0,"turns":3.0},{"damage":27,"enemies":"Gremlin Leader","floor":28,"turns":2}],"seed_played":"-6776089231481941261","potions_obtained":[{"floor":7.0,"key":"Dexterity Potion"},{"floor":8.0,"key":"Swift Potion"},{"floor":12.0,"key":"SkillPotion"},{"floor":16.0,"key":"Strength Potion"},{"floor":25.0,"key":"Swift Potion"}],"is_trial":false,"path_per_floor":["M","M","?","$","M","R","M","M","T","R","?","M","M","E","R","B",null,"M","?","M","M","$","R","?","E","T","M","E"],"character_chosen":"IRONCLAD","items_purchased":["Reaper","Toxic Egg 2"],"campfire_rested":3,"item_purchase_floors":[22,22],"current_hp_per_floor":[80,73,66,66,65,65,28,22,22,46,30,33,39,28,52,18,80,55,55,28,34,34,58,58,17,17,19,0],"gold":56,"neow_bonus":"ONE_RARE_RELIC","is_prod":false,"is_daily":false,"chose_seed":false,"campfire_upgraded":1,"win_rate":0,"timestamp":1559575309,"path_taken":["M","M","?","$","M","R","M","M","T","R","?","M","M","E","R","BOSS","M","?","M","?","$","R","?","E","T","M","E"],"build_version":"2019-01-23","purchased_purges":0,"victory":false,"max_hp_per_floor":[80,80,80,80,80,80,80,80,80,80,80,80,80,80,80,80,80,80,80,80,80,80,80,80,80,80,80,80],"card_choices":[{"not_picked":["Sword Boomerang","Heavy Blade"],"picked":"Body Slam","floor":1.0},{"not_picked":["Warcry","True Grit"],"picked":"Dual Wield","floor":2.0},{"not_picked":["Shrug It Off","True Grit"],"picked":"Pummel","floor":5.0},{"not_picked":["Sword Boomerang","Wild Strike"],"picked":"Cleave","floor":7.0},{"not_picked":["Cleave","Pommel Strike"],"picked":"Shrug It Off","floor":8.0},{"not_picked":["Disarm","Perfected Strike"],"picked":"Immolate","floor":11.0},{"not_picked":["Second Wind","Twin Strike"],"picked":"Flex","floor":12.0},{"not_picked":["True Grit","Warcry"],"picked":"Metallicize","floor":13.0},{"not_picked":["Burning Pact","Twin Strike"],"picked":"Searing Blow","floor":14.0},{"not_picked":["Barricade","Exhume"],"picked":"Limit Break","floor":16.0},{"not_picked":["Wild Strike","Shrug It Off"],"picked":"Ghostly Armor","floor":18.0},{"not_picked":["Headbutt","True Grit"],"picked":"Infernal Blade","floor":20.0},{"not_picked":["Shrug It Off","Carnage"],"picked":"Rage","floor":21.0},{"not_picked":["Carnage+1","Wild Strike"],"picked":"Cleave","floor":25.0},{"not_picked":["Twin Strike+1","Rage+1"],"picked":"Flex+1","floor":27.0}],"player_experience":381842,"relics_obtained":[{"floor":9.0,"key":"Red Skull"},{"floor":11.0,"key":"Odd Mushroom"},{"floor":14.0,"key":"Gremlin Horn"},{"floor":25.0,"key":"PreservedInsect"},{"floor":26.0,"key":"Lantern"}],"event_choices":[{"cards_removed":["Strike_R"],"damage_healed":0.0,"max_hp_gain":0.0,"max_hp_loss":0.0,"gold_gain":0.0,"event_name":"Golden Wing","player_choice":"Card Removal","floor":3.0,"gold_loss":0.0,"damage_taken":7.0},{"damage_healed":0.0,"max_hp_gain":0.0,"max_hp_loss":0.0,"gold_gain":0.0,"event_name":"Mushrooms","player_choice":"Fought Mushrooms","floor":11.0,"gold_loss":0.0,"damage_taken":0.0},{"damage_healed":0.0,"max_hp_gain":0.0,"max_hp_loss":0.0,"gold_gain":100.0,"event_name":"The Joust","player_choice":"Bet on Murderer","floor":19.0,"gold_loss":50.0,"damage_taken":0.0},{"damage_healed":0.0,"max_hp_gain":0.0,"max_hp_loss":0.0,"gold_gain":0.0,"event_name":"Drug Dealer","player_choice":"Obtain J.A.X.","floor":24.0,"gold_loss":0.0,"damage_taken":0.0,"cards_obtained":["J.A.X."]}],"is_beta":false,"boss_relics":[{"not_picked":["Philosopher\u0027s Stone","Orrery"],"picked":"Pandora\u0027s Box"}],"items_purged_floors":[],"is_endless":false,"potions_floor_spawned":[7,8,12,16,25],"killed_by":"Gremlin Leader","ascension_level":3}