{"gold_per_floor":[366,386,401,401,421,455,530,530,579,606,606,606,606,618,618,618],"floor_reached":16,"playtime":2713,"items_purged":[],"score":143,"play_id":"6278b1f3-3bd6-4140-a275-ff272b0b6238","local_time":"20190704170442","is_ascension_mode":true,"campfire_choices":[{"data":"Metallicize","floor":8.0,"key":"SMITH"},{"floor":12.0,"key":"REST"},{"data":"Inflame","floor":15,"key":"SMITH"}],"neow_cost":"TEN_PERCENT_HP_LOSS","seed_source_timestamp":0,"circlet_count":0,"master_deck":["Strike_R","Strike_R","Strike_R","Strike_R","Defend_R","Defend_R","Defend_R","Defend_R","Bash","Inflame+1","Reckless Charge","Metallicize+1","Offering","Rupture","Body Slam+1"],"special_seed":0,"relics":["Burning Blood","Pear","Art of War","Bag of Preparation","Molten Egg 2"],"potions_floor_usage":[14,16],"damage_taken":[{"damage":0.0,"enemies":"Small Slimes","floor":1.0,"turns":3.0},{"damage":7.0,"enemies":"Jaw Worm","floor":2.0,"turns":3.0},{"damage":1.0,"enemies":"Cultist","floor":3.0,"turns":3.0},{"damage":11.0,"enemies":"3 Louse","floor":5.0,"turns":3.0},{"damage":42.0,"enemies":"3 Sentries","floor":6.0,"turns":16.0},{"damage":10.0,"enemies":"Gremlin Nob","floor":10.0,"turns":3.0},{"damage":6,"enemies":"Large Slime","floor":14,"turns":6},{"damage":40,"enemies":"Hexaghost","floor":16,"turns":9}],"seed_played":"-7370519316931156249","potions_obtained":[{"floor":1.0,"key":"Energy Potion"},{"floor":3.0,"key":"Block Potion"},{"floor":10.0,"key":"Swift Potion"}],"is_trial":false,"path_per_floor":["M","M","M","$","M","E","?","R","T","E","?","R","?","M","R","B"],"character_chosen":"IRONCLAD","items_purchased":[],"campfire_rested":1,"item_purchase_floors":[],"current_hp_per_floor":[72,71,72,72,67,41,30,30,30,26,23,47,40,40,40,0],"gold":618,"neow_bonus":"TWO_FIFTY_GOLD","is_prod":false,"is_daily":false,"chose_seed":false,"campfire_upgraded":2,"win_rate":0,"timestamp":1562274282,"path_taken":["M","M","M","$","M","E","?","R","T","E","?","R","?","M","R","BOSS"],"build_version":"2019-07-01","purchased_purges":0,"victory":false,"max_hp_per_floor":[72,72,72,72,72,82,82,82,82,82,82,82,82,82,82,82],"card_choices":[{"not_picked":["Burning Pact","Perfected Strike"],"picked":"Inflame","floor":1.0},{"not_picked":["Clash","Armaments"],"picked":"Reckless Charge","floor":2.0},{"not_picked":["Sever Soul","Havoc","Pommel Strike"],"picked":"SKIP","floor":3.0},{"not_picked":["Feel No Pain","Clash"],"picked":"Metallicize","floor":5.0},{"not_picked":["Armaments","Headbutt"],"picked":"Offering","floor":6.0},{"not_picked":["True Grit","Bloodletting"],"picked":"Rupture","floor":10.0},{"not_picked":["True Grit","Battle Trance"],"picked":"Body Slam+1","floor":14}],"player_experience":778199,"relics_obtained":[{"floor":6.0,"key":"Pear"},{"floor":9.0,"key":"Art of War"},{"floor":10.0,"key":"Bag of Preparation"}],"event_choices":[{"damage_healed":0.0,"max_hp_gain":0.0,"max_hp_loss":0.0,"gold_gain":75.0,"event_name":"World of Goop","player_choice":"Gather Gold","floor":7.0,"gold_loss":0.0,"damage_taken":11.0},{"damage_healed":0.0,"max_hp_gain":0.0,"max_hp_loss":0.0,"gold_gain":0.0,"event_name":"Scrap Ooze","player_choice":"Success","floor":11.0,"gold_loss":0.0,"damage_taken":3.0,"relics_obtained":["Molten Egg 2"]},{"cards_removed":["Strike_R"],"damage_healed":0.0,"max_hp_gain":0.0,"max_hp_loss":0.0,"gold_gain":0.0,"event_name":"Golden Wing","player_choice":"Card Removal","floor":13.0,"gold_loss":0.0,"damage_taken":7.0}],"is_beta":false,"boss_relics":[],"items_purged_floors":[],"is_endless":false,"potions_floor_spawned":[1,3,10],"killed_by":"Hexaghost","ascension_level":6}