{"gold_per_floor":[111,111,127,82,97,124,144,144,144,176,176,188,363,363],"floor_reached":14,"playtime":630,"items_purged":[],"score":155,"play_id":"d51f5d20-33f4-4836-be9c-7124925f2cbd","local_time":"20190809001535","is_ascension_mode":true,"campfire_choices":[{"floor":8.0,"key":"REST"}],"neow_cost":"NONE","seed_source_timestamp":197389874593540,"circlet_count":0,"master_deck":["AscendersBane","Strike_B","Strike_B","Strike_B","Defend_B","Defend_B","Defend_B","Defend_B","Zap+1","Dualcast","Capacitor","Cold Snap","Hologram","Scrape","Seek","Aggregate","Fission","Go for the Eyes","Doubt"],"special_seed":0,"relics":["Cracked Core","DataDisk","Frozen Egg 2","Blue Candle"],"potions_floor_usage":[10,14],"damage_taken":[{"damage":7.0,"enemies":"Jaw Worm","floor":1.0,"turns":3.0},{"damage":0.0,"enemies":"Cultist","floor":3.0,"turns":4.0},{"damage":10.0,"enemies":"Small Slimes","floor":5.0,"turns":3.0},{"damage":42.0,"enemies":"Lagavulin","floor":6.0,"turns":9.0},{"damage":2.0,"enemies":"Looter","floor":7.0,"turns":3.0},{"damage":32,"enemies":"Gremlin Nob","floor":10,"turns":4},{"damage":1,"enemies":"Red Slaver","floor":12,"turns":5},{"damage":6,"enemies":"Lots of Slimes","floor":14,"turns":1}],"seed_played":"952542929374567707","potions_obtained":[{"floor":3.0,"key":"Strength Potion"},{"floor":7.0,"key":"SteroidPotion"},{"floor":12,"key":"Poison Potion"}],"is_trial":false,"path_per_floor":["M","?","M","$","M","E","M","R","T","E","?","M","?","M"],"character_chosen":"DEFECT","items_purchased":["Hologram"],"campfire_rested":1,"item_purchase_floors":[4],"current_hp_per_floor":[68,68,68,68,58,16,14,38,38,6,6,5,5,0],"gold":363,"neow_bonus":"TEN_PERCENT_HP_BONUS","is_prod":false,"is_daily":false,"chose_seed":false,"campfire_upgraded":0,"win_rate":0,"timestamp":1565324135,"path_taken":["M","?","M","?","M","E","?","R","T","E","?","M","?","M"],"build_version":"2019-07-17","purchased_purges":0,"victory":false,"max_hp_per_floor":[82,82,82,82,82,82,82,82,82,82,82,82,82,82],"card_choices":[{"not_picked":["Rebound","Tempest"],"picked":"Capacitor","floor":1.0},{"not_picked":["Redo","Rebound"],"picked":"Cold Snap","floor":3.0},{"not_picked":["Turbo","Double Energy"],"picked":"Scrape","floor":5.0},{"not_picked":["Genetic Algorithm","Barrage"],"picked":"Seek","floor":6.0},{"not_picked":["Ball Lightning","Barrage"],"picked":"Aggregate","floor":7.0},{"not_picked":["Stack","Melter"],"picked":"Fission","floor":10},{"not_picked":["Streamline","Rebound"],"picked":"Go for the Eyes","floor":12}],"player_experience":1091707,"relics_obtained":[{"floor":6.0,"key":"DataDisk"},{"floor":9.0,"key":"Frozen Egg 2"},{"floor":10,"key":"Blue Candle"}],"event_choices":[{"cards_removed":["Strike_B"],"damage_healed":0.0,"max_hp_gain":0.0,"max_hp_loss":0.0,"gold_gain":0.0,"event_name":"Wheel of Change","player_choice":"Card Removal","floor":2.0,"gold_loss":0.0,"damage_taken":0.0},{"damage_healed":0,"gold_gain":0,"player_choice":"Grow","damage_taken":0,"max_hp_gain":0,"max_hp_loss":0,"event_name":"Living Wall","floor":11,"gold_loss":0,"cards_upgraded":["Zap"]},{"damage_healed":0,"gold_gain":175,"player_choice":"AGREE","damage_taken":0,"max_hp_gain":0,"max_hp_loss":0,"event_name":"Liars Game","floor":13,"gold_loss":0,"cards_obtained":["Doubt"]}],"is_beta":false,"boss_relics":[],"items_purged_floors":[],"is_endless":false,"potions_floor_spawned":[3,7,12],"killed_by":"Lots of Slimes","ascension_level":11}