{"gold_per_floor":[117,192,205,216,216,246,265,295,346,357,97,97,128,144,144,245,245,265,540,391,407,69,69,89,117,117,117,17,28,28,45,45,148,148,158,258,258,258,25,25,58,72,98,149,149,162,162,194,194,194,194,194,40,66,66],"floor_reached":55,"playtime":13153,"items_purged":["Regret","Shame","Pain"],"score":1296,"play_id":"1f273eb6-efac-4769-86b9-6cb58b55b48c","local_time":"20190822142744","is_ascension_mode":true,"campfire_choices":[{"floor":12.0,"key":"REST"},{"floor":15.0,"key":"REST"},{"data":"Hologram","floor":23.0,"key":"SMITH"},{"data":"Zap","floor":32.0,"key":"SMITH"},{"data":"Scrape","floor":40.0,"key":"SMITH"},{"data":"1","floor":47.0,"key":"LIFT"},{"floor":49,"key":"RECALL"},{"data":"2","floor":52,"key":"LIFT"}],"neow_cost":"NONE","seed_source_timestamp":0,"circlet_count":0,"master_deck":["AscendersBane","Strike_B","Strike_B","Strike_B","Defend_B","Defend_B","Defend_B","Defend_B","Zap+1","Dualcast","Sunder","BootSequence","Undo","Turbo","Gash","Echo Form","Sunder","Skim","Auto Shields","Scrape+1","Loop+1","Echo Form+1","Self Repair+1","Self Repair+1","Coolheaded","Hologram+1","Gash","Self Repair+1","Turbo+1","Reprogram","Biased Cognition+1","Skim+1","Chaos+1","Loop+1","Go for the Eyes","Consume+1","Defragment+1","Turbo+1","Madness","The Bomb","Secret Technique","Defragment+1","Melter","Skim","Seek"],"special_seed":0,"relics":["FrozenCore","Mercury Hourglass","Singing Bowl","Potion Belt","Happy Flower","Pen Nib","Frozen Egg 2","Nuclear Battery","Thread and Needle","Calipers","Bottled Flame","Bag of Preparation","Du-Vu Doll","WarpedTongs","DataDisk","Girya","Letter Opener","Bag of Marbles"],"potions_floor_usage":[50,50,54,55],"damage_taken":[{"damage":2.0,"enemies":"Jaw Worm","floor":1.0,"turns":4.0},{"damage":6.0,"enemies":"Cultist","floor":3.0,"turns":3.0},{"damage":0.0,"enemies":"Small Slimes","floor":4.0,"turns":3.0},{"damage":10.0,"enemies":"3 Sentries","floor":6.0,"turns":5.0},{"damage":1.0,"enemies":"Exordium Thugs","floor":7.0,"turns":5.0},{"damage":26.0,"enemies":"Gremlin Nob","floor":8.0,"turns":4.0},{"damage":0.0,"enemies":"2 Fungi Beasts","floor":10.0,"turns":2.0},{"damage":4.0,"enemies":"3 Sentries","floor":13.0,"turns":6.0},{"damage":3.0,"enemies":"Large Slime","floor":14.0,"turns":6.0},{"damage":30.0,"enemies":"Hexaghost","floor":16.0,"turns":8.0},{"damage":21.0,"enemies":"3 Byrds","floor":18.0,"turns":4.0},{"damage":33.0,"enemies":"Spheric Guardian","floor":21.0,"turns":5.0},{"damage":21.0,"enemies":"3 Cultists","floor":24.0,"turns":5.0},{"damage":13.0,"enemies":"Book of Stabbing","floor":25.0,"turns":6.0},{"damage":8.0,"enemies":"Snecko","floor":29.0,"turns":5.0},{"damage":28.0,"enemies":"Centurion and Healer","floor":31.0,"turns":6.0},{"damage":41.0,"enemies":"Automaton","floor":33.0,"turns":9.0},{"damage":13.0,"enemies":"3 Shapes","floor":35.0,"turns":3.0},{"damage":2.0,"enemies":"Mind Bloom Boss Battle","floor":36.0,"turns":7.0},{"damage":25.0,"enemies":"Reptomancer","floor":41.0,"turns":5.0},{"damage":6.0,"enemies":"Orb Walker","floor":42.0,"turns":4.0},{"damage":17.0,"enemies":"2 Orb Walkers","floor":44.0,"turns":6.0},{"damage":6.0,"enemies":"3 Darklings","floor":46.0,"turns":4.0},{"damage":0.0,"enemies":"Nemesis","floor":48.0,"turns":7.0},{"damage":41,"enemies":"Time Eater","floor":50,"turns":10},{"damage":75,"enemies":"Shield and Spear","floor":54,"turns":7},{"damage":25,"enemies":"The Heart","floor":55,"turns":12}],"seed_played":"3014994968659757174","potions_obtained":[{"floor":1.0,"key":"FocusPotion"},{"floor":4.0,"key":"Fire Potion"},{"floor":7.0,"key":"Energy Potion"},{"floor":8.0,"key":"FearPotion"},{"floor":16.0,"key":"AttackPotion"},{"floor":18.0,"key":"Energy Potion"},{"floor":24.0,"key":"EssenceOfSteel"},{"floor":31.0,"key":"PowerPotion"},{"floor":33.0,"key":"Strength Potion"},{"floor":44.0,"key":"Swift Potion"},{"floor":46.0,"key":"Block Potion"},{"floor":48.0,"key":"Fruit Juice"}],"is_trial":false,"path_per_floor":["M","?","M","M","?","E","M","E","T","M","$","R","E","M","R","B",null,"M","?","$","M","$","R","M","E","T","?","$","M","?","M","R","B",null,"M","?","?","?","$","R","E","M","T","?","?","M","R","E","R","B",null,"R","$","E","B"],"character_chosen":"DEFECT","items_purchased":["Pen Nib","Skim","Auto Shields","Self Repair+1","Thread and Needle","Hologram","Loop+1","Go for the Eyes","Melter","Skim","Dexterity Potion"],"campfire_rested":2,"item_purchase_floors":[11,11,11,20,22,22,39,39,53,53,53],"current_hp_per_floor":[66,59,53,53,53,43,42,16,16,16,16,38,34,31,53,23,62,41,41,41,28,28,28,27,34,34,34,34,56,75,75,75,44,67,64,75,75,75,75,75,75,75,75,75,65,77,77,82,82,71,79,79,79,24,0],"gold":66,"neow_bonus":"TRANSFORM_CARD","is_prod":false,"is_daily":false,"chose_seed":false,"campfire_upgraded":3,"win_rate":0,"timestamp":1566498464,"path_taken":["M","?","?","M","?","E","?","E","T","M","?","R","E","M","R","BOSS","M","?","?","M","$","R","M","E","T","?","$","M","?","?","R","BOSS","M","?","?","?","$","R","E","?","T","?","?","M","R","E","R","BOSS","R","$","E","BOSS"],"build_version":"2019-07-17","purchased_purges":3,"victory":false,"max_hp_per_floor":[75,75,75,75,75,75,75,75,75,75,75,75,75,75,75,75,75,75,75,75,75,75,75,75,75,75,75,75,75,75,75,75,75,75,75,75,75,75,75,75,75,75,75,75,75,77,77,82,82,82,82,82,82,82,82],"card_choices":[{"not_picked":["Doom and Gloom","Compile Driver"],"picked":"BootSequence","floor":1.0},{"not_picked":["Leap","Conserve Battery"],"picked":"Undo","floor":3.0},{"not_picked":["Sweeping Beam","Streamline"],"picked":"Turbo","floor":4.0},{"not_picked":["Storm","Hyperbeam"],"picked":"Recycle","floor":6.0},{"not_picked":["Storm","Go for the Eyes"],"picked":"Gash","floor":7.0},{"not_picked":["Leap","Rebound"],"picked":"Echo Form","floor":8.0},{"not_picked":["Stack","Barrage"],"picked":"Sunder","floor":10.0},{"not_picked":["Sweeping Beam","Ball Lightning"],"picked":"Scrape","floor":13.0},{"not_picked":["FTL","Steam"],"picked":"Loop+1","floor":14.0},{"not_picked":["Hyperbeam","Rainbow"],"picked":"Echo Form+1","floor":16.0},{"not_picked":["Capacitor+1","Ball Lightning+1"],"picked":"Self Repair+1","floor":18.0},{"not_picked":["Skim","Force Field"],"picked":"Coolheaded","floor":21.0},{"not_picked":["Streamline","Sweeping Beam"],"picked":"Gash","floor":24.0},{"not_picked":["Static Discharge+1","Stack"],"picked":"Self Repair+1","floor":25.0},{"not_picked":["BootSequence","Beam Cell"],"picked":"Turbo+1","floor":29.0},{"not_picked":["FTL","Rebound+1"],"picked":"Reprogram","floor":31.0},{"not_picked":["Echo Form+1","Electrodynamics+1"],"picked":"Biased Cognition+1","floor":33.0},{"not_picked":["Conserve Battery","Ball Lightning"],"picked":"Skim+1","floor":35.0},{"not_picked":["Melter+1","Ball Lightning"],"picked":"Chaos+1","floor":36.0},{"not_picked":["Machine Learning+1","Fusion"],"picked":"Consume+1","floor":41.0},{"not_picked":["Chill+1","Sweeping Beam"],"picked":"Defragment+1","floor":42.0},{"not_picked":["Auto Shields","Cold Snap+1"],"picked":"Turbo+1","floor":44.0},{"not_picked":["Impatience","PanicButton"],"picked":"Madness","floor":45.0},{"not_picked":["Panache+1","Dramatic Entrance"],"picked":"The Bomb","floor":45.0},{"not_picked":["Forethought","Deep Breath"],"picked":"Secret Technique","floor":45.0},{"not_picked":["Darkness+1","Streamline","Recycle"],"picked":"Singing Bowl","floor":46.0},{"not_picked":["Chill+1","Barrage+1"],"picked":"Defragment+1","floor":48.0},{"not_picked":["Compile Driver+1","Fusion+1"],"picked":"Seek","floor":54}],"player_experience":1166355,"relics_obtained":[{"floor":6.0,"key":"Singing Bowl"},{"floor":8.0,"key":"Potion Belt"},{"floor":9.0,"key":"Happy Flower"},{"floor":13.0,"key":"Frozen Egg 2"},{"floor":25.0,"key":"Calipers"},{"floor":26.0,"key":"Bottled Flame"},{"floor":36.0,"key":"Du-Vu Doll"},{"floor":41.0,"key":"DataDisk"},{"floor":44.0,"key":"Girya"},{"floor":48.0,"key":"Letter Opener"},{"floor":54,"key":"Bag of Marbles"}],"event_choices":[{"damage_healed":0.0,"max_hp_gain":0.0,"max_hp_loss":0.0,"gold_gain":75.0,"event_name":"FaceTrader","player_choice":"Touch","floor":2.0,"gold_loss":0.0,"damage_taken":7.0},{"damage_healed":0.0,"max_hp_gain":0.0,"max_hp_loss":0.0,"gold_gain":0.0,"event_name":"WeMeetAgain","player_choice":"Gave Potion","floor":5.0,"gold_loss":0.0,"damage_taken":0.0,"relics_obtained":["Mercury Hourglass"]},{"damage_healed":0.0,"max_hp_gain":0.0,"max_hp_loss":0.0,"gold_gain":275.0,"event_name":"Golden Shrine","player_choice":"Desecrate","floor":19.0,"gold_loss":0.0,"damage_taken":0.0,"cards_obtained":["Regret"]},{"damage_healed":0.0,"max_hp_gain":0.0,"max_hp_loss":0.0,"gold_gain":0.0,"event_name":"Addict","player_choice":"Stole Relic","floor":27.0,"gold_loss":0.0,"damage_taken":0.0,"relics_obtained":["Bag of Preparation"],"cards_obtained":["Shame"]},{"cards_removed":["Recycle"],"damage_healed":19.0,"max_hp_gain":0.0,"max_hp_loss":0.0,"gold_gain":0.0,"event_name":"Bonfire Elementals","player_choice":"Offered Uncommon","floor":30.0,"gold_loss":0.0,"damage_taken":0.0},{"damage_healed":0.0,"max_hp_gain":0.0,"max_hp_loss":0.0,"gold_gain":0.0,"event_name":"MindBloom","player_choice":"Fight","floor":36.0,"gold_loss":0.0,"damage_taken":0.0},{"damage_healed":0.0,"max_hp_gain":0.0,"max_hp_loss":0.0,"gold_gain":0.0,"event_name":"Tomb of Lord Red Mask","player_choice":"Ignored","floor":37.0,"gold_loss":0.0,"damage_taken":0.0},{"damage_healed":0.0,"max_hp_gain":0.0,"max_hp_loss":0.0,"gold_gain":0.0,"event_name":"Accursed Blacksmith","player_choice":"Rummage","floor":38.0,"gold_loss":0.0,"damage_taken":0.0,"relics_obtained":["WarpedTongs"],"cards_obtained":["Pain"]},{"damage_healed":0.0,"max_hp_gain":0.0,"max_hp_loss":0.0,"gold_gain":0.0,"event_name":"Mysterious Sphere","player_choice":"Fight","floor":44.0,"gold_loss":0.0,"damage_taken":0.0},{"damage_healed":0.0,"max_hp_gain":0.0,"max_hp_loss":0.0,"gold_gain":0.0,"event_name":"SensoryStone","player_choice":"Memory 3","floor":45.0,"gold_loss":0.0,"damage_taken":10.0}],"is_beta":false,"boss_relics":[{"not_picked":["Pandora\u0027s Box","Velvet Choker"],"picked":"Nuclear Battery"},{"not_picked":["Eternal Feather","Inserter"],"picked":"FrozenCore"}],"items_purged_floors":[20,28,39],"is_endless":false,"potions_floor_spawned":[1,4,7,8,16,18,24,31,33,44,46,48],"killed_by":"The Heart","ascension_level":11}