{"gold_per_floor":[115,115,190,190,205,235,235,254,254,254,215,250,16,46,46,148,148,167,179,194,26,26,26],"floor_reached":23,"playtime":1760,"items_purged":["Strike_B","Strike_B"],"score":372,"play_id":"9346acea-3941-4a7e-be49-5c6d07730b2c","local_time":"20190711142138","is_ascension_mode":true,"campfire_choices":[{"data":"Self Repair","floor":7,"key":"SMITH"},{"data":"Redo","floor":10,"key":"SMITH"},{"floor":15,"key":"REST"}],"neow_cost":"NONE","seed_source_timestamp":539091712955552,"circlet_count":0,"master_deck":["Defend_B","Defend_B","Defend_B","Defend_B","Zap","Dualcast","Meteor Strike","Self Repair+1","Loop","Doom and Gloom","Redo+1","Loop","White Noise","Multi-Cast","Cold Snap","Echo Form","Redo","Glacier","Redo","Capacitor","Bite","Bite","Bite","Bite","Bite"],"relics":["Cracked Core","Incense Burner","Sundial","Bag of Preparation","Centennial Puzzle","Philosopher\u0027s Stone"],"potions_floor_usage":[6,16,18,18,23],"damage_taken":[{"damage":0,"enemies":"Small Slimes","floor":1,"turns":4},{"damage":8,"enemies":"2 Louse","floor":5,"turns":3},{"damage":33,"enemies":"3 Sentries","floor":6,"turns":9},{"damage":1,"enemies":"Cultist","floor":8,"turns":3},{"damage":9,"enemies":"Gremlin Nob","floor":12,"turns":4},{"damage":35,"enemies":"Lagavulin","floor":14,"turns":5},{"damage":0,"enemies":"Slime Boss","floor":16,"turns":5},{"damage":34,"enemies":"3 Byrds","floor":18,"turns":5},{"damage":24,"enemies":"2 Thieves","floor":19,"turns":3},{"damage":24,"enemies":"Snake Plant","floor":20,"turns":4},{"damage":8,"enemies":"Book of Stabbing","floor":23,"turns":2}],"seed_played":"2531269150691112201","potions_obtained":[{"floor":1,"key":"SteroidPotion"},{"floor":5,"key":"Dexterity Potion"},{"floor":8,"key":"Explosive Potion"},{"floor":14,"key":"GamblersBrew"},{"floor":16,"key":"FearPotion"},{"floor":18,"key":"FearPotion"},{"floor":20,"key":"PowerPotion"}],"is_trial":false,"path_per_floor":["M","?","?","?","M","E","R","M","T","R","$","E","$","E","R","B",null,"M","M","M","$","?","E"],"character_chosen":"DEFECT","items_purchased":["Loop","Multi-Cast","Capacitor"],"campfire_rested":1,"item_purchase_floors":[11,13,21],"current_hp_per_floor":[68,65,54,54,53,27,27,36,36,36,36,37,37,12,34,34,65,41,27,3,3,3,0],"gold":26,"neow_bonus":"ONE_RANDOM_RARE_CARD","is_prod":false,"is_daily":false,"chose_seed":true,"campfire_upgraded":2,"win_rate":0,"timestamp":1562869298,"path_taken":["M","?","?","?","M","E","R","M","T","R","$","E","$","E","R","BOSS","M","?","M","$","?","E"],"build_version":"2019-07-05","purchased_purges":2,"victory":false,"max_hp_per_floor":[75,75,75,75,75,75,75,75,75,75,75,75,75,75,75,75,75,75,75,75,75,52,52],"card_choices":[{"not_picked":["Gash","Barrage"],"picked":"Self Repair","floor":1},{"not_picked":["Go for the Eyes","Double Energy"],"picked":"Loop","floor":5},{"not_picked":["Compile Driver","Storm"],"picked":"Doom and Gloom","floor":6},{"not_picked":["Sweeping Beam","Capacitor"],"picked":"Redo","floor":8},{"not_picked":["Chaos","Double Energy"],"picked":"White Noise","floor":12},{"not_picked":["Go for the Eyes","Rebound"],"picked":"Cold Snap","floor":14},{"not_picked":["Thunder Strike","Meteor Strike"],"picked":"Echo Form","floor":16},{"not_picked":["Hologram","Sweeping Beam+1"],"picked":"Redo","floor":18},{"not_picked":["Beam Cell+1","Consume"],"picked":"Glacier","floor":19},{"not_picked":["Blizzard+1","Gash+1"],"picked":"Redo","floor":20}],"player_experience":872162,"relics_obtained":[{"floor":6,"key":"Sundial"},{"floor":12,"key":"Bag of Preparation"},{"floor":14,"key":"Centennial Puzzle"}],"event_choices":[{"damage_healed":0,"gold_gain":0,"player_choice":"Success","damage_taken":3,"relics_obtained":["Incense Burner"],"max_hp_gain":0,"max_hp_loss":0,"event_name":"Scrap Ooze","floor":2,"gold_loss":0},{"damage_healed":0,"gold_gain":75,"player_choice":"Gather Gold","damage_taken":11,"max_hp_gain":0,"max_hp_loss":0,"event_name":"World of Goop","floor":3,"gold_loss":0},{"cards_removed":["Strike_B"],"damage_healed":0,"gold_gain":0,"player_choice":"Offered Basic","damage_taken":0,"max_hp_gain":0,"max_hp_loss":0,"event_name":"Bonfire Elementals","floor":4,"gold_loss":0},{"damage_healed":0,"gold_gain":0,"player_choice":"Became a vampire","damage_taken":0,"max_hp_gain":0,"max_hp_loss":23,"event_name":"Vampires","floor":22,"gold_loss":0,"cards_obtained":["Bite","Bite","Bite","Bite","Bite"]}],"is_beta":false,"boss_relics":[{"not_picked":["Tiny House","Busted Crown"],"picked":"Philosopher\u0027s Stone"}],"items_purged_floors":[13,21],"is_endless":false,"potions_floor_spawned":[1,5,8,14,16,18,20],"killed_by":"Book of Stabbing","ascension_level":7}