{"gold_per_floor":[109,109,21,33,208,241,241,254,281,297,2,2,30,49,49,49],"floor_reached":16,"playtime":681,"items_purged":[],"score":185,"play_id":"39febf22-eee1-4122-baf7-c35e18601249","local_time":"20190809083438","is_ascension_mode":false,"campfire_choices":[{"data":"Zap","floor":7,"key":"SMITH"},{"data":"Madness","floor":15,"key":"SMITH"}],"neow_cost":"NONE","seed_source_timestamp":227420510817351,"circlet_count":0,"master_deck":["Strike_B","Strike_B","Strike_B","Strike_B","Defend_B","Defend_B","Defend_B","Defend_B","Zap+1","Dualcast","Go for the Eyes","Scrape","Gash","All For One","Doubt","Heatsinks","Gash","Capacitor","Madness+1","Gash","Regret","Self Repair"],"relics":["Cracked Core","NeowsBlessing","Lantern","DataDisk","Juzu Bracelet","Orichalcum","Boot","Mercury Hourglass"],"potions_floor_usage":[13,16,16,16],"damage_taken":[{"damage":0,"enemies":"Jaw Worm","floor":1,"turns":1},{"damage":0,"enemies":"Small Slimes","floor":4,"turns":1},{"damage":0,"enemies":"3 Sentries","floor":6,"turns":1},{"damage":0,"enemies":"2 Louse","floor":8,"turns":2},{"damage":2,"enemies":"Blue Slaver","floor":10,"turns":3},{"damage":24,"enemies":"Lagavulin","floor":13,"turns":6},{"damage":0,"enemies":"Exordium Thugs","floor":14,"turns":2}],"seed_played":"7301435584482073239","potions_obtained":[{"floor":4,"key":"Strength Potion"},{"floor":6,"key":"Fire Potion"},{"floor":8,"key":"AttackPotion"},{"floor":13,"key":"SteroidPotion"}],"is_trial":false,"path_per_floor":["M","?","$","M","?","E","R","M","T","M","$","?","E","M","R","B"],"character_chosen":"DEFECT","items_purchased":["Scrape","Gash","Madness","Gash","Orichalcum"],"campfire_rested":0,"item_purchase_floors":[3,3,11,11,11],"current_hp_per_floor":[75,63,63,63,63,63,63,63,63,61,61,61,37,37,37,0],"gold":49,"neow_bonus":"THREE_ENEMY_KILL","is_prod":false,"is_daily":false,"chose_seed":false,"campfire_upgraded":2,"win_rate":0,"timestamp":1565354078,"path_taken":["M","?","$","M","?","E","R","M","T","M","$","?","E","M","R","BOSS"],"build_version":"2019-07-17","purchased_purges":0,"victory":false,"max_hp_per_floor":[75,75,75,75,75,75,75,75,75,75,75,75,75,75,75,75],"card_choices":[{"not_picked":["Cold Snap","Hello World"],"picked":"Go for the Eyes","floor":1},{"not_picked":["Sweeping Beam","Capacitor"],"picked":"All For One","floor":4},{"not_picked":["Chaos","Doom and Gloom"],"picked":"Heatsinks","floor":6},{"not_picked":["Sweeping Beam","BootSequence"],"picked":"Gash","floor":8},{"not_picked":["Stack","Tempest"],"picked":"Capacitor","floor":10},{"not_picked":["Stack","Rip and Tear"],"picked":"Self Repair","floor":13},{"not_picked":["Blizzard","Barrage","Cold Snap"],"picked":"SKIP","floor":14}],"player_experience":1093218,"relics_obtained":[{"floor":6,"key":"DataDisk"},{"floor":9,"key":"Juzu Bracelet"},{"floor":13,"key":"Mercury Hourglass"}],"event_choices":[{"damage_healed":0,"gold_gain":0,"player_choice":"Success","damage_taken":12,"relics_obtained":["Lantern"],"max_hp_gain":0,"max_hp_loss":0,"event_name":"Scrap Ooze","floor":2,"gold_loss":0},{"damage_healed":0,"gold_gain":175,"player_choice":"AGREE","damage_taken":0,"max_hp_gain":0,"max_hp_loss":0,"event_name":"Liars Game","floor":5,"gold_loss":0,"cards_obtained":["Doubt"]},{"damage_healed":0,"gold_gain":0,"player_choice":"Box","damage_taken":0,"relics_obtained":["Boot"],"max_hp_gain":0,"max_hp_loss":0,"event_name":"Big Fish","floor":12,"gold_loss":0,"cards_obtained":["Regret"]}],"is_beta":false,"boss_relics":[],"items_purged_floors":[],"is_endless":false,"potions_floor_spawned":[4,6,8,13],"killed_by":"The Guardian","ascension_level":0}