{"gold_per_floor":[110,128,142,317,317,350,20,41,41,41,41,71,71,81,81,181,181,196,471,488,488],"floor_reached":21,"playtime":7477,"items_purged":[],"score":271,"play_id":"2d0e16a1-2d99-4cf3-b6ee-732966a1ff09","local_time":"20190731071123","is_ascension_mode":true,"campfire_choices":[{"floor":10.0,"key":"REST"},{"data":"Fusion","floor":13.0,"key":"SMITH"},{"floor":15.0,"key":"REST"}],"neow_cost":"NONE","seed_source_timestamp":0,"circlet_count":0,"master_deck":["Strike_B","Strike_B","Strike_B","Strike_B","Defend_B","Defend_B","Defend_B","Defend_B","Zap","Dualcast","Doom and Gloom","Conserve Battery","Redo","Doubt","Regret","Creative AI","Heatsinks","Forethought","Steam","Fusion+1","Redo","Beam Cell","Multi-Cast","Beam Cell+1","Regret","Fission"],"special_seed":0,"relics":["FrozenCore","Blue Candle","Regal Pillow","Blood Vial","Odd Mushroom","Question Card","Shuriken","Bottled Lightning"],"potions_floor_usage":[],"damage_taken":[{"damage":1.0,"enemies":"2 Louse","floor":1.0,"turns":2.0},{"damage":2.0,"enemies":"Jaw Worm","floor":2.0,"turns":3.0},{"damage":1.0,"enemies":"Cultist","floor":3.0,"turns":3.0},{"damage":20.0,"enemies":"3 Sentries","floor":6.0,"turns":6.0},{"damage":33.0,"enemies":"The Mushroom Lair","floor":8.0,"turns":4.0},{"damage":15.0,"enemies":"Lagavulin","floor":12.0,"turns":8.0},{"damage":20.0,"enemies":"Blue Slaver","floor":14.0,"turns":4.0},{"damage":43.0,"enemies":"Slime Boss","floor":16.0,"turns":9.0},{"damage":38.0,"enemies":"Spheric Guardian","floor":18.0,"turns":7.0},{"damage":17,"enemies":"Chosen","floor":20,"turns":5},{"damage":25,"enemies":"Shelled Parasite and Fungi","floor":21,"turns":2}],"seed_played":"-8763986546119046969","potions_obtained":[{"floor":1.0,"key":"SteroidPotion"},{"floor":6.0,"key":"Regen Potion"},{"floor":12.0,"key":"SkillPotion"},{"floor":20,"key":"EssenceOfSteel"}],"is_trial":false,"path_per_floor":["M","M","M","?","?","E","$","?","T","R","T","E","R","M","R","B",null,"M","?","M","M"],"character_chosen":"DEFECT","items_purchased":["Heatsinks","Blood Vial","Forethought","Steam"],"campfire_rested":2,"item_purchase_floors":[7,7,7,7],"current_hp_per_floor":[74,72,71,71,71,51,51,20,20,59,59,46,46,28,67,41,72,36,36,21,0],"gold":488,"neow_bonus":"TEN_PERCENT_HP_BONUS","is_prod":false,"is_daily":false,"chose_seed":false,"campfire_upgraded":1,"win_rate":0,"timestamp":1564571483,"path_taken":["M","M","M","?","?","E","$","?","T","R","?","E","R","?","R","BOSS","M","?","?","M"],"build_version":"2019-07-17","purchased_purges":0,"victory":false,"max_hp_per_floor":[82,82,82,82,82,82,82,82,82,82,82,82,82,82,82,82,82,82,82,82,82],"card_choices":[{"not_picked":["Storm","Stack"],"picked":"Doom and Gloom","floor":1.0},{"not_picked":["Static Discharge","Aggregate"],"picked":"Conserve Battery","floor":2.0},{"not_picked":["Beam Cell","Conserve Battery"],"picked":"Redo","floor":3.0},{"not_picked":["FTL","Streamline"],"picked":"Creative AI","floor":6.0},{"not_picked":["Gash","Capacitor"],"picked":"Fusion","floor":8.0},{"not_picked":["Cold Snap","Melter","Steam"],"picked":"Redo","floor":12.0},{"not_picked":["Rebound","Core Surge","Double Energy"],"picked":"Beam Cell","floor":14.0},{"not_picked":["Fission","Buffer","Machine Learning"],"picked":"Multi-Cast","floor":16.0},{"not_picked":["Steam","Redo+1","Stack+1"],"picked":"Beam Cell+1","floor":18.0},{"not_picked":["Turbo","Cold Snap","Barrage"],"picked":"Fission","floor":20}],"player_experience":1020628,"relics_obtained":[{"floor":6.0,"key":"Regal Pillow"},{"floor":8.0,"key":"Odd Mushroom"},{"floor":9.0,"key":"Question Card"},{"floor":11.0,"key":"Shuriken"},{"floor":12.0,"key":"Bottled Lightning"}],"event_choices":[{"damage_healed":0.0,"max_hp_gain":0.0,"max_hp_loss":0.0,"gold_gain":175.0,"event_name":"Liars Game","player_choice":"AGREE","floor":4.0,"gold_loss":0.0,"damage_taken":0.0,"cards_obtained":["Doubt"]},{"damage_healed":0.0,"max_hp_gain":0.0,"max_hp_loss":0.0,"gold_gain":0.0,"event_name":"Big Fish","player_choice":"Box","floor":5.0,"gold_loss":0.0,"damage_taken":0.0,"relics_obtained":["Blue Candle"],"cards_obtained":["Regret"]},{"damage_healed":0.0,"max_hp_gain":0.0,"max_hp_loss":0.0,"gold_gain":0.0,"event_name":"Mushrooms","player_choice":"Fought Mushrooms","floor":8.0,"gold_loss":0.0,"damage_taken":0.0},{"damage_healed":0.0,"max_hp_gain":0.0,"max_hp_loss":0.0,"gold_gain":275.0,"event_name":"Golden Shrine","player_choice":"Desecrate","floor":19.0,"gold_loss":0.0,"damage_taken":0.0,"cards_obtained":["Regret"]}],"is_beta":false,"boss_relics":[{"not_picked":["Nuclear Battery","Busted Crown"],"picked":"FrozenCore"}],"items_purged_floors":[],"is_endless":false,"potions_floor_spawned":[1,6,12,20],"killed_by":"Shelled Parasite and Fungi","ascension_level":9}