{"gold_per_floor":[115,128,128,148,223,262,277,318,369,404,404,423,378],"floor_reached":13,"playtime":975,"items_purged":[],"score":152,"play_id":"73c8506b-1acc-4e4f-8983-e418352d0344","local_time":"20190722142303","is_ascension_mode":true,"campfire_choices":[{"floor":11.0,"key":"REST"}],"neow_cost":"NONE","seed_source_timestamp":0,"circlet_count":0,"master_deck":["Strike_B","Strike_B","Strike_B","Strike_B","Defend_B","Defend_B","Defend_B","Defend_B","Zap","Dualcast","Creative AI","Turbo","Sunder","Injury","Auto Shields","Coolheaded","Barrage","Conserve Battery","Rebound","Buffer"],"special_seed":0,"relics":["Cracked Core","Golden Idol","Darkstone Periapt","Bottled Lightning","Oddly Smooth Stone"],"potions_floor_usage":[],"damage_taken":[{"damage":6.0,"enemies":"Cultist","floor":1.0,"turns":3.0},{"damage":3.0,"enemies":"Small Slimes","floor":2.0,"turns":4.0},{"damage":0.0,"enemies":"2 Louse","floor":4.0,"turns":2.0},{"damage":42.0,"enemies":"Lagavulin","floor":6.0,"turns":9.0},{"damage":0.0,"enemies":"2 Fungi Beasts","floor":7.0,"turns":2.0},{"damage":8.0,"enemies":"3 Sentries","floor":8.0,"turns":4.0},{"damage":1.0,"enemies":"Gremlin Nob","floor":10.0,"turns":3.0},{"damage":14,"enemies":"Exordium Wildlife","floor":12,"turns":5},{"damage":12,"enemies":"Looter","floor":13,"turns":3}],"seed_played":"-8572742729414171860","potions_obtained":[{"floor":1.0,"key":"AttackPotion"},{"floor":2.0,"key":"SmokeBomb"},{"floor":6.0,"key":"Fire Potion"},{"floor":10.0,"key":"Swift Potion"}],"is_trial":false,"path_per_floor":["M","M","?","M","?","E","M","E","T","E","R","M","M"],"character_chosen":"DEFECT","items_purchased":[],"campfire_rested":1,"item_purchase_floors":[],"current_hp_per_floor":[62,59,59,59,52,10,10,2,2,1,23,9,0],"gold":378,"neow_bonus":"ONE_RANDOM_RARE_CARD","is_prod":false,"is_daily":false,"chose_seed":false,"campfire_upgraded":0,"win_rate":0,"timestamp":1563819783,"path_taken":["M","?","?","M","?","E","M","E","T","E","R","?","M"],"build_version":"2019-07-17","purchased_purges":0,"victory":false,"max_hp_per_floor":[75,75,75,75,75,75,75,75,75,75,75,75,75],"card_choices":[{"not_picked":["White Noise","Melter"],"picked":"Turbo","floor":1.0},{"not_picked":["Reinforced Body","Stack"],"picked":"Sunder","floor":2.0},{"not_picked":["Cold Snap","Conserve Battery"],"picked":"Auto Shields","floor":4.0},{"not_picked":["Aggregate","Blizzard"],"picked":"Coolheaded","floor":6.0},{"not_picked":["Streamline","Stack"],"picked":"Barrage","floor":7.0},{"not_picked":["Leap","Double Energy"],"picked":"Conserve Battery","floor":8.0},{"not_picked":["Storm","Streamline"],"picked":"Rebound","floor":10.0},{"not_picked":["Lockon","Conserve Battery"],"picked":"Buffer","floor":12}],"player_experience":1019282,"relics_obtained":[{"floor":6.0,"key":"Darkstone Periapt"},{"floor":8.0,"key":"Bottled Lightning"},{"floor":10.0,"key":"Oddly Smooth Stone"}],"event_choices":[{"damage_healed":0.0,"max_hp_gain":0.0,"max_hp_loss":0.0,"gold_gain":0.0,"event_name":"Golden Idol","player_choice":"Take Wound","floor":3.0,"gold_loss":0.0,"damage_taken":0.0,"relics_obtained":["Golden Idol"],"cards_obtained":["Injury"]},{"damage_healed":0.0,"max_hp_gain":0.0,"max_hp_loss":0.0,"gold_gain":75.0,"event_name":"FaceTrader","player_choice":"Touch","floor":5.0,"gold_loss":0.0,"damage_taken":7.0}],"is_beta":false,"boss_relics":[],"items_purged_floors":[],"is_endless":false,"potions_floor_spawned":[1,2,6,10],"killed_by":"Looter","ascension_level":9}