{"gold_per_floor":[118,136,146,156,175,203,203,213,213,238,256,17,17,35,35,132,132,147,159,159,179,196,225,225,259,259,259,270,38,38,63,63,165,165,184,13,0,100,110,135,135,161,187,199,199,216,244,244,244,244],"floor_reached":50,"playtime":5768,"items_purged":[],"score":659,"play_id":"6a264f05-9d5d-4906-8add-ef6602024ea0","local_time":"20191020233441","is_ascension_mode":false,"campfire_choices":[{"data":"Wraith Form v2","floor":7,"key":"SMITH"},{"data":"Skewer","floor":13,"key":"SMITH"},{"data":"Bullet Time","floor":15,"key":"SMITH"},{"data":"Infinite Blades","floor":24,"key":"SMITH"},{"floor":27,"key":"REST"},{"floor":30,"key":"REST"},{"floor":32,"key":"REST"},{"data":"Infinite Blades","floor":41,"key":"SMITH"},{"data":"A Thousand Cuts","floor":45,"key":"SMITH"},{"data":"Panache","floor":49,"key":"SMITH"}],"neow_cost":"NONE","seed_source_timestamp":127770123994700,"circlet_count":0,"master_deck":["Strike_G","Strike_G","Strike_G","Strike_G","Strike_G","Defend_G","Defend_G","Defend_G","Defend_G+1","Defend_G","Survivor","Neutralize","Wraith Form v2+1","Dagger Throw","Dagger Throw","Dagger Throw","Deadly Poison","Flying Knee+1","Acrobatics+1","Bullet Time+1","Outmaneuver","Quick Slash","Dagger Spray+1","Skewer+1","Sucker Punch","Night Terror","Infinite Blades+1","Sucker Punch+1","Infinite Blades+1","Dagger Throw","Riddle With Holes","Adrenaline","Underhanded Strike+1","Prepared+1","A Thousand Cuts+1","Venomology+1","Bouncing Flask+1","Tools of the Trade","Quick Slash+1","Mind Blast","Infinite Blades+1","Blade Dance+1","Flying Knee","Acrobatics+1","Bullet Time+1","Dagger Spray","Flying Knee+1","Dash+1","Finisher","Panache+1","Chrysalis+1","Finesse+1"],"relics":["Ring of the Snake","Ninja Scroll","Darkstone Periapt","Bronze Scales","Bag of Marbles","Snecko Eye","Peace Pipe","Kunai","Toxic Egg 2","Dream Catcher","War Paint","Coffee Dripper","Red Mask","Bird Faced Urn","Whetstone","Boot","Juzu Bracelet","Incense Burner"],"potions_floor_usage":[10,16,16,16,38,42,46,50,50],"damage_taken":[{"damage":2,"enemies":"2 Louse","floor":1,"turns":4},{"damage":1,"enemies":"Jaw Worm","floor":2,"turns":4},{"damage":0,"enemies":"Small Slimes","floor":3,"turns":4},{"damage":1,"enemies":"2 Fungi Beasts","floor":4,"turns":5},{"damage":1,"enemies":"Red Slaver","floor":5,"turns":3},{"damage":14,"enemies":"Gremlin Nob","floor":6,"turns":4},{"damage":2,"enemies":"Exordium Thugs","floor":8,"turns":4},{"damage":1,"enemies":"Lagavulin","floor":10,"turns":5},{"damage":1,"enemies":"Exordium Wildlife","floor":11,"turns":4},{"damage":0,"enemies":"3 Louse","floor":14,"turns":1},{"damage":44,"enemies":"The Guardian","floor":16,"turns":8},{"damage":7,"enemies":"3 Byrds","floor":18,"turns":3},{"damage":1,"enemies":"Chosen","floor":19,"turns":3},{"damage":0,"enemies":"Snecko","floor":21,"turns":3},{"damage":0,"enemies":"3 Cultists","floor":22,"turns":3},{"damage":16,"enemies":"Book of Stabbing","floor":23,"turns":5},{"damage":35,"enemies":"Slavers","floor":25,"turns":4},{"damage":24,"enemies":"Snake Plant","floor":28,"turns":4},{"damage":7,"enemies":"Champ","floor":33,"turns":10},{"damage":3,"enemies":"3 Darklings","floor":35,"turns":4},{"damage":11,"enemies":"Mind Bloom Boss Battle","floor":38,"turns":7},{"damage":6,"enemies":"3 Shapes","floor":39,"turns":2},{"damage":8,"enemies":"Reptomancer","floor":40,"turns":5},{"damage":7,"enemies":"Giant Head","floor":42,"turns":8},{"damage":18,"enemies":"Spire Growth","floor":44,"turns":3},{"damage":6,"enemies":"3 Darklings","floor":46,"turns":2},{"damage":7,"enemies":"Reptomancer","floor":47,"turns":2},{"damage":65,"enemies":"Awakened One","floor":50,"turns":4}],"seed_played":"-7723842158306572741","potions_obtained":[{"floor":2,"key":"SkillPotion"},{"floor":3,"key":"GhostInAJar"},{"floor":5,"key":"Weak Potion"},{"floor":14,"key":"Fire Potion"},{"floor":16,"key":"Energy Potion"},{"floor":18,"key":"Ancient Potion"},{"floor":19,"key":"Explosive Potion"},{"floor":23,"key":"Energy Potion"},{"floor":33,"key":"FearPotion"},{"floor":42,"key":"Regen Potion"}],"is_trial":false,"path_per_floor":["M","M","M","M","M","E","R","M","T","E","M","$","R","M","R","B",null,"M","M","?","M","M","E","R","E","T","R","M","$","R","T","R","B",null,"M","$","?","?","M","E","R","E","T","M","R","M","E","?","R","B"],"character_chosen":"THE_SILENT","items_purchased":["Bag of Marbles","Dagger Spray","Skewer","A Thousand Cuts","Dream Catcher","Mind Blast","Infinite Blades","Blade Dance+1"],"campfire_rested":3,"item_purchase_floors":[12,12,12,29,29,36,36,36],"current_hp_per_floor":[68,67,67,66,65,51,51,49,49,48,47,47,47,47,47,3,70,63,62,62,62,62,46,46,11,11,32,8,8,29,29,50,43,70,67,67,67,56,54,56,56,59,59,47,47,47,48,38,38,0],"gold":244,"neow_bonus":"ONE_RANDOM_RARE_CARD","is_prod":false,"is_daily":false,"chose_seed":false,"campfire_upgraded":7,"win_rate":0.0,"timestamp":1571628881,"path_taken":["M","M","M","M","M","E","R","M","T","E","M","$","R","M","R","BOSS","M","M","?","M","M","E","R","E","T","R","M","$","R","?","R","BOSS","M","$","?","?","M","E","R","E","T","M","R","M","E","?","R","BOSS"],"build_version":"2019-07-17","purchased_purges":0,"victory":false,"max_hp_per_floor":[70,70,70,70,70,70,70,70,70,70,70,70,70,70,70,70,70,70,70,70,70,70,70,70,70,70,70,70,70,70,70,70,70,70,70,70,70,70,70,70,70,70,70,70,70,70,70,70,70,70],"card_choices":[{"not_picked":["Sucker Punch","Calculated Gamble"],"picked":"Dagger Throw","floor":1},{"not_picked":["Heel Hook","Eviscerate"],"picked":"Dagger Throw","floor":2},{"not_picked":["Poisoned Stab","Flechettes"],"picked":"Dagger Throw","floor":3},{"not_picked":["Eviscerate","Riddle With Holes"],"picked":"Deadly Poison","floor":4},{"not_picked":["Blur","Deflect"],"picked":"Flying Knee","floor":5},{"not_picked":["Sucker Punch","Distraction"],"picked":"Acrobatics","floor":6},{"not_picked":["Dagger Throw","Slice"],"picked":"Bullet Time","floor":8},{"not_picked":["Deflect","Sucker Punch"],"picked":"Outmaneuver","floor":10},{"not_picked":["Backflip","Slice"],"picked":"Quick Slash","floor":11},{"not_picked":["Backflip","Footwork"],"picked":"Sucker Punch","floor":14},{"not_picked":["Die Die Die","Unload"],"picked":"Night Terror","floor":16},{"not_picked":["Reflex","Expertise"],"picked":"Infinite Blades+1","floor":18},{"not_picked":["Deflect","Dodge and Roll"],"picked":"Sucker Punch+1","floor":19},{"not_picked":["Deflect","PiercingWail"],"picked":"Dagger Throw","floor":21},{"not_picked":["Slice","Deflect"],"picked":"Riddle With Holes","floor":22},{"not_picked":["Deadly Poison","Expertise+1"],"picked":"Adrenaline","floor":23},{"not_picked":["Deflect","Slice"],"picked":"Underhanded Strike+1","floor":25},{"not_picked":["Outmaneuver+1","Sucker Punch"],"picked":"Prepared+1","floor":28},{"not_picked":["Slice","Flying Knee"],"picked":"Venomology+1","floor":30},{"not_picked":["Bane","Sucker Punch"],"picked":"Bouncing Flask+1","floor":32},{"not_picked":["Unload","Corpse Explosion+1"],"picked":"Tools of the Trade","floor":33},{"not_picked":["Bane","Flying Knee+1"],"picked":"Quick Slash+1","floor":35},{"not_picked":["Poisoned Stab","Slice"],"picked":"Flying Knee","floor":38},{"not_picked":["Dagger Throw+1","Backflip+1"],"picked":"Acrobatics+1","floor":39},{"not_picked":["Blade Dance+1","Quick Slash"],"picked":"Bullet Time+1","floor":40},{"not_picked":["Acrobatics+1","Backflip+1"],"picked":"Dagger Spray","floor":42},{"not_picked":["Bouncing Flask+1","Riddle With Holes"],"picked":"Flying Knee+1","floor":44},{"not_picked":["Bane","Glass Knife"],"picked":"Dash+1","floor":46},{"not_picked":["Bane","Predator+1"],"picked":"Finisher","floor":47},{"not_picked":["Purity+1","Trip+1"],"picked":"Panache","floor":48},{"not_picked":["HandOfGreed","Secret Technique+1"],"picked":"Chrysalis+1","floor":48},{"not_picked":["Discovery+1","Panacea+1"],"picked":"Finesse+1","floor":48}],"player_experience":29894,"relics_obtained":[{"floor":6,"key":"Ninja Scroll"},{"floor":9,"key":"Darkstone Periapt"},{"floor":10,"key":"Bronze Scales"},{"floor":23,"key":"Peace Pipe"},{"floor":25,"key":"Kunai"},{"floor":26,"key":"Toxic Egg 2"},{"floor":31,"key":"War Paint"},{"floor":38,"key":"Bird Faced Urn"},{"floor":40,"key":"Whetstone"},{"floor":42,"key":"Boot"},{"floor":43,"key":"Juzu Bracelet"},{"floor":47,"key":"Incense Burner"}],"event_choices":[{"damage_healed":0,"gold_gain":0,"player_choice":"Read","damage_taken":0,"max_hp_gain":0,"max_hp_loss":0,"event_name":"The Library","floor":20,"gold_loss":0,"cards_obtained":["Infinite Blades"]},{"damage_healed":0,"gold_gain":0,"player_choice":"Paid","damage_taken":0,"relics_obtained":["Red Mask"],"max_hp_gain":0,"max_hp_loss":0,"event_name":"Tomb of Lord Red Mask","floor":37,"gold_loss":13},{"damage_healed":0,"gold_gain":0,"player_choice":"Fight","damage_taken":0,"max_hp_gain":0,"max_hp_loss":0,"event_name":"MindBloom","floor":38,"gold_loss":0},{"damage_healed":0,"gold_gain":0,"player_choice":"Memory 3","damage_taken":10,"max_hp_gain":0,"max_hp_loss":0,"event_name":"SensoryStone","floor":48,"gold_loss":0}],"is_beta":false,"boss_relics":[{"not_picked":["Fusion Hammer","Ring of the Serpent"],"picked":"Snecko Eye"},{"not_picked":["Velvet Choker","Orrery"],"picked":"Coffee Dripper"}],"items_purged_floors":[],"is_endless":false,"potions_floor_spawned":[2,3,5,14,16,18,19,23,33,39,42,44],"killed_by":"Awakened One","ascension_level":0}