{"gold_per_floor":[110,110,129,142,109,109,136,136,212,212,231,231,242,272,272,272],"floor_reached":16,"playtime":1140,"items_purged":[],"score":127,"play_id":"75e491a0-f6c3-498b-bb44-012931b7046c","local_time":"20190607130735","is_ascension_mode":true,"campfire_choices":[{"data":"Dualcast","floor":6,"key":"SMITH"},{"floor":8,"key":"REST"},{"data":"Coolheaded","floor":12,"key":"SMITH"},{"floor":15,"key":"REST"}],"neow_cost":"NONE","seed_source_timestamp":328306862036618,"circlet_count":0,"master_deck":["Strike_B","Strike_B","Strike_B","Defend_B","Defend_B","Defend_B","Defend_B","Zap+1","Dualcast+1","Rebound","Recycle+1","Coolheaded+1","Chill","Steam","Steam Power","Hologram","Capacitor"],"relics":["Cracked Core","Bag of Preparation","Singing Bowl","Gremlin Horn"],"potions_floor_usage":[16,16],"damage_taken":[{"damage":3,"enemies":"2 Louse","floor":1,"turns":3},{"damage":3,"enemies":"Small Slimes","floor":3,"turns":2},{"damage":1,"enemies":"Cultist","floor":4,"turns":3},{"damage":39,"enemies":"Lagavulin","floor":7,"turns":9},{"damage":0,"enemies":"Gremlin Gang","floor":11,"turns":6},{"damage":8,"enemies":"Large Slime","floor":13,"turns":6},{"damage":18,"enemies":"Gremlin Nob","floor":14,"turns":4},{"damage":45,"enemies":"Slime Boss","floor":16,"turns":12}],"seed_played":"-9103062387755244787","potions_obtained":[{"floor":7,"key":"Energy Potion"},{"floor":11,"key":"Energy Potion"},{"floor":14,"key":"Fire Potion"}],"is_trial":false,"path_per_floor":["M","?","M","M","$","R","E","R","T","?","M","R","M","E","R","B"],"character_chosen":"DEFECT","items_purchased":["Chill"],"campfire_rested":2,"item_purchase_floors":[5],"current_hp_per_floor":[72,65,62,61,61,61,22,44,44,44,44,44,36,18,40,0],"gold":272,"neow_bonus":"UPGRADE_CARD","is_prod":false,"is_daily":false,"chose_seed":false,"campfire_upgraded":2,"win_rate":0,"timestamp":1559938055,"path_taken":["M","?","M","M","$","R","E","R","T","?","M","R","?","E","R","BOSS"],"build_version":"2019-01-23","purchased_purges":0,"victory":false,"max_hp_per_floor":[75,75,75,75,75,75,75,75,75,75,75,75,75,75,75,75],"card_choices":[{"not_picked":["Cold Snap","Ball Lightning"],"picked":"Rebound","floor":1},{"not_picked":["Storm","Turbo"],"picked":"Recycle","floor":3},{"not_picked":["Beam Cell","Rip and Tear"],"picked":"Coolheaded","floor":4},{"not_picked":["Multi-Cast","Consume"],"picked":"Steam","floor":7},{"not_picked":["Ball Lightning","Go for the Eyes"],"picked":"Steam Power","floor":11},{"not_picked":["Rebound","Barrage"],"picked":"Hologram","floor":13},{"not_picked":["Tempest","Compile Driver"],"picked":"Capacitor","floor":14}],"player_experience":475018,"relics_obtained":[{"floor":7,"key":"Bag of Preparation"},{"floor":9,"key":"Singing Bowl"},{"floor":14,"key":"Gremlin Horn"}],"event_choices":[{"cards_removed":["Strike_B"],"damage_healed":0,"gold_gain":0,"player_choice":"Card Removal","damage_taken":7,"max_hp_gain":0,"max_hp_loss":0,"event_name":"Golden Wing","floor":2,"gold_loss":0},{"damage_healed":0,"gold_gain":0,"player_choice":"Upgraded","damage_taken":0,"max_hp_gain":0,"max_hp_loss":0,"event_name":"Upgrade Shrine","floor":10,"gold_loss":0,"cards_upgraded":["Recycle"]}],"is_beta":false,"boss_relics":[],"items_purged_floors":[],"is_endless":false,"potions_floor_spawned":[7,11,14],"killed_by":"Slime Boss","ascension_level":3}