{"gold_per_floor":[111,111,36,52,72,72,86,86,135,62,62,62,73,104,104,175,175,185,185,200,212,24,24],"floor_reached":23,"playtime":1561,"items_purged":[],"score":334,"play_id":"42c03510-ff2c-4dd5-94b4-101dc499f9a4","local_time":"20190904001331","is_ascension_mode":true,"campfire_choices":[{"floor":6,"key":"REST"},{"data":"Streamline","floor":8,"key":"SMITH"},{"floor":11,"key":"REST"},{"floor":15,"key":"REST"}],"neow_cost":"PERCENT_DAMAGE","seed_source_timestamp":108575786627224,"circlet_count":0,"master_deck":["AscendersBane","Strike_B","Strike_B","Defend_B","Defend_B","Defend_B","Zap","Dualcast","FTL","Chill","Beam Cell","Streamline+1","Self Repair","Conserve Battery","Seek","Hologram","Glacier","Rebound","Gash","Lockon"],"relics":["Cracked Core","Bag of Preparation","Orichalcum","Nuclear Battery","PreservedInsect"],"potions_floor_usage":[14],"damage_taken":[{"damage":5,"enemies":"Small Slimes","floor":1,"turns":3},{"damage":0,"enemies":"2 Louse","floor":4,"turns":2},{"damage":8,"enemies":"Jaw Worm","floor":5,"turns":4},{"damage":16,"enemies":"Large Slime","floor":7,"turns":4},{"damage":10,"enemies":"Exordium Wildlife","floor":13,"turns":3},{"damage":34,"enemies":"Gremlin Nob","floor":14,"turns":4},{"damage":31,"enemies":"The Guardian","floor":16,"turns":10},{"damage":0,"enemies":"3 Byrds","floor":18,"turns":5},{"damage":10,"enemies":"Chosen","floor":20,"turns":6},{"damage":17,"enemies":"Snake Plant","floor":21,"turns":3},{"damage":90,"enemies":"Gremlin Leader","floor":23,"turns":5}],"seed_played":"-3018284456621536332","potions_obtained":[{"floor":1,"key":"PowerPotion"},{"floor":5,"key":"FairyPotion"},{"floor":18,"key":"GamblersBrew"},{"floor":21,"key":"FocusPotion"}],"is_trial":false,"path_per_floor":["M","?","?","M","M","R","M","R","T","$","R","$","M","E","R","B",null,"M","?","M","M","$","E"],"character_chosen":"DEFECT","items_purchased":["Self Repair","PreservedInsect","Lockon"],"campfire_rested":3,"item_purchase_floors":[10,22,22],"current_hp_per_floor":[41,30,30,30,22,43,27,27,27,27,48,48,45,18,39,15,57,64,64,61,51,51,0],"gold":24,"neow_bonus":"REMOVE_TWO","is_prod":false,"is_daily":false,"chose_seed":false,"campfire_upgraded":1,"win_rate":0,"timestamp":1567570411,"path_taken":["M","?","?","M","M","R","M","R","T","$","R","$","M","E","R","BOSS","M","?","M","M","$","E"],"build_version":"2019-07-17","purchased_purges":0,"victory":false,"max_hp_per_floor":[71,71,71,71,71,71,71,71,71,71,71,71,71,71,71,71,71,71,71,71,71,71,71],"card_choices":[{"not_picked":["Force Field","Ball Lightning"],"picked":"FTL","floor":1},{"not_picked":["Ball Lightning","Rebound"],"picked":"Chill","floor":4},{"not_picked":["Hologram","Hello World"],"picked":"Beam Cell","floor":5},{"not_picked":["Gash","Leap"],"picked":"Streamline","floor":7},{"not_picked":["Storm","Rip and Tear","Lockon"],"picked":"SKIP","floor":13},{"not_picked":["Cold Snap","Consume"],"picked":"Conserve Battery","floor":14},{"not_picked":["Buffer","Rainbow"],"picked":"Seek","floor":16},{"not_picked":["Aggregate","Steam"],"picked":"Hologram","floor":18},{"not_picked":["Barrage","Compile Driver"],"picked":"Rebound","floor":20},{"not_picked":["Darkness","Sweeping Beam"],"picked":"Gash","floor":21}],"player_experience":1310767,"relics_obtained":[{"floor":9,"key":"Bag of Preparation"},{"floor":14,"key":"Orichalcum"}],"event_choices":[{"damage_healed":0,"gold_gain":0,"player_choice":"Fled","damage_taken":11,"max_hp_gain":0,"max_hp_loss":0,"event_name":"Scrap Ooze","floor":2,"gold_loss":0},{"cards_removed":["Defend_B"],"damage_healed":0,"gold_gain":0,"player_choice":"Card Removal","damage_taken":0,"max_hp_gain":0,"max_hp_loss":0,"event_name":"The Cleric","floor":3,"gold_loss":75},{"damage_healed":0,"gold_gain":0,"player_choice":"Read","damage_taken":0,"max_hp_gain":0,"max_hp_loss":0,"event_name":"The Library","floor":19,"gold_loss":0,"cards_obtained":["Glacier"]}],"is_beta":false,"boss_relics":[{"not_picked":["Orrery","Inserter"],"picked":"Nuclear Battery"}],"items_purged_floors":[],"is_endless":false,"potions_floor_spawned":[1,5,18,21],"killed_by":"Gremlin Leader","ascension_level":15}