{"gold_per_floor":[111,111,131,144,144,177,177,209,235,235,14,39,39,101,101,101],"floor_reached":16,"playtime":1682,"items_purged":[],"score":151,"play_id":"7a5fd0e6-ea67-4e07-8d98-7817aa799e63","local_time":"20190612024100","is_ascension_mode":true,"campfire_choices":[{"floor":7,"key":"REST"},{"floor":10,"key":"REST"},{"data":"Dualcast","floor":13,"key":"SMITH"},{"floor":15,"key":"REST"}],"neow_cost":"PERCENT_DAMAGE","seed_source_timestamp":362763600758798,"circlet_count":0,"master_deck":["Strike_B","Strike_B","Defend_B","Defend_B","Defend_B","Zap","Dualcast+1","Meteor Strike","Gash","Gash","Heatsinks","Sweeping Beam","Coolheaded","Aggregate","Magnetism","Melter","All For One","Steam Power"],"relics":["Cracked Core","FaceOfCleric","Ancient Tea Set","Centennial Puzzle","Vajra","Potion Belt","Tiny Chest"],"potions_floor_usage":[8,14,14],"damage_taken":[{"damage":8,"enemies":"2 Louse","floor":1,"turns":2},{"damage":1,"enemies":"Cultist","floor":3,"turns":3},{"damage":7,"enemies":"Jaw Worm","floor":4,"turns":3},{"damage":25,"enemies":"Lagavulin","floor":6,"turns":6},{"damage":23,"enemies":"Gremlin Nob","floor":8,"turns":4},{"damage":28,"enemies":"Lagavulin","floor":12,"turns":4},{"damage":9,"enemies":"3 Sentries","floor":14,"turns":8},{"damage":27,"enemies":"Hexaghost","floor":16,"turns":5}],"seed_played":"3786569898148522462","potions_obtained":[{"floor":4,"key":"Strength Potion"},{"floor":6,"key":"SkillPotion"},{"floor":8,"key":"SteroidPotion"}],"is_trial":false,"path_per_floor":["M","?","M","M","?","E","R","E","T","R","$","E","R","E","R","B"],"character_chosen":"DEFECT","items_purchased":["Magnetism","Melter"],"campfire_rested":3,"item_purchase_floors":[11,11],"current_hp_per_floor":[46,46,45,38,38,14,36,14,14,37,37,10,10,2,25,0],"gold":101,"neow_bonus":"TRANSFORM_TWO_CARDS","is_prod":false,"is_daily":false,"chose_seed":false,"campfire_upgraded":1,"win_rate":0,"timestamp":1560332460,"path_taken":["M","?","M","?","?","E","R","E","T","R","?","E","R","E","R","BOSS"],"build_version":"2019-01-23","purchased_purges":0,"victory":false,"max_hp_per_floor":[75,75,75,75,75,76,76,77,77,77,77,78,78,79,79,79],"card_choices":[{"not_picked":["Leap","Rebound"],"picked":"Gash","floor":1},{"not_picked":["Ball Lightning","Compile Driver"],"picked":"Heatsinks","floor":3},{"not_picked":["Ball Lightning","Stack"],"picked":"Sweeping Beam","floor":4},{"not_picked":["Doom and Gloom","Cold Snap"],"picked":"Coolheaded","floor":6},{"not_picked":["Rip and Tear","Beam Cell"],"picked":"Aggregate","floor":8},{"not_picked":["Hologram","Sweeping Beam"],"picked":"All For One","floor":12},{"not_picked":["Force Field","Consume"],"picked":"Steam Power","floor":14}],"player_experience":595423,"relics_obtained":[{"floor":6,"key":"Ancient Tea Set"},{"floor":8,"key":"Centennial Puzzle"},{"floor":9,"key":"Vajra"},{"floor":12,"key":"Potion Belt"},{"floor":14,"key":"Tiny Chest"}],"event_choices":[{"cards_removed":["Strike_B"],"damage_healed":0,"gold_gain":0,"player_choice":"Purged","damage_taken":0,"max_hp_gain":0,"max_hp_loss":0,"event_name":"Purifier","floor":2,"gold_loss":0},{"damage_healed":0,"gold_gain":0,"player_choice":"Trade","damage_taken":0,"relics_obtained":["FaceOfCleric"],"max_hp_gain":0,"max_hp_loss":0,"event_name":"FaceTrader","floor":5,"gold_loss":0}],"is_beta":false,"boss_relics":[],"items_purged_floors":[],"is_endless":false,"potions_floor_spawned":[4,6,8],"killed_by":"Hexaghost","ascension_level":4}