{"gold_per_floor":[109,109,0,12,12,45,45,80,80,105,105],"floor_reached":11,"playtime":363,"items_purged":["Regret"],"score":160,"play_id":"f64e4149-755b-4f03-837e-d5a5f8ef4804","local_time":"20190809002215","is_ascension_mode":true,"campfire_choices":[{"data":"Bash","floor":7.0,"key":"SMITH"}],"neow_cost":"NONE","seed_source_timestamp":198172415350447,"circlet_count":0,"master_deck":["Strike_R","Strike_R+1","Strike_R","Strike_R","Strike_R+1","Defend_R","Defend_R","Defend_R","Defend_R","Bash+1","Thunderclap","Combust","Reckless Charge","Corruption"],"special_seed":0,"relics":["Burning Blood","NeowsBlessing","StoneCalendar","Art of War","Question Card","Dead Branch","Whetstone"],"potions_floor_usage":[],"damage_taken":[{"damage":0.0,"enemies":"Jaw Worm","floor":1.0,"turns":1.0},{"damage":0.0,"enemies":"Cultist","floor":4.0,"turns":1.0},{"damage":0.0,"enemies":"3 Sentries","floor":6.0,"turns":1.0},{"damage":47.0,"enemies":"Lagavulin","floor":8.0,"turns":7.0},{"damage":35.0,"enemies":"3 Sentries","floor":10.0,"turns":6.0},{"damage":19,"enemies":"Small Slimes","floor":11,"turns":1}],"seed_played":"-4821176760895977822","potions_obtained":[{"floor":1.0,"key":"Swift Potion"},{"floor":10,"key":"Swift Potion"}],"is_trial":false,"path_per_floor":["M","?","$","M","$","E","R","E","T","E","M"],"character_chosen":"IRONCLAD","items_purchased":["Combust"],"campfire_rested":0,"item_purchase_floors":[3],"current_hp_per_floor":[78,78,78,80,80,80,80,39,39,10,0],"gold":105,"neow_bonus":"THREE_ENEMY_KILL","is_prod":false,"is_daily":false,"chose_seed":false,"campfire_upgraded":1,"win_rate":0,"timestamp":1565324535,"path_taken":["M","?","$","M","?","E","R","E","T","E","?"],"build_version":"2019-07-17","purchased_purges":1,"victory":false,"max_hp_per_floor":[80,80,80,80,80,80,80,80,80,80,80],"card_choices":[{"not_picked":["Corruption","Clothesline"],"picked":"Thunderclap","floor":1.0},{"not_picked":["Sentinel","Shrug It Off","Sword Boomerang"],"picked":"SKIP","floor":4.0},{"not_picked":["Sentinel","Shrug It Off","Sword Boomerang"],"picked":"SKIP","floor":4.0},{"not_picked":["Power Through","Anger","Havoc"],"picked":"SKIP","floor":6.0},{"not_picked":["Shrug It Off","Clothesline"],"picked":"Reckless Charge","floor":8.0},{"not_picked":["Combust","Pommel Strike","Seeing Red"],"picked":"Corruption","floor":10}],"player_experience":1092337,"relics_obtained":[{"floor":6.0,"key":"Art of War"},{"floor":8.0,"key":"Question Card"},{"floor":9.0,"key":"Dead Branch"},{"floor":10,"key":"Whetstone"}],"event_choices":[{"damage_healed":0.0,"max_hp_gain":0.0,"max_hp_loss":0.0,"gold_gain":0.0,"event_name":"Big Fish","player_choice":"Box","floor":2.0,"gold_loss":0.0,"damage_taken":0.0,"relics_obtained":["StoneCalendar"],"cards_obtained":["Regret"]}],"is_beta":false,"boss_relics":[],"items_purged_floors":[3],"is_endless":false,"potions_floor_spawned":[1,10],"killed_by":"Small Slimes","ascension_level":8}