{"gold_per_floor":[109,125,144,155,166,166,198,198,244,258,271,297,297,297],"floor_reached":14,"playtime":1818,"items_purged":[],"score":120,"play_id":"824de79e-6c2b-43df-8f60-edf63bbbacc2","local_time":"20190607191130","is_ascension_mode":true,"campfire_choices":[{"data":"Neutralize","floor":6,"key":"SMITH"}],"neow_cost":"NONE","seed_source_timestamp":349463378306576,"circlet_count":0,"master_deck":["Defend_G","Defend_G","Defend_G","Defend_G","Defend_G","Strike_G","Strike_G","Strike_G","Strike_G","Strike_G","Survivor","Neutralize+1","Deadly Poison","Noxious Fumes","Dagger Spray","Underhanded Strike","Acrobatics","Backflip","Bullet Time","PiercingWail","Reflex","Tactician"],"relics":["Ring of the Snake","Mummified Hand","Dodecahedron","Bag of Marbles"],"potions_floor_usage":[7,11,12,14],"damage_taken":[{"damage":8,"enemies":"Small Slimes","floor":1,"turns":5},{"damage":2,"enemies":"Jaw Worm","floor":2,"turns":5},{"damage":5,"enemies":"Cultist","floor":3,"turns":4},{"damage":0,"enemies":"Large Slime","floor":4,"turns":5},{"damage":10,"enemies":"Exordium Wildlife","floor":5,"turns":3},{"damage":16,"enemies":"Lagavulin","floor":7,"turns":7},{"damage":1,"enemies":"Blue Slaver","floor":10,"turns":4},{"damage":2,"enemies":"Lots of Slimes","floor":11,"turns":2},{"damage":18,"enemies":"3 Sentries","floor":12,"turns":9},{"damage":25,"enemies":"Lagavulin","floor":14,"turns":5}],"seed_played":"-2958356723220919274","potions_obtained":[{"floor":2,"key":"Energy Potion"},{"floor":3,"key":"Explosive Potion"},{"floor":11,"key":"Regen Potion"},{"floor":12,"key":"Poison Potion"}],"is_trial":false,"path_per_floor":["M","M","M","M","M","R","E","?","T","M","M","E","?","E"],"character_chosen":"THE_SILENT","items_purchased":[],"campfire_rested":0,"item_purchase_floors":[],"current_hp_per_floor":[62,60,55,55,45,45,29,22,22,21,19,16,16,0],"gold":297,"neow_bonus":"THREE_CARDS","is_prod":false,"is_daily":false,"chose_seed":false,"campfire_upgraded":1,"win_rate":0,"timestamp":1559959890,"path_taken":["M","M","M","M","M","R","E","?","T","M","M","E","?","E"],"build_version":"2019-01-23","purchased_purges":0,"victory":false,"max_hp_per_floor":[70,70,70,70,70,70,70,70,70,70,70,70,70,70],"card_choices":[{"not_picked":["Underhanded Strike","Slice"],"picked":"Deadly Poison","floor":0},{"not_picked":["Deadly Poison","Backstab"],"picked":"Noxious Fumes","floor":1},{"not_picked":["Slice","Prepared"],"picked":"Dagger Spray","floor":2},{"not_picked":["Dagger Throw","Deadly Poison"],"picked":"Underhanded Strike","floor":3},{"not_picked":["Distraction","Poisoned Stab"],"picked":"Acrobatics","floor":4},{"not_picked":["Prepared","Sucker Punch"],"picked":"Backflip","floor":5},{"not_picked":["Tactician","Heel Hook"],"picked":"Bullet Time","floor":7},{"not_picked":["Accuracy","Slice"],"picked":"PiercingWail","floor":10},{"not_picked":["Deadly Poison","Dagger Spray"],"picked":"Reflex","floor":11},{"not_picked":["Flechettes","Terror"],"picked":"Tactician","floor":12}],"player_experience":485103,"relics_obtained":[{"floor":7,"key":"Mummified Hand"},{"floor":12,"key":"Bag of Marbles"}],"event_choices":[{"damage_healed":0,"gold_gain":0,"player_choice":"Success","damage_taken":7,"relics_obtained":["Dodecahedron"],"max_hp_gain":0,"max_hp_loss":0,"event_name":"Scrap Ooze","floor":8,"gold_loss":0},{"damage_healed":0,"gold_gain":0,"player_choice":"Ignored","damage_taken":0,"max_hp_gain":0,"max_hp_loss":0,"event_name":"Shining Light","floor":13,"gold_loss":0}],"is_beta":false,"boss_relics":[],"items_purged_floors":[],"is_endless":false,"potions_floor_spawned":[2,3,11,12],"killed_by":"Lagavulin","ascension_level":3}