{"gold_per_floor":[117,128,32,32,107,435,435,445,445,465,494,494,1,12,12,110,110,129,27,37,37,63,89,89,103,103,103,103,103,103,135,147,258,270,297,324,336,367,8,8,26,44,67,87,87,115,115,127,127,127],"floor_reached":50,"playtime":9263,"items_purged":[],"score":645,"play_id":"4130ebc5-4785-44a4-94b3-2f9aa0d1587f","local_time":"20190512235231","is_ascension_mode":false,"campfire_choices":[{"floor":7.0,"key":"REST"},{"data":"Static Discharge","floor":12.0,"key":"SMITH"},{"floor":15.0,"key":"REST"},{"floor":24.0,"key":"REST"},{"data":"Storm","floor":27.0,"key":"SMITH"},{"floor":32.0,"key":"REST"},{"floor":40.0,"key":"REST"},{"floor":49,"key":"REST"}],"neow_cost":"NONE","seed_source_timestamp":0,"circlet_count":0,"master_deck":["Strike_B+1","Strike_B+1","Defend_B+1","Defend_B+1","Defend_B+1","Defend_B+1","Zap","Dualcast","Self Repair","Cold Snap","Streamline","Defragment","Doom and Gloom","Electrodynamics","Self Repair","Static Discharge+1","Conserve Battery","Cold Snap","Beam Cell","Fusion","Secret Technique","Self Repair","Storm+1","Amplify","Genetic Algorithm","Loop","Barrage","Heatsinks","Static Discharge","Go for the Eyes","White Noise+1","Self Repair+1","Go for the Eyes+1","Storm+1","All For One","Conserve Battery+1","Reboot","Iron Wave","Beam Cell+1","Violence","Tempest","Steam","Compile Driver","Lockon","Redo+1","Steam+1","Melter","Capacitor","Secret Weapon","Lockon","Heatsinks","Double Energy"],"special_seed":0,"relics":["Cracked Core","Ornamental Fan","Lantern","Dream Catcher","Runic Pyramid","Red Mask","Pear","Gambling Chip","Matryoshka","MutagenicStrength","Nloth\u0027s Gift","MawBank","Nuclear Battery","Centennial Puzzle","Bronze Scales","Question Card"],"potions_floor_usage":[50,50,50],"damage_taken":[{"damage":1.0,"enemies":"Cultist","floor":1.0,"turns":3.0},{"damage":2.0,"enemies":"Small Slimes","floor":2.0,"turns":4.0},{"damage":20.0,"enemies":"Lagavulin","floor":6.0,"turns":5.0},{"damage":14.0,"enemies":"2 Louse","floor":8.0,"turns":3.0},{"damage":18.0,"enemies":"2 Fungi Beasts","floor":10.0,"turns":3.0},{"damage":30.0,"enemies":"Gremlin Nob","floor":11.0,"turns":4.0},{"damage":11.0,"enemies":"Blue Slaver","floor":14.0,"turns":3.0},{"damage":24.0,"enemies":"Slime Boss","floor":16.0,"turns":6.0},{"damage":7.0,"enemies":"Spheric Guardian","floor":18.0,"turns":3.0},{"damage":10.0,"enemies":"Chosen","floor":20.0,"turns":4.0},{"damage":50.0,"enemies":"Masked Bandits","floor":22.0,"turns":4.0},{"damage":36.0,"enemies":"Gremlin Leader","floor":23.0,"turns":6.0},{"damage":26.0,"enemies":"Snecko","floor":25.0,"turns":5.0},{"damage":28.0,"enemies":"Book of Stabbing","floor":31.0,"turns":5.0},{"damage":38.0,"enemies":"Automaton","floor":33.0,"turns":6.0},{"damage":54.0,"enemies":"3 Darklings","floor":35.0,"turns":3.0},{"damage":4.0,"enemies":"Orb Walker","floor":36.0,"turns":2.0},{"damage":32.0,"enemies":"4 Shapes","floor":38.0,"turns":4.0},{"damage":10.0,"enemies":"Maw","floor":41.0,"turns":3.0},{"damage":0.0,"enemies":"3 Darklings","floor":42.0,"turns":2.0},{"damage":15.0,"enemies":"Writhing Mass","floor":44.0,"turns":3.0},{"damage":47.0,"enemies":"Reptomancer","floor":46.0,"turns":4.0},{"damage":12,"enemies":"Spire Growth","floor":48,"turns":3},{"damage":57,"enemies":"Awakened One","floor":50,"turns":3}],"seed_played":"-2134986794295414227","potions_obtained":[{"floor":2.0,"key":"Strength Potion"},{"floor":11.0,"key":"SpeedPotion"},{"floor":14.0,"key":"SkillPotion"},{"floor":20.0,"key":"Strength Potion"},{"floor":33.0,"key":"EssenceOfSteel"},{"floor":36.0,"key":"Swift Potion"},{"floor":44.0,"key":"Energy Potion"},{"floor":46,"key":"Energy Potion"}],"is_trial":false,"path_per_floor":["M","M","$","?","?","E","R","M","T","M","E","R","$","M","R","B",null,"M","$","M","?","?","E","R","M","T","R","T","?","?","E","R","B",null,"M","M","?","M","$","R","M","M","T","M","?","E","?","M","R","B"],"character_chosen":"DEFECT","items_purchased":["Streamline","Defragment","Cold Snap","Dream Catcher","Beam Cell","Fusion","Secret Technique","Loop","Barrage","Violence","Tempest","Steam","Compile Driver","Lockon"],"campfire_rested":6,"item_purchase_floors":[3,3,13,13,13,13,13,19,19,39,39,39,39,39],"current_hp_per_floor":[81,82,82,82,71,58,82,68,68,64,41,41,41,44,68,65,82,75,75,82,82,60,55,82,70,70,70,70,70,70,66,92,85,92,55,65,65,40,40,67,64,64,64,56,56,33,33,28,55,0],"gold":127,"neow_bonus":"TEN_PERCENT_HP_BONUS","is_prod":false,"is_daily":false,"chose_seed":false,"campfire_upgraded":2,"win_rate":0.0,"timestamp":1557730351,"path_taken":["M","M","$","?","?","E","R","M","T","M","E","R","$","M","R","BOSS","M","$","M","?","?","E","R","M","T","R","?","?","?","E","R","BOSS","M","M","?","?","$","R","M","M","T","?","?","E","?","M","R","BOSS"],"build_version":"2019-01-23","purchased_purges":0,"victory":false,"max_hp_per_floor":[82,82,82,82,82,82,82,82,82,82,82,82,82,82,82,82,82,82,82,82,82,82,92,92,92,92,92,92,92,92,92,92,92,92,92,92,92,92,92,92,92,92,92,92,92,92,92,92,92,92],"card_choices":[{"not_picked":["Go for the Eyes","Genetic Algorithm"],"picked":"Self Repair","floor":1.0},{"not_picked":["Conserve Battery","Redo"],"picked":"Cold Snap","floor":2.0},{"not_picked":["Reinforced Body","Glacier"],"picked":"Electrodynamics","floor":6.0},{"not_picked":["Leap","Sweeping Beam"],"picked":"Self Repair","floor":8.0},{"not_picked":["Conserve Battery","Redo"],"picked":"Static Discharge","floor":10.0},{"not_picked":["Gash","Blizzard"],"picked":"Conserve Battery","floor":11.0},{"not_picked":["Beam Cell","Leap"],"picked":"Self Repair","floor":14.0},{"not_picked":["Conserve Battery","Stack"],"picked":"Storm","floor":15.0},{"not_picked":["Electrodynamics","Multi-Cast"],"picked":"Amplify","floor":16.0},{"not_picked":["Chill","Consume"],"picked":"Genetic Algorithm","floor":18.0},{"not_picked":["Beam Cell","Leap"],"picked":"Heatsinks","floor":20.0},{"not_picked":["Leap+1","Go for the Eyes+1"],"picked":"Static Discharge","floor":22.0},{"not_picked":["Coolheaded","Fusion"],"picked":"Go for the Eyes","floor":23.0},{"not_picked":["Reinforced Body","Hologram"],"picked":"White Noise+1","floor":24.0},{"not_picked":["Genetic Algorithm","Leap+1"],"picked":"Self Repair+1","floor":25.0},{"not_picked":["Reboot","Glacier"],"picked":"Go for the Eyes+1","floor":31.0},{"not_picked":["Rip and Tear","Stack+1"],"picked":"Storm+1","floor":32.0},{"not_picked":["Thunder Strike","Creative AI"],"picked":"All For One","floor":33.0},{"not_picked":["Streamline+1","Go for the Eyes"],"picked":"Conserve Battery+1","floor":35.0},{"not_picked":["Beam Cell+1","Go for the Eyes+1"],"picked":"Reboot","floor":36.0},{"not_picked":["Leap","Glacier+1"],"picked":"Beam Cell+1","floor":38.0},{"not_picked":["Sweeping Beam","Beam Cell+1"],"picked":"Redo+1","floor":40.0},{"not_picked":["Compile Driver","Streamline+1"],"picked":"Steam+1","floor":41.0},{"not_picked":["Sweeping Beam","Skim"],"picked":"Melter","floor":42.0},{"not_picked":["Go for the Eyes","Conserve Battery"],"picked":"Capacitor","floor":44.0},{"not_picked":["Trip","Jack Of All Trades"],"picked":"Secret Weapon","floor":45.0},{"not_picked":["Self Repair+1","Go for the Eyes+1"],"picked":"Lockon","floor":46},{"not_picked":["Beam Cell","Scrape","Darkness+1"],"picked":"Heatsinks","floor":48},{"not_picked":["Reprogram+1","Static Discharge","Cold Snap+1"],"picked":"Double Energy","floor":49}],"player_experience":13679,"relics_obtained":[{"floor":6.0,"key":"Old Coin"},{"floor":9.0,"key":"Ornamental Fan"},{"floor":11.0,"key":"Lantern"},{"floor":22.0,"key":"Red Mask"},{"floor":23.0,"key":"Pear"},{"floor":26.0,"key":"Gambling Chip"},{"floor":28.0,"key":"Matryoshka"},{"floor":31.0,"key":"MawBank"},{"floor":43.0,"key":"Centennial Puzzle"},{"floor":43.0,"key":"Bronze Scales"},{"floor":46,"key":"Question Card"}],"event_choices":[{"damage_healed":0.0,"max_hp_gain":0.0,"max_hp_loss":0.0,"gold_gain":0.0,"cards_transformed":["Strike_B"],"event_name":"Living Wall","player_choice":"Change","floor":4.0,"gold_loss":0.0,"damage_taken":0.0,"cards_obtained":["Doom and Gloom"]},{"damage_healed":0.0,"max_hp_gain":0.0,"max_hp_loss":0.0,"gold_gain":75.0,"event_name":"World of Goop","player_choice":"Gather Gold","floor":5.0,"gold_loss":0.0,"damage_taken":11.0},{"damage_healed":0.0,"max_hp_gain":0.0,"max_hp_loss":0.0,"gold_gain":0.0,"event_name":"Back to Basics","player_choice":"Simplicity","floor":21.0,"gold_loss":0.0,"damage_taken":0.0,"cards_upgraded":["Strike_B","Strike_B","Strike_B","Defend_B","Defend_B","Defend_B","Defend_B"]},{"damage_healed":0.0,"max_hp_gain":0.0,"max_hp_loss":0.0,"gold_gain":0.0,"event_name":"Masked Bandits","player_choice":"Fought Bandits","floor":22.0,"gold_loss":0.0,"damage_taken":0.0},{"damage_healed":0.0,"max_hp_gain":0.0,"max_hp_loss":0.0,"gold_gain":0.0,"event_name":"Drug Dealer","player_choice":"Inject Mutagens","floor":29.0,"gold_loss":0.0,"damage_taken":0.0,"relics_obtained":["MutagenicStrength"]},{"damage_healed":0.0,"max_hp_gain":0.0,"max_hp_loss":0.0,"gold_gain":0.0,"event_name":"N\u0027loth","player_choice":"Traded Relic","floor":30.0,"relics_lost":["Old Coin"],"gold_loss":0.0,"damage_taken":0.0,"relics_obtained":["Nloth\u0027s Gift"]},{"cards_removed":["Strike_B"],"damage_healed":0.0,"max_hp_gain":0.0,"max_hp_loss":0.0,"gold_gain":0.0,"event_name":"NoteForYourself","player_choice":"Took Card","floor":37.0,"gold_loss":0.0,"damage_taken":0.0,"cards_obtained":["Iron Wave"]},{"damage_healed":0.0,"max_hp_gain":0.0,"max_hp_loss":0.0,"gold_gain":0.0,"event_name":"SensoryStone","player_choice":"Memory 1","floor":45.0,"gold_loss":0.0,"damage_taken":0.0},{"damage_healed":0,"gold_gain":0,"player_choice":"Ignored","damage_taken":0,"max_hp_gain":0,"max_hp_loss":0,"event_name":"Mysterious Sphere","floor":47,"gold_loss":0}],"is_beta":false,"boss_relics":[{"not_picked":["Lizard Tail","Snecko Eye"],"picked":"Runic Pyramid"},{"not_picked":["Orrery","Eternal Feather"],"picked":"Nuclear Battery"}],"items_purged_floors":[],"is_endless":false,"potions_floor_spawned":[2,11,14,20,33,36,44,46],"killed_by":"Awakened One","ascension_level":0}