{"gold_per_floor":[118,135,150,77,95,95,124,139,169,169],"floor_reached":10,"playtime":20193,"items_purged":[],"score":98,"play_id":"7a4968c1-804a-4313-9d8a-f1f4c13dc551","local_time":"20190717021447","is_ascension_mode":true,"campfire_choices":[{"data":"Barricade","floor":6.0,"key":"SMITH"}],"neow_cost":"TEN_PERCENT_HP_LOSS","seed_source_timestamp":174054390494105,"circlet_count":0,"master_deck":["Strike_R","Strike_R","Strike_R","Defend_R","Defend_R","Defend_R","Defend_R","Bash","Offering","Juggernaut","Armaments","Iron Wave","Body Slam","Barricade+1","Reaper","Shockwave","Headbutt"],"special_seed":0,"relics":["Burning Blood","Calipers","Tiny Chest"],"potions_floor_usage":[],"damage_taken":[{"damage":13.0,"enemies":"Jaw Worm","floor":1.0,"turns":3.0},{"damage":6.0,"enemies":"Cultist","floor":2.0,"turns":3.0},{"damage":2.0,"enemies":"2 Louse","floor":3.0,"turns":3.0},{"damage":9.0,"enemies":"Blue Slaver","floor":5.0,"turns":3.0},{"damage":26.0,"enemies":"3 Sentries","floor":7.0,"turns":8.0},{"damage":32.0,"enemies":"Red Slaver","floor":8.0,"turns":5.0},{"damage":53,"enemies":"Gremlin Nob","floor":10,"turns":5}],"seed_played":"-8497029967947747786","potions_obtained":[{"floor":5.0,"key":"Block Potion"},{"floor":7.0,"key":"FearPotion"}],"is_trial":false,"path_per_floor":["M","M","M","$","M","R","E","M","T","E"],"character_chosen":"IRONCLAD","items_purchased":["Barricade"],"campfire_rested":0,"item_purchase_floors":[4],"current_hp_per_floor":[65,65,69,69,66,66,61,37,37,0],"gold":169,"neow_bonus":"TRANSFORM_TWO_CARDS","is_prod":false,"is_daily":false,"chose_seed":false,"campfire_upgraded":1,"win_rate":0,"timestamp":1563344087,"path_taken":["M","M","M","$","M","R","E","M","T","E"],"build_version":"2019-07-05","purchased_purges":0,"victory":false,"max_hp_per_floor":[72,72,72,72,72,72,72,72,72,72],"card_choices":[{"not_picked":["Flex","Perfected Strike"],"picked":"Armaments","floor":1.0},{"not_picked":["Power Through","Uppercut"],"picked":"Iron Wave","floor":2.0},{"not_picked":["Perfected Strike","Bloodletting"],"picked":"Body Slam","floor":3.0},{"not_picked":["Pommel Strike","Ghostly Armor"],"picked":"Reaper","floor":5.0},{"not_picked":["Clash","Heavy Blade"],"picked":"Shockwave","floor":7.0},{"not_picked":["Warcry","Armaments"],"picked":"Headbutt","floor":8.0}],"player_experience":965587,"relics_obtained":[{"floor":7.0,"key":"Calipers"},{"floor":9.0,"key":"Tiny Chest"}],"event_choices":[],"is_beta":false,"boss_relics":[],"items_purged_floors":[],"is_endless":false,"potions_floor_spawned":[5,7],"killed_by":"Gremlin Nob","ascension_level":8}