{"gold_per_floor":[117,36,48,123,123,123,123,152,152,152,169,169,189,223,223,318,318,329,229,244,24,34,34,34],"floor_reached":24,"playtime":7460,"items_purged":["Strike_B"],"score":265,"play_id":"6b832339-5d6a-4fa0-b9a1-642ff44bb6f6","local_time":"20190629151650","is_ascension_mode":true,"campfire_choices":[{"floor":6.0,"key":"REST"},{"data":"Loop","floor":12,"key":"SMITH"},{"floor":15,"key":"REST"},{"data":"Self Repair","floor":23,"key":"SMITH"}],"neow_cost":"PERCENT_DAMAGE","seed_source_timestamp":0,"circlet_count":0,"master_deck":["Strike_B","Defend_B","Defend_B","Defend_B+1","Zap","Dualcast+1","Hologram","Impatience","Loop+1","Turbo","Electrodynamics","Auto Shields","Cold Snap","Multi-Cast","Tempest","Capacitor","Hologram","Chill","Self Repair+1","White Noise","Turbo"],"special_seed":0,"relics":["Cracked Core","Ice Cream","Cables","Calipers","Bottled Tornado","Kunai","Empty Cage"],"potions_floor_usage":[8,16,20],"damage_taken":[{"damage":0.0,"enemies":"Cultist","floor":1.0,"turns":3.0},{"damage":10.0,"enemies":"Small Slimes","floor":3.0,"turns":3.0},{"damage":2,"enemies":"Lagavulin","floor":8,"turns":6},{"damage":0,"enemies":"Jaw Worm","floor":11,"turns":2},{"damage":17,"enemies":"3 Louse","floor":13,"turns":2},{"damage":10,"enemies":"3 Sentries","floor":14,"turns":3},{"damage":27,"enemies":"Hexaghost","floor":16,"turns":10},{"damage":17,"enemies":"3 Byrds","floor":18,"turns":4},{"damage":30,"enemies":"2 Thieves","floor":20,"turns":5},{"damage":3,"enemies":"Sentry and Sphere","floor":22,"turns":4},{"damage":29,"enemies":"Book of Stabbing","floor":24,"turns":4}],"seed_played":"1147335860297954767","potions_obtained":[{"floor":3.0,"key":"Block Potion"},{"floor":8,"key":"FairyPotion"},{"floor":14,"key":"Weak Potion"},{"floor":18,"key":"Explosive Potion"},{"floor":22,"key":"Strength Potion"}],"is_trial":false,"path_per_floor":["M","$","M","?","?","R","T","E","T","?","M","R","M","E","R","B",null,"M","$","M","$","M","R","E"],"character_chosen":"DEFECT","items_purchased":["Impatience","Capacitor","Hologram","Self Repair","White Noise"],"campfire_rested":2,"item_purchase_floors":[2,19,19,21,21],"current_hp_per_floor":[50,50,40,29,14,36,36,34,34,34,34,34,17,7,29,2,57,40,40,10,10,14,14,0],"gold":34,"neow_bonus":"ONE_RARE_RELIC","is_prod":false,"is_daily":false,"chose_seed":false,"campfire_upgraded":2,"win_rate":0,"timestamp":1561835810,"path_taken":["M","$","?","?","?","R","?","E","T","?","M","R","M","E","R","BOSS","M","$","M","$","?","R","E"],"build_version":"2019-01-23","purchased_purges":1,"victory":false,"max_hp_per_floor":[75,75,75,75,75,75,75,75,75,75,75,75,75,75,75,75,75,75,75,75,75,75,75,75],"card_choices":[{"not_picked":["Beam Cell","Go for the Eyes"],"picked":"Hologram","floor":1.0},{"not_picked":["Lockon","Gash"],"picked":"Loop","floor":3.0},{"not_picked":["Compile Driver","Steam"],"picked":"Turbo","floor":8},{"not_picked":["Blizzard","Go for the Eyes"],"picked":"Electrodynamics","floor":11},{"not_picked":["Streamline","Self Repair"],"picked":"Auto Shields","floor":13},{"not_picked":["Coolheaded","Capacitor"],"picked":"Cold Snap","floor":14},{"not_picked":["Meteor Strike","Electrodynamics"],"picked":"Multi-Cast","floor":16},{"not_picked":["Beam Cell","Compile Driver"],"picked":"Tempest","floor":18},{"not_picked":["Fusion","Streamline+1"],"picked":"Chill","floor":20},{"not_picked":["Conserve Battery+1","Hologram"],"picked":"Turbo","floor":22}],"player_experience":707623,"relics_obtained":[{"floor":7.0,"key":"Cables"},{"floor":8,"key":"Calipers"},{"floor":9,"key":"Bottled Tornado"},{"floor":14,"key":"Kunai"}],"event_choices":[{"damage_healed":0.0,"max_hp_gain":0.0,"max_hp_loss":0.0,"gold_gain":75.0,"event_name":"World of Goop","player_choice":"Gather Gold","floor":4.0,"gold_loss":0.0,"damage_taken":11.0},{"damage_healed":0.0,"max_hp_gain":0.0,"max_hp_loss":0.0,"gold_gain":0.0,"event_name":"Shining Light","player_choice":"Entered Light","floor":5.0,"gold_loss":0.0,"damage_taken":15.0,"cards_upgraded":["Defend_B","Dualcast"]},{"cards_removed":["Strike_B"],"damage_healed":0,"gold_gain":0,"player_choice":"Purged","damage_taken":0,"max_hp_gain":0,"max_hp_loss":0,"event_name":"Purifier","floor":10,"gold_loss":0}],"is_beta":false,"boss_relics":[{"not_picked":["Tiny House","Orrery"],"picked":"Empty Cage"}],"items_purged_floors":[21],"is_endless":false,"potions_floor_spawned":[3,8,14,18,22],"killed_by":"Book of Stabbing","ascension_level":6}