{"gold_per_floor":[111,186,286,304,315,340,340,328,399,399,399,399,433,452,452,548,548,565,581,551,31,31,61,61,76,76,76],"floor_reached":27,"playtime":2750,"items_purged":[],"score":325,"play_id":"7c3720fe-1c81-4362-a861-aab1975f0bde","local_time":"20190810145637","is_ascension_mode":true,"campfire_choices":[{"floor":7.0,"key":"REST"},{"data":"Night Terror","floor":10.0,"key":"SMITH"},{"floor":15.0,"key":"REST"},{"floor":24.0,"key":"REST"}],"neow_cost":"NONE","seed_source_timestamp":0,"circlet_count":0,"master_deck":["Strike_G","Strike_G","Strike_G","Defend_G","Defend_G","Defend_G+1","Defend_G","Defend_G","Survivor","Neutralize+1","Dagger Spray","PiercingWail","Night Terror+1","Doppelganger","Heel Hook","Setup+1","Infinite Blades","Envenom","Caltrops","Escape Plan","Caltrops","Enlightenment","Cloak And Dagger","Riddle With Holes"],"special_seed":0,"relics":["Ring of the Snake","Potion Belt","FossilizedHelix","Shuriken","Ginger","Lantern","Empty Cage","ClockworkSouvenir","War Paint","Paper Crane","Matryoshka","Dream Catcher"],"potions_floor_usage":[27,27],"damage_taken":[{"damage":0.0,"enemies":"Jaw Worm","floor":1.0,"turns":5.0},{"damage":0.0,"enemies":"2 Louse","floor":4.0,"turns":2.0},{"damage":4.0,"enemies":"Cultist","floor":5.0,"turns":5.0},{"damage":36.0,"enemies":"3 Sentries","floor":6.0,"turns":11.0},{"damage":0.0,"enemies":"Exordium Thugs","floor":8.0,"turns":4.0},{"damage":1.0,"enemies":"Gremlin Nob","floor":13.0,"turns":4.0},{"damage":6.0,"enemies":"3 Louse","floor":14.0,"turns":4.0},{"damage":16.0,"enemies":"Hexaghost","floor":16.0,"turns":8.0},{"damage":13.0,"enemies":"Shell Parasite","floor":18.0,"turns":7.0},{"damage":15.0,"enemies":"Spheric Guardian","floor":19.0,"turns":6.0},{"damage":15.0,"enemies":"Slavers","floor":23.0,"turns":7.0},{"damage":28.0,"enemies":"Cultist and Chosen","floor":25.0,"turns":6.0},{"damage":14,"enemies":"3 Cultists","floor":27,"turns":4}],"seed_played":"-7395086362908497130","potions_obtained":[{"floor":1.0,"key":"Swift Potion"},{"floor":8.0,"key":"LiquidBronze"},{"floor":14.0,"key":"EssenceOfSteel"},{"floor":16.0,"key":"Block Potion"},{"floor":18.0,"key":"Dexterity Potion"},{"floor":19.0,"key":"EssenceOfSteel"},{"floor":20.0,"key":"PowerPotion"},{"floor":20.0,"key":"Poison Potion"}],"is_trial":false,"path_per_floor":["M","?","?","M","M","E","R","M","T","R","T","?","E","M","R","B",null,"M","M","?","$","?","E","R","M","T","M"],"character_chosen":"THE_SILENT","items_purchased":["ClockworkSouvenir","Caltrops","Enlightenment","Cloak And Dagger","War Paint"],"campfire_rested":3,"item_purchase_floors":[21,21,21,21,21],"current_hp_per_floor":[63,52,52,52,48,12,33,33,33,33,33,33,32,26,47,31,60,47,32,32,32,32,17,38,10,10,0],"gold":76,"neow_bonus":"RANDOM_COMMON_RELIC","is_prod":false,"is_daily":false,"chose_seed":false,"campfire_upgraded":1,"win_rate":0,"timestamp":1565463397,"path_taken":["M","?","?","M","M","E","R","?","T","R","?","?","E","M","R","BOSS","M","?","?","?","?","E","R","M","T","M"],"build_version":"2019-07-17","purchased_purges":0,"victory":false,"max_hp_per_floor":[70,70,70,70,70,70,70,70,70,70,70,70,70,70,70,70,70,70,70,70,70,70,70,70,70,70,70],"card_choices":[{"not_picked":["Infinite Blades","Poisoned Stab"],"picked":"Dagger Spray","floor":1.0},{"not_picked":["Prepared","Flying Knee"],"picked":"PiercingWail","floor":4.0},{"not_picked":["Dash","Dodge and Roll"],"picked":"Night Terror","floor":5.0},{"not_picked":["Quick Slash","Expertise"],"picked":"Doppelganger","floor":6.0},{"not_picked":["Flying Knee","Backflip"],"picked":"Heel Hook","floor":8.0},{"not_picked":["Sucker Punch","Choke"],"picked":"Setup","floor":13.0},{"not_picked":["Dagger Throw","Quick Slash"],"picked":"Infinite Blades","floor":14.0},{"not_picked":["Unload","Die Die Die"],"picked":"Envenom","floor":16.0},{"not_picked":["Dagger Spray","Deadly Poison"],"picked":"Caltrops","floor":18.0},{"not_picked":["Quick Slash+1","Catalyst+1"],"picked":"Escape Plan","floor":19.0},{"not_picked":["Tactician","Expertise"],"picked":"Riddle With Holes","floor":23.0},{"not_picked":["Underhanded Strike","Distraction","Quick Slash+1"],"picked":"SKIP","floor":25.0}],"player_experience":1114500,"relics_obtained":[{"floor":6.0,"key":"FossilizedHelix"},{"floor":9.0,"key":"Shuriken"},{"floor":11.0,"key":"Ginger"},{"floor":13.0,"key":"Lantern"},{"floor":23.0,"key":"Matryoshka"},{"floor":26.0,"key":"Dream Catcher"}],"event_choices":[{"damage_healed":0.0,"max_hp_gain":0.0,"max_hp_loss":0.0,"gold_gain":75.0,"event_name":"World of Goop","player_choice":"Gather Gold","floor":2.0,"gold_loss":0.0,"damage_taken":11.0},{"damage_healed":0.0,"max_hp_gain":0.0,"max_hp_loss":0.0,"gold_gain":100.0,"event_name":"Wheel of Change","player_choice":"Gold","floor":3.0,"gold_loss":0.0,"damage_taken":0.0},{"damage_healed":0.0,"max_hp_gain":0.0,"max_hp_loss":0.0,"gold_gain":0.0,"event_name":"Accursed Blacksmith","player_choice":"Forge","floor":12.0,"gold_loss":0.0,"damage_taken":0.0,"cards_upgraded":["Neutralize"]},{"damage_healed":0.0,"max_hp_gain":0.0,"max_hp_loss":0.0,"gold_gain":0.0,"event_name":"The Woman in Blue","player_choice":"Bought 2 Potions","floor":20.0,"gold_loss":0.0,"damage_taken":0.0},{"damage_healed":0.0,"max_hp_gain":0.0,"max_hp_loss":0.0,"gold_gain":0.0,"event_name":"The Mausoleum","player_choice":"Opened","floor":22.0,"gold_loss":0.0,"damage_taken":0.0,"relics_obtained":["Paper Crane"]}],"is_beta":false,"boss_relics":[{"not_picked":["Philosopher\u0027s Stone","Runic Dome"],"picked":"Empty Cage"}],"items_purged_floors":[],"is_endless":false,"potions_floor_spawned":[1,8,14,16,18,19],"killed_by":"3 Cultists","ascension_level":7}