{"gold_per_floor":[118,138,138,161,30,30,30,30,56,84,120,144,144,167,167,167],"floor_reached":16,"playtime":1372,"items_purged":[],"score":100,"play_id":"20b39a80-82c2-4d16-843e-5a46674bac6f","local_time":"20190514212113","is_ascension_mode":false,"campfire_choices":[{"data":"Chaos","floor":6.0,"key":"SMITH"},{"data":"Turbo","floor":8.0,"key":"SMITH"},{"floor":15.0,"key":"REST"}],"neow_cost":"NONE","seed_source_timestamp":0,"circlet_count":0,"master_deck":["Strike_B","Strike_B","Strike_B","Strike_B","Defend_B","Defend_B","Defend_B","Defend_B","Zap","Dualcast","Doom and Gloom","Gash","Injury","Gash","Chaos+1","Steam","Cold Snap","Zap","Turbo+1","Loop","Turbo","Hologram","Hyperbeam"],"special_seed":0,"relics":["Sozu","Golden Idol","Juzu Bracelet","Odd Mushroom","Happy Flower"],"potions_floor_usage":[],"damage_taken":[{"damage":1.0,"enemies":"Cultist","floor":1.0,"turns":3.0},{"damage":1.0,"enemies":"Jaw Worm","floor":2.0,"turns":3.0},{"damage":1.0,"enemies":"2 Louse","floor":4.0,"turns":2.0},{"damage":25.0,"enemies":"The Mushroom Lair","floor":10.0,"turns":4.0},{"damage":19.0,"enemies":"Gremlin Nob","floor":11.0,"turns":4.0},{"damage":3.0,"enemies":"Looter","floor":12.0,"turns":3.0},{"damage":11.0,"enemies":"Large Slime","floor":14.0,"turns":5.0},{"damage":38,"enemies":"Hexaghost","floor":16,"turns":7}],"seed_played":"-3379489304204640182","potions_obtained":[],"is_trial":false,"path_per_floor":["M","M","?","M","$","R","?","R","T","?","E","M","?","M","R","B"],"character_chosen":"DEFECT","items_purchased":["Chaos","Steam","Cold Snap"],"campfire_rested":1,"item_purchase_floors":[5,5,5],"current_hp_per_floor":[74,73,73,72,72,72,72,72,72,47,28,25,25,14,36,0],"gold":167,"neow_bonus":"BOSS_RELIC","is_prod":false,"is_daily":false,"chose_seed":false,"campfire_upgraded":2,"win_rate":0.0,"timestamp":1557894073,"path_taken":["M","M","?","M","$","R","?","R","T","?","E","M","?","M","R","BOSS"],"build_version":"2019-01-23","purchased_purges":0,"victory":false,"max_hp_per_floor":[75,75,75,75,75,75,75,75,75,75,75,75,75,75,75,75],"card_choices":[{"not_picked":["Barrage","Force Field"],"picked":"Doom and Gloom","floor":1.0},{"not_picked":["Storm","Skim"],"picked":"Gash","floor":2.0},{"not_picked":["Rebound","Compile Driver"],"picked":"Gash","floor":4.0},{"not_picked":["Stack","Steam"],"picked":"Loop","floor":10.0},{"not_picked":["Static Discharge","Cold Snap"],"picked":"Turbo","floor":11.0},{"not_picked":["Darkness","Stack"],"picked":"Hologram","floor":12.0},{"not_picked":["Hologram","Steam"],"picked":"Hyperbeam","floor":14.0}],"player_experience":131048,"relics_obtained":[{"floor":9.0,"key":"Juzu Bracelet"},{"floor":10.0,"key":"Odd Mushroom"},{"floor":11.0,"key":"Happy Flower"}],"event_choices":[{"damage_healed":0.0,"max_hp_gain":0.0,"max_hp_loss":0.0,"gold_gain":0.0,"event_name":"Golden Idol","player_choice":"Take Wound","floor":3.0,"gold_loss":0.0,"damage_taken":0.0,"relics_obtained":["Golden Idol"],"cards_obtained":["Injury"]},{"damage_healed":0.0,"max_hp_gain":0.0,"max_hp_loss":0.0,"gold_gain":0.0,"event_name":"Match and Keep!","player_choice":"2 cards matched","floor":7.0,"gold_loss":0.0,"damage_taken":0.0,"cards_obtained":["Zap","Turbo"]},{"damage_healed":0.0,"max_hp_gain":0.0,"max_hp_loss":0.0,"gold_gain":0.0,"event_name":"Mushrooms","player_choice":"Fought Mushrooms","floor":10.0,"gold_loss":0.0,"damage_taken":0.0},{"damage_healed":0.0,"max_hp_gain":0.0,"max_hp_loss":0.0,"gold_gain":0.0,"event_name":"Dead Adventurer","player_choice":"Searched \u00271\u0027 times","floor":13.0,"gold_loss":0.0,"damage_taken":0.0}],"is_beta":false,"boss_relics":[],"items_purged_floors":[],"is_endless":false,"potions_floor_spawned":[1,2,11],"killed_by":"Hexaghost","ascension_level":0}