{"gold_per_floor":[116,132,132,143,156,186,201,201],"floor_reached":8,"playtime":968,"items_purged":[],"score":60,"play_id":"1dd0abb3-3ceb-4f3b-a235-bd285f03d510","local_time":"20190513001409","is_ascension_mode":false,"campfire_choices":[],"neow_cost":"NONE","seed_source_timestamp":0,"circlet_count":0,"master_deck":["Strike_B","Strike_B","Strike_B","Strike_B+1","Defend_B","Defend_B","Defend_B+1","Defend_B","Zap","Dualcast","Capacitor","Lockon","Static Discharge","Amplify","Auto Shields","Beam Cell"],"special_seed":0,"relics":["Cracked Core","Mercury Hourglass"],"potions_floor_usage":[8,8],"damage_taken":[{"damage":2.0,"enemies":"Small Slimes","floor":1.0,"turns":4.0},{"damage":6,"enemies":"Jaw Worm","floor":2,"turns":3},{"damage":6,"enemies":"Cultist","floor":4,"turns":3},{"damage":5,"enemies":"2 Fungi Beasts","floor":5,"turns":3},{"damage":19,"enemies":"Gremlin Nob","floor":6,"turns":4},{"damage":17,"enemies":"Exordium Thugs","floor":7,"turns":4},{"damage":18,"enemies":"Lagavulin","floor":8,"turns":3}],"seed_played":"5888752519016977670","potions_obtained":[{"floor":4,"key":"SteroidPotion"},{"floor":6,"key":"Energy Potion"},{"floor":7,"key":"LiquidBronze"}],"is_trial":false,"path_per_floor":["M","M","?","M","M","E","M","E"],"character_chosen":"DEFECT","items_purchased":[],"campfire_rested":0,"item_purchase_floors":[],"current_hp_per_floor":[80,74,58,52,47,28,11,0],"gold":201,"neow_bonus":"TEN_PERCENT_HP_BONUS","is_prod":false,"is_daily":false,"chose_seed":false,"campfire_upgraded":0,"win_rate":0.0,"timestamp":1557731649,"path_taken":["M","M","?","M","M","E","M","E"],"build_version":"2019-01-23","purchased_purges":0,"victory":false,"max_hp_per_floor":[82,82,82,82,82,82,82,82],"card_choices":[{"not_picked":["Ball Lightning","Leap"],"picked":"Capacitor","floor":1.0},{"not_picked":["Stack","Hologram"],"picked":"Lockon","floor":2},{"not_picked":["Glacier","Hello World"],"picked":"Static Discharge","floor":4},{"not_picked":["Scrape","Streamline"],"picked":"Amplify","floor":5},{"not_picked":["Gash","Coolheaded"],"picked":"Auto Shields","floor":6},{"not_picked":["Cold Snap","Auto Shields"],"picked":"Beam Cell","floor":7}],"player_experience":22942,"relics_obtained":[{"floor":6,"key":"Mercury Hourglass"}],"event_choices":[{"damage_healed":0,"gold_gain":0,"player_choice":"Entered Light","damage_taken":16,"max_hp_gain":0,"max_hp_loss":0,"event_name":"Shining Light","floor":3,"gold_loss":0,"cards_upgraded":["Defend_B","Strike_B"]}],"is_beta":false,"boss_relics":[],"items_purged_floors":[],"is_endless":false,"potions_floor_spawned":[4,6,7],"killed_by":"Lagavulin","ascension_level":0}