{"gold_per_floor":[116,116,126,144,144,144,173,173,173,173,173,186,199,218,218,319,319,301,211,226,226,226],"floor_reached":22,"playtime":1298,"items_purged":[],"score":214,"play_id":"e0cfa7be-8a17-4c45-b158-a258055d9279","local_time":"20190607155232","is_ascension_mode":true,"campfire_choices":[{"data":"Dualcast","floor":6.0,"key":"SMITH"},{"floor":11.0,"key":"REST"},{"floor":15.0,"key":"REST"}],"neow_cost":"NONE","seed_source_timestamp":0,"circlet_count":0,"master_deck":["Strike_B","Strike_B","Strike_B","Defend_B","Defend_B","Defend_B+1","Zap","Dualcast+1","Sweeping Beam","Double Energy","Hologram","Beam Cell+1","Steam","Leap","Multi-Cast","Hologram","Cold Snap+1"],"special_seed":0,"relics":["Cracked Core","NeowsBlessing","Singing Bowl","Molten Egg 2","Orichalcum","Kunai","Inserter"],"potions_floor_usage":[16,21],"damage_taken":[{"damage":0.0,"enemies":"Jaw Worm","floor":1.0,"turns":1.0},{"damage":0.0,"enemies":"Cultist","floor":3.0,"turns":1.0},{"damage":0.0,"enemies":"2 Louse","floor":4.0,"turns":1.0},{"damage":41.0,"enemies":"Lagavulin","floor":7.0,"turns":6.0},{"damage":28.0,"enemies":"Exordium Thugs","floor":12.0,"turns":5.0},{"damage":5.0,"enemies":"Looter","floor":13.0,"turns":2.0},{"damage":9.0,"enemies":"Red Slaver","floor":14.0,"turns":2.0},{"damage":16,"enemies":"The Guardian","floor":16,"turns":13},{"damage":32,"enemies":"2 Thieves","floor":18,"turns":4},{"damage":27,"enemies":"Chosen","floor":20,"turns":6},{"damage":23,"enemies":"Shelled Parasite and Fungi","floor":22,"turns":4}],"seed_played":"-5444433683471639492","potions_obtained":[{"floor":3.0,"key":"FearPotion"},{"floor":12.0,"key":"SmokeBomb"},{"floor":14.0,"key":"FearPotion"},{"floor":20,"key":"SpeedPotion"},{"floor":21,"key":"Fruit Juice"},{"floor":21,"key":"Fire Potion"},{"floor":21,"key":"Strength Potion"}],"is_trial":false,"path_per_floor":["M","?","M","M","$","R","E","?","T","?","R","M","M","M","R","B",null,"M","?","M","?","M"],"character_chosen":"DEFECT","items_purchased":[],"campfire_rested":2,"item_purchase_floors":[],"current_hp_per_floor":[75,75,75,75,75,75,34,31,31,24,46,18,13,4,26,10,75,43,43,16,21,0],"gold":226,"neow_bonus":"THREE_ENEMY_KILL","is_prod":false,"is_daily":false,"chose_seed":false,"campfire_upgraded":1,"win_rate":0,"timestamp":1559947952,"path_taken":["M","?","?","M","$","R","E","?","T","?","R","M","M","?","R","BOSS","M","?","?","?","?"],"build_version":"2019-01-23","purchased_purges":0,"victory":false,"max_hp_per_floor":[75,75,75,75,75,75,75,75,75,75,75,75,75,75,75,75,75,75,75,75,80,80],"card_choices":[{"not_picked":["Aggregate","Beam Cell"],"picked":"Redo","floor":1.0},{"not_picked":["Genetic Algorithm","Aggregate"],"picked":"Sweeping Beam","floor":3.0},{"not_picked":["Go for the Eyes","Leap"],"picked":"Double Energy","floor":4.0},{"not_picked":["Steam Power","Force Field"],"picked":"Hologram","floor":7.0},{"not_picked":["Rebound+1","Coolheaded"],"picked":"Beam Cell+1","floor":12.0},{"not_picked":["Ball Lightning+1","Defragment"],"picked":"Steam","floor":13.0},{"not_picked":["Lockon+1","Static Discharge"],"picked":"Leap","floor":14.0},{"not_picked":["Rainbow","Core Surge+1"],"picked":"Multi-Cast","floor":16},{"not_picked":["Rebound+1","Streamline+1"],"picked":"Hologram","floor":18},{"not_picked":["Steam","Streamline+1"],"picked":"Cold Snap+1","floor":20}],"player_experience":477445,"relics_obtained":[{"floor":7.0,"key":"Molten Egg 2"},{"floor":9.0,"key":"Kunai"}],"event_choices":[{"cards_removed":["Redo"],"damage_healed":0.0,"max_hp_gain":0.0,"max_hp_loss":0.0,"gold_gain":0.0,"event_name":"WeMeetAgain","player_choice":"Gave Card","floor":2.0,"gold_loss":0.0,"damage_taken":0.0,"relics_obtained":["Singing Bowl"]},{"damage_healed":0.0,"max_hp_gain":0.0,"max_hp_loss":0.0,"gold_gain":0.0,"event_name":"Scrap Ooze","player_choice":"Success","floor":8.0,"gold_loss":0.0,"damage_taken":3.0,"relics_obtained":["Orichalcum"]},{"cards_removed":["Defend_B"],"damage_healed":0.0,"max_hp_gain":0.0,"max_hp_loss":0.0,"gold_gain":0.0,"event_name":"Golden Wing","player_choice":"Card Removal","floor":10.0,"gold_loss":0.0,"damage_taken":7.0},{"cards_removed":["Strike_B"],"damage_healed":0,"gold_gain":0,"player_choice":"Upgrade and Remove","damage_taken":0,"max_hp_gain":0,"max_hp_loss":0,"event_name":"Designer","floor":19,"gold_loss":90,"cards_upgraded":["Defend_B"]},{"damage_healed":0,"gold_gain":0,"player_choice":"Got Potions","damage_taken":0,"max_hp_gain":0,"max_hp_loss":0,"event_name":"Lab","floor":21,"gold_loss":0}],"is_beta":false,"boss_relics":[{"not_picked":["Coffee Dripper","White Beast Statue"],"picked":"Inserter"}],"items_purged_floors":[],"is_endless":false,"potions_floor_spawned":[3,12,14,20],"killed_by":"Shelled Parasite and Fungi","ascension_level":3}