{"gold_per_floor":[110,135,152,102,102,131,15,15,42,42,56,84,84,142,142,142],"floor_reached":16,"playtime":1190,"items_purged":[],"score":162,"play_id":"24e974f1-c803-48f3-8e36-7bce6be2f587","local_time":"20190720125243","is_ascension_mode":true,"campfire_choices":[{"floor":8.0,"key":"REST"},{"floor":13.0,"key":"REST"},{"data":"Hologram","floor":15,"key":"SMITH"}],"neow_cost":"TEN_PERCENT_HP_LOSS","seed_source_timestamp":483122749613377,"circlet_count":0,"master_deck":["Strike_B","Strike_B","Strike_B","Defend_B","Defend_B","Defend_B","Defend_B","Zap+1","Dualcast","Genetic Algorithm+1","Turbo","Beam Cell","Sunder","Capacitor","Gash","Seek","Hologram+1"],"special_seed":0,"relics":["Cracked Core","WingedGreaves","Bag of Marbles","Kunai","Pen Nib","Bag of Preparation","Tiny Chest"],"potions_floor_usage":[14,16],"damage_taken":[{"damage":1.0,"enemies":"Cultist","floor":1.0,"turns":3.0},{"damage":0.0,"enemies":"Small Slimes","floor":3.0,"turns":3.0},{"damage":36.0,"enemies":"3 Sentries","floor":6.0,"turns":12.0},{"damage":3.0,"enemies":"Jaw Worm","floor":11.0,"turns":4.0},{"damage":12.0,"enemies":"Gremlin Nob","floor":12.0,"turns":3.0},{"damage":15,"enemies":"Lagavulin","floor":14,"turns":5},{"damage":42,"enemies":"The Guardian","floor":16,"turns":4}],"seed_played":"8842475331952330553","potions_obtained":[{"floor":3.0,"key":"Weak Potion"},{"floor":6.0,"key":"EssenceOfSteel"},{"floor":10.0,"key":"Fruit Juice"},{"floor":10.0,"key":"LiquidBronze"},{"floor":10.0,"key":"AttackPotion"},{"floor":14,"key":"Fruit Juice"}],"is_trial":false,"path_per_floor":["M","T","M","?","?","E","$","R","T","?","M","E","R","E","R","B"],"character_chosen":"DEFECT","items_purchased":["Sunder","Capacitor"],"campfire_rested":2,"item_purchase_floors":[7,7],"current_hp_per_floor":[67,67,67,67,53,17,17,37,37,42,39,27,48,38,38,0],"gold":142,"neow_bonus":"ONE_RARE_RELIC","is_prod":false,"is_daily":false,"chose_seed":false,"campfire_upgraded":1,"win_rate":0,"timestamp":1563641563,"path_taken":["M","?","M","?","?","E","?","R","T","?","M","E","R","E","R","BOSS"],"build_version":"2019-07-17","purchased_purges":0,"victory":false,"max_hp_per_floor":[68,68,68,68,68,68,68,68,68,73,73,73,73,78,78,78],"card_choices":[{"not_picked":["Conserve Battery","Auto Shields"],"picked":"Genetic Algorithm","floor":1.0},{"not_picked":["Storm","Aggregate"],"picked":"Turbo","floor":3.0},{"not_picked":["Coolheaded","Conserve Battery"],"picked":"Beam Cell","floor":6.0},{"not_picked":["Streamline","Leap"],"picked":"Gash","floor":11.0},{"not_picked":["Stack","Redo"],"picked":"Seek","floor":12.0},{"not_picked":["Compile Driver","Conserve Battery"],"picked":"Hologram","floor":14}],"player_experience":1005571,"relics_obtained":[{"floor":2.0,"key":"Bag of Marbles"},{"floor":6.0,"key":"Kunai"},{"floor":9.0,"key":"Pen Nib"},{"floor":12.0,"key":"Bag of Preparation"},{"floor":14,"key":"Tiny Chest"}],"event_choices":[{"cards_removed":["Strike_B"],"damage_healed":0.0,"max_hp_gain":0.0,"max_hp_loss":0.0,"gold_gain":0.0,"event_name":"The Cleric","player_choice":"Card Removal","floor":4.0,"gold_loss":50.0,"damage_taken":0.0},{"damage_healed":0.0,"max_hp_gain":0.0,"max_hp_loss":0.0,"gold_gain":0.0,"event_name":"Shining Light","player_choice":"Entered Light","floor":5.0,"gold_loss":0.0,"damage_taken":14.0,"cards_upgraded":["Genetic Algorithm","Zap"]},{"damage_healed":0.0,"max_hp_gain":0.0,"max_hp_loss":0.0,"gold_gain":0.0,"event_name":"Lab","player_choice":"Got Potions","floor":10.0,"gold_loss":0.0,"damage_taken":0.0}],"is_beta":false,"boss_relics":[],"items_purged_floors":[],"is_endless":false,"potions_floor_spawned":[3,6,14],"killed_by":"The Guardian","ascension_level":8}