{"gold_per_floor":[116,116,135,66,66,93,104,104,104,115,115,150,170,188,188,293,293,311,311],"floor_reached":19,"playtime":1284,"items_purged":[],"score":265,"play_id":"69455bf8-676e-4186-b350-e9c934a023bb","local_time":"20190629052516","is_ascension_mode":true,"campfire_choices":[{"data":"Zap","floor":8.0,"key":"SMITH"},{"data":"Dualcast","floor":11.0,"key":"SMITH"},{"data":"Defragment","floor":15.0,"key":"SMITH"}],"neow_cost":"NONE","seed_source_timestamp":0,"circlet_count":0,"master_deck":["Strike_B","Strike_B","Strike_B","Strike_B","Defend_B","Defend_B","Defend_B","Defend_B","Zap+1","Dualcast+1","Skim","Go for the Eyes","Self Repair","Discovery","Auto Shields","Defragment","Coolheaded","Hologram","Go for the Eyes","Defragment+1","All For One","Defragment"],"special_seed":0,"relics":["Cracked Core","NeowsBlessing","Incense Burner","Mummified Hand","Dodecahedron","Sozu"],"potions_floor_usage":[],"damage_taken":[{"damage":0.0,"enemies":"Small Slimes","floor":1.0,"turns":1.0},{"damage":0.0,"enemies":"Cultist","floor":3.0,"turns":1.0},{"damage":0.0,"enemies":"Lagavulin","floor":6.0,"turns":1.0},{"damage":6.0,"enemies":"Jaw Worm","floor":7.0,"turns":3.0},{"damage":0.0,"enemies":"Lots of Slimes","floor":10.0,"turns":1.0},{"damage":23.0,"enemies":"Gremlin Nob","floor":12.0,"turns":5.0},{"damage":4.0,"enemies":"2 Fungi Beasts","floor":13.0,"turns":4.0},{"damage":11.0,"enemies":"Looter","floor":14.0,"turns":2.0},{"damage":8.0,"enemies":"Hexaghost","floor":16.0,"turns":11.0},{"damage":17.0,"enemies":"3 Byrds","floor":18.0,"turns":6.0},{"damage":61,"enemies":"Masked Bandits","floor":19,"turns":3}],"seed_played":"7812987654950348610","potions_obtained":[{"floor":1.0,"key":"Ancient Potion"},{"floor":6.0,"key":"Explosive Potion"},{"floor":10.0,"key":"EntropicBrew"},{"floor":13.0,"key":"Explosive Potion"}],"is_trial":false,"path_per_floor":["M","?","M","$","?","E","M","R","T","M","R","E","M","M","R","B",null,"M","?"],"character_chosen":"DEFECT","items_purchased":["Self Repair"],"campfire_rested":0,"item_purchase_floors":[4],"current_hp_per_floor":[68,75,75,75,75,75,75,75,75,75,75,59,62,58,58,57,71,61,0],"gold":311,"neow_bonus":"THREE_ENEMY_KILL","is_prod":false,"is_daily":false,"chose_seed":false,"campfire_upgraded":3,"win_rate":0,"timestamp":1561800316,"path_taken":["M","?","?","?","?","E","M","R","T","M","R","E","?","M","R","BOSS","M","?"],"build_version":"2019-01-23","purchased_purges":0,"victory":false,"max_hp_per_floor":[75,75,75,75,75,75,75,75,75,75,75,75,75,75,75,75,75,75,75],"card_choices":[{"not_picked":["Tempest","Recycle"],"picked":"Skim","floor":1.0},{"not_picked":["Doom and Gloom","Sweeping Beam"],"picked":"Go for the Eyes","floor":3.0},{"not_picked":["Rebound","Consume"],"picked":"Auto Shields","floor":6.0},{"not_picked":["Static Discharge","Conserve Battery"],"picked":"Defragment","floor":7.0},{"not_picked":["Consume","Turbo"],"picked":"Coolheaded","floor":10.0},{"not_picked":["Stack","Lockon"],"picked":"Hologram","floor":12.0},{"not_picked":["Barrage","Tempest"],"picked":"Go for the Eyes","floor":13.0},{"not_picked":["Stack","Skim"],"picked":"Defragment","floor":14.0},{"not_picked":["Meteor Strike","Thunder Strike"],"picked":"All For One","floor":16.0},{"not_picked":["Rip and Tear","Doom and Gloom"],"picked":"Defragment","floor":18.0}],"player_experience":688592,"relics_obtained":[{"floor":6.0,"key":"Incense Burner"},{"floor":9.0,"key":"Mummified Hand"},{"floor":12.0,"key":"Dodecahedron"}],"event_choices":[{"damage_healed":7.0,"max_hp_gain":0.0,"max_hp_loss":0.0,"gold_gain":0.0,"event_name":"Wheel of Change","player_choice":"Full Heal","floor":2.0,"gold_loss":0.0,"damage_taken":0.0},{"damage_healed":0.0,"max_hp_gain":0.0,"max_hp_loss":0.0,"gold_gain":0.0,"event_name":"Match and Keep!","player_choice":"1 cards matched","floor":5.0,"gold_loss":0.0,"damage_taken":0.0,"cards_obtained":["Discovery"]},{"damage_healed":0,"gold_gain":0,"player_choice":"Fought Bandits","damage_taken":0,"max_hp_gain":0,"max_hp_loss":0,"event_name":"Masked Bandits","floor":19,"gold_loss":0}],"is_beta":false,"boss_relics":[{"not_picked":["Fusion Hammer","Runic Dome"],"picked":"Sozu"}],"items_purged_floors":[],"is_endless":false,"potions_floor_spawned":[1,6,10,13],"killed_by":"Masked Bandits","ascension_level":6}