{"gold_per_floor":[115,129,204,55,55,86,86,117,117,129,145,145],"floor_reached":12,"playtime":730,"items_purged":[],"score":101,"play_id":"10cf5571-2afa-4d5b-b6a5-32ee316876c0","local_time":"20190607123536","is_ascension_mode":true,"campfire_choices":[{"data":"Dualcast","floor":7,"key":"SMITH"}],"neow_cost":"NONE","seed_source_timestamp":326798701363782,"circlet_count":0,"master_deck":["Strike_B","Strike_B","Strike_B","Strike_B","Defend_B","Defend_B","Defend_B","Defend_B","Zap","Dualcast+1","Auto Shields","Rebound","Scrape","FTL","Sweeping Beam","Echo Form","Hologram","Gash"],"relics":["Runic Dome","Pantograph","Bronze Scales","WingedGreaves","Anchor"],"potions_floor_usage":[8],"damage_taken":[{"damage":0,"enemies":"2 Louse","floor":1,"turns":3},{"damage":0,"enemies":"Jaw Worm","floor":2,"turns":4},{"damage":25,"enemies":"3 Sentries","floor":6,"turns":10},{"damage":14,"enemies":"Lagavulin","floor":8,"turns":6},{"damage":0,"enemies":"Small Slimes","floor":10,"turns":3},{"damage":0,"enemies":"3 Louse","floor":11,"turns":2},{"damage":26,"enemies":"Gremlin Nob","floor":12,"turns":3}],"seed_played":"1173244543540052767","potions_obtained":[{"floor":6,"key":"Poison Potion"},{"floor":11,"key":"LiquidBronze"}],"is_trial":false,"path_per_floor":["M","M","?","$","?","E","R","E","T","M","M","E"],"character_chosen":"DEFECT","items_purchased":["Scrape","FTL"],"campfire_rested":0,"item_purchase_floors":[4,4],"current_hp_per_floor":[75,75,64,64,52,27,27,13,13,13,13,0],"gold":145,"neow_bonus":"BOSS_RELIC","is_prod":false,"is_daily":false,"chose_seed":false,"campfire_upgraded":1,"win_rate":0,"timestamp":1559936136,"path_taken":["M","M","?","$","?","E","R","E","T","M","M","E"],"build_version":"2019-01-23","purchased_purges":0,"victory":false,"max_hp_per_floor":[75,75,75,75,75,75,75,75,75,75,75,75],"card_choices":[{"not_picked":["Sweeping Beam","Storm"],"picked":"Auto Shields","floor":1},{"not_picked":["Blizzard","Hello World"],"picked":"Rebound","floor":2},{"not_picked":["Leap","Reinforced Body"],"picked":"Sweeping Beam","floor":6},{"not_picked":["Steam Power","Ball Lightning"],"picked":"Echo Form","floor":8},{"not_picked":["Conserve Battery","Rip and Tear"],"picked":"Hologram","floor":10},{"not_picked":["Heatsinks","Undo"],"picked":"Gash","floor":11}],"player_experience":473538,"relics_obtained":[{"floor":6,"key":"Bronze Scales"},{"floor":8,"key":"WingedGreaves"},{"floor":9,"key":"Anchor"}],"event_choices":[{"damage_healed":0,"gold_gain":75,"player_choice":"Gather Gold","damage_taken":11,"max_hp_gain":0,"max_hp_loss":0,"event_name":"World of Goop","floor":3,"gold_loss":0},{"damage_healed":0,"gold_gain":0,"player_choice":"Success","damage_taken":12,"relics_obtained":["Pantograph"],"max_hp_gain":0,"max_hp_loss":0,"event_name":"Scrap Ooze","floor":5,"gold_loss":0}],"is_beta":false,"boss_relics":[],"items_purged_floors":[],"is_endless":false,"potions_floor_spawned":[6,11],"killed_by":"Gremlin Nob","ascension_level":3}