{"gold_per_floor":[363,363,27,42,42,42,60,100,124,155,123,159,159,178,178,178],"floor_reached":16,"playtime":1691,"items_purged":[],"score":153,"play_id":"401bd431-2b4a-47ac-b554-d740f56c3d93","local_time":"20190707154658","is_ascension_mode":true,"campfire_choices":[{"data":"Neutralize","floor":6,"key":"SMITH"},{"floor":13,"key":"REST"},{"data":"Footwork","floor":15,"key":"SMITH"}],"neow_cost":"TEN_PERCENT_HP_LOSS","seed_source_timestamp":338290001948024,"circlet_count":0,"master_deck":["Strike_G","Strike_G","Strike_G","Strike_G","Strike_G","Defend_G","Defend_G","Defend_G","Defend_G","Defend_G","Survivor","Neutralize+1","Noxious Fumes","Cloak And Dagger","Footwork+1","Bouncing Flask","Distraction","Dodge and Roll","After Image","A Thousand Cuts","Catalyst","Distraction"],"relics":["Ring of the Snake","Golden Idol","Ornamental Fan","Regal Pillow","Bottled Lightning","Prayer Wheel"],"potions_floor_usage":[12,14,16,16],"damage_taken":[{"damage":0,"enemies":"Small Slimes","floor":1,"turns":3},{"damage":1,"enemies":"Jaw Worm","floor":4,"turns":5},{"damage":0,"enemies":"Cultist","floor":7,"turns":4},{"damage":18,"enemies":"3 Sentries","floor":8,"turns":8},{"damage":12,"enemies":"Lagavulin","floor":10,"turns":7},{"damage":6,"enemies":"3 Sentries","floor":12,"turns":10},{"damage":9,"enemies":"Red Slaver","floor":14,"turns":6},{"damage":35,"enemies":"Slime Boss","floor":16,"turns":10}],"seed_played":"7418712941889636823","potions_obtained":[{"floor":4,"key":"Explosive Potion"},{"floor":8,"key":"SkillPotion"},{"floor":10,"key":"SkillPotion"},{"floor":12,"key":"Ancient Potion"},{"floor":14,"key":"Dexterity Potion"}],"is_trial":false,"path_per_floor":["M","?","$","M","$","R","M","E","T","E","?","E","R","M","R","B"],"character_chosen":"THE_SILENT","items_purchased":["Ornamental Fan","Cloak And Dagger","Footwork"],"campfire_rested":1,"item_purchase_floors":[3,3,3],"current_hp_per_floor":[63,48,48,47,47,47,47,29,29,17,17,11,44,35,35,0],"gold":178,"neow_bonus":"TWO_FIFTY_GOLD","is_prod":false,"is_daily":false,"chose_seed":false,"campfire_upgraded":2,"win_rate":0,"timestamp":1562528818,"path_taken":["M","?","$","M","$","R","M","E","T","E","?","E","R","M","R","BOSS"],"build_version":"2019-07-05","purchased_purges":0,"victory":false,"max_hp_per_floor":[63,63,63,63,63,63,63,63,63,63,63,63,63,63,63,63],"card_choices":[{"not_picked":["Sucker Punch","Deadly Poison"],"picked":"Noxious Fumes","floor":1},{"not_picked":["Finisher","Poisoned Stab"],"picked":"Bouncing Flask","floor":4},{"not_picked":["Poisoned Stab","Prepared"],"picked":"Distraction","floor":7},{"not_picked":["Dagger Throw","Underhanded Strike"],"picked":"Dodge and Roll","floor":8},{"not_picked":["Dagger Spray","Outmaneuver"],"picked":"After Image","floor":10},{"not_picked":["Calculated Gamble","Finisher"],"picked":"A Thousand Cuts","floor":12},{"not_picked":["Dodge and Roll","Backflip"],"picked":"Catalyst","floor":14},{"not_picked":["Eviscerate","Endless Agony"],"picked":"Distraction","floor":14}],"player_experience":809653,"relics_obtained":[{"floor":8,"key":"Regal Pillow"},{"floor":10,"key":"Bottled Lightning"},{"floor":12,"key":"Prayer Wheel"}],"event_choices":[{"damage_healed":0,"gold_gain":0,"player_choice":"Take Damage","damage_taken":15,"relics_obtained":["Golden Idol"],"max_hp_gain":0,"max_hp_loss":0,"event_name":"Golden Idol","floor":2,"gold_loss":0},{"damage_healed":0,"gold_gain":0,"player_choice":"Left Gold","damage_taken":0,"max_hp_gain":0,"max_hp_loss":0,"event_name":"World of Goop","floor":11,"gold_loss":32}],"is_beta":false,"boss_relics":[],"items_purged_floors":[],"is_endless":false,"potions_floor_spawned":[4,8,10,12,14],"killed_by":"Slime Boss","ascension_level":6}