{"gold_per_floor":[111,127,140,41,191,191,191,201,201,212,246,246,92,92,92,182,182,206,206,224,224,26,26],"floor_reached":23,"playtime":3774,"items_purged":["Defend_B"],"score":431,"play_id":"c44aad24-b4f0-46c2-ad7a-dc1b11d01406","local_time":"20190908111915","is_ascension_mode":true,"campfire_choices":[{"data":"Dualcast","floor":6.0,"key":"SMITH"},{"data":"Self Repair","floor":12.0,"key":"SMITH"},{"data":"Beam Cell","floor":15.0,"key":"SMITH"}],"neow_cost":"NONE","seed_source_timestamp":50237414038319,"circlet_count":0,"master_deck":["AscendersBane","Strike_B","Strike_B","Strike_B","Strike_B","Defend_B","Defend_B","Defend_B","Zap+1","Dualcast+1","Glacier","Chill","Self Repair+1","Hologram","Doubt","Beam Cell+1","Gash","Core Surge","All For One","Pain","Shame","Clumsy","Buffer","Reprogram"],"special_seed":0,"relics":["Cracked Core","Bag of Preparation","Shuriken","Darkstone Periapt","Golden Idol","Calling Bell","Happy Flower","Cables","Shovel","MutagenicStrength","OrangePellets"],"potions_floor_usage":[23],"damage_taken":[{"damage":1.0,"enemies":"Cultist","floor":1.0,"turns":3.0},{"damage":0.0,"enemies":"Small Slimes","floor":2.0,"turns":3.0},{"damage":0.0,"enemies":"Jaw Worm","floor":3.0,"turns":4.0},{"damage":4.0,"enemies":"Large Slime","floor":8.0,"turns":7.0},{"damage":4.0,"enemies":"3 Louse","floor":10.0,"turns":3.0},{"damage":22.0,"enemies":"Lagavulin","floor":11.0,"turns":8.0},{"damage":44.0,"enemies":"The Guardian","floor":16.0,"turns":11.0},{"damage":25.0,"enemies":"2 Thieves","floor":18.0,"turns":5.0},{"damage":10.0,"enemies":"Chosen","floor":20.0,"turns":4.0},{"damage":64,"enemies":"Book of Stabbing","floor":23,"turns":4}],"seed_played":"5415812565849482184","potions_obtained":[{"floor":1.0,"key":"Regen Potion"},{"floor":2.0,"key":"SpeedPotion"},{"floor":11.0,"key":"Strength Potion"}],"is_trial":false,"path_per_floor":["M","M","M","$","?","R","T","M","T","M","E","R","$","?","R","B",null,"M","?","M","?","$","E"],"character_chosen":"DEFECT","items_purchased":["Hologram","Core Surge","OrangePellets"],"campfire_rested":0,"item_purchase_floors":[4,13,22],"current_hp_per_floor":[63,63,63,63,63,63,63,66,66,69,54,54,54,54,54,33,74,59,59,59,59,59,0],"gold":26,"neow_bonus":"UPGRADE_CARD","is_prod":false,"is_daily":false,"chose_seed":false,"campfire_upgraded":3,"win_rate":0,"timestamp":1567955955,"path_taken":["M","?","M","$","?","R","?","M","T","M","E","R","$","?","R","BOSS","M","?","M","?","$","E"],"build_version":"2019-07-17","purchased_purges":1,"victory":false,"max_hp_per_floor":[71,71,71,71,71,71,71,71,71,71,71,71,71,64,64,64,82,82,82,82,82,82,82],"card_choices":[{"not_picked":["Force Field","Steam"],"picked":"Glacier","floor":1.0},{"not_picked":["Glacier","Redo"],"picked":"Chill","floor":2.0},{"not_picked":["Steam Power","Barrage"],"picked":"Self Repair","floor":3.0},{"not_picked":["Gash","Double Energy"],"picked":"Beam Cell","floor":8.0},{"not_picked":["Redo","Compile Driver"],"picked":"Gash","floor":10.0},{"not_picked":["Fusion","Coolheaded","Hello World"],"picked":"SKIP","floor":11.0},{"not_picked":["Reboot","Buffer"],"picked":"All For One","floor":16.0},{"not_picked":["Beam Cell","Compile Driver"],"picked":"Buffer","floor":18.0},{"not_picked":["Compile Driver","Hologram"],"picked":"Reprogram","floor":20.0}],"player_experience":1336786,"relics_obtained":[{"floor":7.0,"key":"Bag of Preparation"},{"floor":9.0,"key":"Shuriken"},{"floor":11.0,"key":"Darkstone Periapt"},{"floor":17.0,"key":"Happy Flower"},{"floor":17.0,"key":"Cables"},{"floor":17.0,"key":"Shovel"}],"event_choices":[{"damage_healed":0.0,"max_hp_gain":0.0,"max_hp_loss":0.0,"gold_gain":150.0,"event_name":"Liars Game","player_choice":"AGREE","floor":5.0,"gold_loss":0.0,"damage_taken":0.0,"cards_obtained":["Doubt"]},{"damage_healed":0.0,"max_hp_gain":0.0,"max_hp_loss":7.0,"gold_gain":0.0,"event_name":"Golden Idol","player_choice":"Lose Max HP","floor":14.0,"gold_loss":0.0,"damage_taken":0.0,"relics_obtained":["Golden Idol"]},{"damage_healed":0.0,"max_hp_gain":0.0,"max_hp_loss":0.0,"gold_gain":0.0,"event_name":"Drug Dealer","player_choice":"Inject Mutagens","floor":19.0,"gold_loss":0.0,"damage_taken":0.0,"relics_obtained":["MutagenicStrength"]},{"damage_healed":0.0,"max_hp_gain":0.0,"max_hp_loss":0.0,"gold_gain":0.0,"event_name":"Ghosts","player_choice":"Ignored","floor":21.0,"gold_loss":0.0,"damage_taken":0.0}],"is_beta":false,"boss_relics":[{"not_picked":["Fusion Hammer","Inserter"],"picked":"Calling Bell"}],"items_purged_floors":[4],"is_endless":false,"potions_floor_spawned":[1,2,11],"killed_by":"Book of Stabbing","ascension_level":15}