{"gold_per_floor":[113,188,188,42,56,56,56,79,105,118,118,152,168,168,168,299,299,312,437,4,4,25,25,39,55,55,17,30,53,67,92,92,215,215,236,255,255,39,164,164,164,197,197,197,218,218,0,25,25,25],"floor_reached":50,"playtime":7878,"items_purged":["Injury"],"score":549,"play_id":"359a1177-1ff5-4a77-b329-2fc2c9fb3aac","local_time":"20190528093437","is_ascension_mode":false,"campfire_choices":[{"data":"Noxious Fumes","floor":6.0,"key":"SMITH"},{"data":"Neutralize","floor":11.0,"key":"SMITH"},{"data":"Bouncing Flask","floor":15.0,"key":"SMITH"},{"floor":23.0,"key":"REST"},{"floor":32.0,"key":"REST"},{"data":"Burst","floor":40.0,"key":"SMITH"},{"data":"Bullet Time","floor":44.0,"key":"SMITH"},{"floor":46.0,"key":"REST"},{"data":"After Image","floor":49,"key":"SMITH"}],"neow_cost":"NONE","seed_source_timestamp":0,"circlet_count":0,"master_deck":["Defend_G","Defend_G","Defend_G","Defend_G","Defend_G","Strike_G","Strike_G","Strike_G","Survivor","Neutralize+1","Dagger Spray","Noxious Fumes+1","Backflip","Caltrops","Flying Knee","Bouncing Flask+1","Parasite","Tools of the Trade","Blade Dance","Dash+1","Infinite Blades","Blade Dance","Deflect","Bane","Endless Agony","Accuracy","Distraction","Slice","Noxious Fumes","After Image+1","Deadly Poison+1","Outmaneuver","Calculated Gamble+1","Burst+1","Underhanded Strike+1","Poisoned Stab+1","Flechettes","Tactician","Acrobatics","Backstab","Backflip","After Image","Infinite Blades","Outmaneuver","Bandage Up","Prepared+1","Madness","Madness","Bullet Time+1","Reflex+1","Distraction+1"],"special_seed":0,"relics":["Ring of the Snake","Golden Idol","Bronze Scales","CultistMask","Boot","FossilizedHelix","WristBlade","The Specimen","Pantograph","HandDrill","Meat on the Bone","Orrery","Bird Faced Urn","Happy Flower","Toxic Egg 2","Red Mask"],"potions_floor_usage":[50],"damage_taken":[{"damage":1.0,"enemies":"Small Slimes","floor":1.0,"turns":4.0},{"damage":0.0,"enemies":"Cultist","floor":5.0,"turns":3.0},{"damage":2.0,"enemies":"Jaw Worm","floor":8.0,"turns":4.0},{"damage":5.0,"enemies":"Large Slime","floor":10.0,"turns":6.0},{"damage":13.0,"enemies":"3 Sentries","floor":12.0,"turns":4.0},{"damage":0.0,"enemies":"Looter","floor":13.0,"turns":3.0},{"damage":15.0,"enemies":"The Guardian","floor":16.0,"turns":9.0},{"damage":13.0,"enemies":"3 Byrds","floor":18.0,"turns":2.0},{"damage":17.0,"enemies":"Colosseum Slavers","floor":19.0,"turns":4.0},{"damage":34.0,"enemies":"Colosseum Nobs","floor":19.0,"turns":5.0},{"damage":11.0,"enemies":"Spheric Guardian","floor":22.0,"turns":4.0},{"damage":0.0,"enemies":"Snake Plant","floor":24.0,"turns":3.0},{"damage":12.0,"enemies":"Shelled Parasite and Fungi","floor":25.0,"turns":4.0},{"damage":0.0,"enemies":"Cultist and Chosen","floor":28.0,"turns":5.0},{"damage":6.0,"enemies":"Centurion and Healer","floor":29.0,"turns":7.0},{"damage":24.0,"enemies":"Sentry and Sphere","floor":30.0,"turns":4.0},{"damage":22.0,"enemies":"Shelled Parasite and Fungi","floor":31.0,"turns":4.0},{"damage":60.0,"enemies":"Collector","floor":33.0,"turns":7.0},{"damage":0.0,"enemies":"3 Shapes","floor":35.0,"turns":5.0},{"damage":20.0,"enemies":"3 Darklings","floor":36.0,"turns":4.0},{"damage":4.0,"enemies":"Mind Bloom Boss Battle","floor":39.0,"turns":7.0},{"damage":63.0,"enemies":"Reptomancer","floor":42.0,"turns":7.0},{"damage":29.0,"enemies":"Writhing Mass","floor":45.0,"turns":6.0},{"damage":15,"enemies":"Maw","floor":48,"turns":9},{"damage":101,"enemies":"Time Eater","floor":50,"turns":10}],"seed_played":"2411810650994991981","potions_obtained":[{"floor":1.0,"key":"AttackPotion"},{"floor":10.0,"key":"FairyPotion"},{"floor":13.0,"key":"Weak Potion"},{"floor":16.0,"key":"Ancient Potion"},{"floor":24.0,"key":"PowerPotion"},{"floor":25.0,"key":"Dexterity Potion"},{"floor":30.0,"key":"FearPotion"},{"floor":31.0,"key":"Ancient Potion"},{"floor":33.0,"key":"PowerPotion"},{"floor":35.0,"key":"Weak Potion"},{"floor":39.0,"key":"GamblersBrew"},{"floor":42.0,"key":"Regen Potion"}],"is_trial":false,"path_per_floor":["M","?","?","$","M","R","?","M","T","M","R","E","M","?","R","B",null,"M","?","$","?","M","R","M","M","T","$","M","M","M","M","R","B",null,"M","M","?","$","?","R","?","E","T","R","M","R","?","M","R","B"],"character_chosen":"THE_SILENT","items_purchased":["Bronze Scales","Infinite Blades","Blade Dance","HandDrill","Deflect","Noxious Fumes","Infinite Blades","Outmaneuver","Bandage Up"],"campfire_rested":3,"item_purchase_floors":[4,20,20,20,20,27,38,38,38],"current_hp_per_floor":[76,65,65,65,65,65,65,63,63,58,58,45,45,64,64,49,77,64,13,13,13,2,25,25,13,13,13,25,31,19,18,41,18,77,77,57,57,57,76,76,66,31,31,31,34,57,57,62,62,0],"gold":25,"neow_bonus":"TEN_PERCENT_HP_BONUS","is_prod":false,"is_daily":false,"chose_seed":false,"campfire_upgraded":6,"win_rate":0.0,"timestamp":1559061277,"path_taken":["M","?","?","$","M","R","?","M","T","?","R","E","M","?","R","BOSS","M","?","$","?","M","R","M","?","T","?","M","M","M","M","R","BOSS","M","M","?","$","?","R","?","E","T","R","M","R","?","M","R","BOSS"],"build_version":"2019-01-23","purchased_purges":1,"victory":false,"max_hp_per_floor":[77,77,77,77,77,77,77,77,77,77,77,77,77,77,77,77,77,77,77,77,77,77,77,77,77,77,77,77,77,77,77,77,77,77,77,77,77,77,77,77,77,77,77,77,77,77,77,77,77,77],"card_choices":[{"not_picked":["Masterful Stab","Deadly Poison"],"picked":"Dagger Spray","floor":1.0},{"not_picked":["Prepared","Deflect"],"picked":"Noxious Fumes","floor":5.0},{"not_picked":["Crippling Poison","PiercingWail"],"picked":"Backflip","floor":8.0},{"not_picked":["Quick Slash","Calculated Gamble"],"picked":"Caltrops","floor":10.0},{"not_picked":["Underhanded Strike","Riddle With Holes"],"picked":"Flying Knee","floor":12.0},{"not_picked":["PiercingWail","Acrobatics"],"picked":"Bouncing Flask","floor":13.0},{"not_picked":["Unload","A Thousand Cuts"],"picked":"Tools of the Trade","floor":16.0},{"not_picked":["Caltrops","PiercingWail+1"],"picked":"Blade Dance","floor":18.0},{"not_picked":["Terror","Flying Knee"],"picked":"Dash+1","floor":19.0},{"not_picked":["Prepared","Deflect+1"],"picked":"Accuracy","floor":22.0},{"not_picked":["Choke","Underhanded Strike"],"picked":"Distraction","floor":24.0},{"not_picked":["Heel Hook","Sucker Punch"],"picked":"Slice","floor":25.0},{"not_picked":["Escape Plan","Deadly Poison"],"picked":"After Image","floor":28.0},{"not_picked":["Outmaneuver","Distraction"],"picked":"Deadly Poison+1","floor":29.0},{"not_picked":["Deflect+1","Blade Dance"],"picked":"Outmaneuver","floor":30.0},{"not_picked":["Dagger Throw","Slice+1"],"picked":"Calculated Gamble+1","floor":31.0},{"not_picked":["Die Die Die","Storm of Steel"],"picked":"Burst","floor":33.0},{"not_picked":["Caltrops","Deflect"],"picked":"Underhanded Strike+1","floor":34.0},{"not_picked":["Choke","Heel Hook"],"picked":"Poisoned Stab+1","floor":34.0},{"not_picked":["Predator","Deflect"],"picked":"Flechettes","floor":34.0},{"not_picked":["Eviscerate","Dash"],"picked":"Tactician","floor":34.0},{"not_picked":["Dagger Spray+1","Flying Knee"],"picked":"Acrobatics","floor":34.0},{"not_picked":["Cloak And Dagger","Dagger Spray"],"picked":"Backstab","floor":35.0},{"not_picked":["Terror","Prepared"],"picked":"Backflip","floor":36.0},{"not_picked":["Deadly Poison","Dodge and Roll"],"picked":"Prepared+1","floor":39.0},{"not_picked":["Backflip","Outmaneuver+1"],"picked":"Bullet Time","floor":42.0},{"not_picked":["Leg Sweep+1","Dodge and Roll+1"],"picked":"Reflex+1","floor":45.0},{"not_picked":["Dodge and Roll+1","Deflect+1"],"picked":"Distraction+1","floor":48}],"player_experience":226257,"relics_obtained":[{"floor":9.0,"key":"Boot"},{"floor":12.0,"key":"FossilizedHelix"},{"floor":19.0,"key":"The Specimen"},{"floor":19.0,"key":"Pantograph"},{"floor":26.0,"key":"Meat on the Bone"},{"floor":39.0,"key":"Bird Faced Urn"},{"floor":42.0,"key":"Happy Flower"},{"floor":43.0,"key":"Toxic Egg 2"}],"event_choices":[{"damage_healed":0.0,"max_hp_gain":0.0,"max_hp_loss":0.0,"gold_gain":75.0,"event_name":"World of Goop","player_choice":"Gather Gold","floor":2.0,"gold_loss":0.0,"damage_taken":11.0},{"damage_healed":0.0,"max_hp_gain":0.0,"max_hp_loss":0.0,"gold_gain":0.0,"event_name":"Golden Idol","player_choice":"Take Wound","floor":3.0,"gold_loss":0.0,"damage_taken":0.0,"relics_obtained":["Golden Idol"],"cards_obtained":["Injury"]},{"damage_healed":0.0,"max_hp_gain":0.0,"max_hp_loss":0.0,"gold_gain":0.0,"event_name":"FaceTrader","player_choice":"Trade","floor":7.0,"gold_loss":0.0,"damage_taken":0.0,"relics_obtained":["CultistMask"]},{"damage_healed":19.0,"max_hp_gain":0.0,"max_hp_loss":0.0,"gold_gain":0.0,"event_name":"Mushrooms","player_choice":"Healed and dodged fight","floor":14.0,"gold_loss":0.0,"damage_taken":0.0,"cards_obtained":["Parasite"]},{"damage_healed":0.0,"max_hp_gain":0.0,"max_hp_loss":0.0,"gold_gain":0.0,"event_name":"Colosseum","player_choice":"Fight","floor":19.0,"gold_loss":0.0,"damage_taken":0.0},{"damage_healed":0.0,"max_hp_gain":0.0,"max_hp_loss":0.0,"gold_gain":0.0,"event_name":"Colosseum","player_choice":"Fought Nobs","floor":19.0,"gold_loss":0.0,"damage_taken":0.0},{"damage_healed":0.0,"max_hp_gain":0.0,"max_hp_loss":0.0,"gold_gain":0.0,"cards_transformed":["Strike_G","Strike_G"],"event_name":"Drug Dealer","player_choice":"Became Test Subject","floor":21.0,"gold_loss":0.0,"damage_taken":0.0,"cards_obtained":["Bane","Endless Agony"]},{"damage_healed":0.0,"max_hp_gain":0.0,"max_hp_loss":0.0,"gold_gain":0.0,"event_name":"Duplicator","player_choice":"Copied","floor":37.0,"gold_loss":0.0,"damage_taken":0.0,"cards_obtained":["After Image"]},{"damage_healed":0.0,"max_hp_gain":0.0,"max_hp_loss":0.0,"gold_gain":0.0,"event_name":"MindBloom","player_choice":"Fight","floor":39.0,"gold_loss":0.0,"damage_taken":0.0},{"damage_healed":0.0,"max_hp_gain":0.0,"max_hp_loss":0.0,"gold_gain":0.0,"event_name":"Winding Halls","player_choice":"Embrace Madness","floor":41.0,"gold_loss":0.0,"damage_taken":10.0,"cards_obtained":["Madness","Madness"]},{"damage_healed":0.0,"max_hp_gain":0.0,"max_hp_loss":0.0,"gold_gain":0.0,"event_name":"Tomb of Lord Red Mask","player_choice":"Paid","floor":47.0,"gold_loss":218.0,"damage_taken":0.0,"relics_obtained":["Red Mask"]}],"is_beta":false,"boss_relics":[{"not_picked":["Philosopher\u0027s Stone","Velvet Choker"],"picked":"WristBlade"},{"not_picked":["Empty Cage","Ring of the Serpent"],"picked":"Orrery"}],"items_purged_floors":[20],"is_endless":false,"potions_floor_spawned":[1,10,13,16,24,25,30,31,33,35,39,42],"killed_by":"Time Eater","ascension_level":0}