{"gold_per_floor":[119,143,143,163,163,188,188,214,241,241,46,80,91,106,106,202,202,221,26,61,80,99,99,111,142,169,269,279,294,310,310,310,406,406,421,435,487,587,599,599,599],"floor_reached":41,"playtime":6492,"items_purged":[],"score":628,"play_id":"68050751-2af5-4bfc-881c-b022fb0c3543","local_time":"20190701122045","is_ascension_mode":true,"campfire_choices":[{"data":"Dualcast","floor":7,"key":"SMITH"},{"data":"Redo","floor":10,"key":"SMITH"},{"floor":15,"key":"REST"},{"floor":23,"key":"REST"},{"floor":32,"key":"REST"},{"data":"Secret Technique","floor":40,"key":"SMITH"}],"neow_cost":"NONE","seed_source_timestamp":51242035068315,"circlet_count":0,"master_deck":["Zap","Dualcast+1","Auto Shields","Redo+1","White Noise","Gash","Cold Snap","Core Surge","Aggregate","Turbo","Meteor Strike","Reboot","Gash","Stack","Doom and Gloom","Beam Cell","Aggregate","Chaos","White Noise","Secret Technique+1","Recycle","Force Field","Seek","FTL","Hologram","Coolheaded+1","Hologram","White Noise","Creative AI","Gash","Redo+1","Creative AI"],"relics":["Cracked Core","NeowsBlessing","Ancient Tea Set","Dead Branch","Vajra","War Paint","Blood Vial","Dream Catcher","Pandora\u0027s Box","Red Mask","Boot","Anchor","Sozu","Du-Vu Doll"],"potions_floor_usage":[16,24,25,33,33,33],"damage_taken":[{"damage":0,"enemies":"Cultist","floor":1,"turns":1},{"damage":0,"enemies":"2 Louse","floor":4,"turns":1},{"damage":0,"enemies":"3 Sentries","floor":6,"turns":1},{"damage":21,"enemies":"Gremlin Nob","floor":8,"turns":4},{"damage":8,"enemies":"3 Sentries","floor":12,"turns":6},{"damage":0,"enemies":"Small Slimes","floor":13,"turns":3},{"damage":0,"enemies":"Exordium Wildlife","floor":14,"turns":3},{"damage":43,"enemies":"Slime Boss","floor":16,"turns":8},{"damage":3,"enemies":"3 Byrds","floor":18,"turns":4},{"damage":6,"enemies":"Masked Bandits","floor":20,"turns":4},{"damage":16,"enemies":"2 Thieves","floor":21,"turns":3},{"damage":31,"enemies":"Snake Plant","floor":22,"turns":4},{"damage":2,"enemies":"Cultist and Chosen","floor":24,"turns":3},{"damage":19,"enemies":"Slavers","floor":25,"turns":6},{"damage":3,"enemies":"Centurion and Healer","floor":28,"turns":5},{"damage":18,"enemies":"Snecko","floor":29,"turns":3},{"damage":0,"enemies":"3 Cultists","floor":30,"turns":3},{"damage":10,"enemies":"Automaton","floor":33,"turns":8},{"damage":2,"enemies":"Orb Walker","floor":35,"turns":4},{"damage":35,"enemies":"3 Darklings","floor":36,"turns":3},{"damage":5,"enemies":"2 Orb Walkers","floor":37,"turns":3},{"damage":0,"enemies":"Spire Growth","floor":39,"turns":4},{"damage":49,"enemies":"Reptomancer","floor":41,"turns":4}],"seed_played":"872083827813176354","potions_obtained":[{"floor":1,"key":"FearPotion"},{"floor":6,"key":"Energy Potion"},{"floor":12,"key":"Poison Potion"},{"floor":18,"key":"FocusPotion"},{"floor":22,"key":"FocusPotion"},{"floor":24,"key":"Fruit Juice"},{"floor":25,"key":"EssenceOfSteel"},{"floor":30,"key":"Weak Potion"},{"floor":33,"key":"FocusPotion"}],"is_trial":false,"path_per_floor":["M","T","?","M","?","E","R","E","T","R","$","E","M","M","R","B",null,"M","$","?","M","M","R","M","E","T","?","M","M","M","?","R","B",null,"M","M","?","?","M","R","E"],"character_chosen":"DEFECT","items_purchased":["Blood Vial","Cold Snap","Secret Technique"],"campfire_rested":3,"item_purchase_floors":[11,11,19],"current_hp_per_floor":[68,68,53,53,53,53,53,32,32,32,32,26,28,30,52,11,59,58,58,54,40,11,33,38,21,21,21,20,4,6,6,30,22,66,66,33,30,30,32,32,0],"gold":599,"neow_bonus":"THREE_ENEMY_KILL","is_prod":false,"is_daily":false,"chose_seed":false,"campfire_upgraded":3,"win_rate":0,"timestamp":1561998045,"path_taken":["M","?","?","M","?","E","R","E","T","R","$","E","?","M","R","BOSS","M","$","?","M","M","R","M","E","T","?","M","?","M","?","R","BOSS","M","M","?","?","M","R","E"],"build_version":"2019-01-23","purchased_purges":0,"victory":false,"max_hp_per_floor":[75,75,75,75,75,75,75,75,75,75,75,75,75,75,75,75,75,75,75,75,75,75,75,80,80,80,80,80,80,80,80,80,80,80,80,80,80,80,80,80,80],"card_choices":[{"not_picked":["Rip and Tear","Rebound"],"picked":"Auto Shields","floor":1},{"not_picked":["Ball Lightning","Melter"],"picked":"Redo","floor":4},{"not_picked":["Steam","Sweeping Beam"],"picked":"White Noise","floor":6},{"not_picked":["Sweeping Beam","Leap"],"picked":"Gash","floor":8},{"not_picked":["Scrape","Defragment"],"picked":"Core Surge","floor":12},{"not_picked":["Barrage","Lockon","Cold Snap"],"picked":"SKIP","floor":13},{"not_picked":["Stack","Auto Shields"],"picked":"Aggregate","floor":14},{"not_picked":["Leap","Ball Lightning"],"picked":"Turbo","floor":15},{"not_picked":["Electrodynamics","Echo Form"],"picked":"Meteor Strike","floor":16},{"not_picked":["Undo","Storm"],"picked":"White Noise","floor":18},{"not_picked":["Redo","Beam Cell"],"picked":"Recycle","floor":20},{"not_picked":["Ball Lightning","Go for the Eyes","Stack"],"picked":"SKIP","floor":21},{"not_picked":["Barrage","Gash"],"picked":"Force Field","floor":22},{"not_picked":["Streamline","Sweeping Beam"],"picked":"Seek","floor":23},{"not_picked":["Leap","Rebound"],"picked":"FTL","floor":24},{"not_picked":["Meteor Strike","Conserve Battery"],"picked":"Hologram","floor":25},{"not_picked":["Sweeping Beam+1","Auto Shields","Blizzard"],"picked":"SKIP","floor":28},{"not_picked":["Skim","Hologram"],"picked":"Coolheaded+1","floor":29},{"not_picked":["Stack","Coolheaded"],"picked":"Hologram","floor":30},{"not_picked":["Steam","Stack"],"picked":"White Noise","floor":32},{"not_picked":["Amplify","Hyperbeam"],"picked":"Creative AI","floor":33},{"not_picked":["Glacier","Defragment"],"picked":"Gash","floor":35},{"not_picked":["Lockon+1","Sweeping Beam+1","Steam+1"],"picked":"SKIP","floor":36},{"not_picked":["Cold Snap","Conserve Battery"],"picked":"Redo+1","floor":37},{"not_picked":["Force Field+1","Leap"],"picked":"Creative AI","floor":39}],"player_experience":743930,"relics_obtained":[{"floor":2,"key":"Ancient Tea Set"},{"floor":6,"key":"Dead Branch"},{"floor":8,"key":"Vajra"},{"floor":9,"key":"War Paint"},{"floor":12,"key":"Dream Catcher"},{"floor":20,"key":"Red Mask"},{"floor":25,"key":"Boot"},{"floor":26,"key":"Anchor"},{"floor":37,"key":"Du-Vu Doll"}],"event_choices":[{"damage_healed":0,"gold_gain":0,"player_choice":"Entered Light","damage_taken":15,"max_hp_gain":0,"max_hp_loss":0,"event_name":"Shining Light","floor":3,"gold_loss":0,"cards_upgraded":["Strike_B","Defend_B"]},{"cards_removed":["Strike_B"],"damage_healed":0,"gold_gain":0,"player_choice":"Forget","damage_taken":0,"max_hp_gain":0,"max_hp_loss":0,"event_name":"Living Wall","floor":5,"gold_loss":0},{"damage_healed":0,"gold_gain":0,"player_choice":"Fought Bandits","damage_taken":0,"max_hp_gain":0,"max_hp_loss":0,"event_name":"Masked Bandits","floor":20,"gold_loss":0},{"damage_healed":0,"gold_gain":100,"player_choice":"Pray","damage_taken":0,"max_hp_gain":0,"max_hp_loss":0,"event_name":"Golden Shrine","floor":27,"gold_loss":0},{"damage_healed":0,"gold_gain":0,"player_choice":"Ignored","damage_taken":0,"max_hp_gain":0,"max_hp_loss":0,"event_name":"Cursed Tome","floor":31,"gold_loss":0},{"damage_healed":0,"gold_gain":0,"player_choice":"Fight","damage_taken":0,"max_hp_gain":0,"max_hp_loss":0,"event_name":"Mysterious Sphere","floor":37,"gold_loss":0},{"damage_healed":0,"gold_gain":100,"player_choice":"Pray","damage_taken":0,"max_hp_gain":0,"max_hp_loss":0,"event_name":"Golden Shrine","floor":38,"gold_loss":0}],"is_beta":false,"boss_relics":[{"not_picked":["Velvet Choker","Empty Cage"],"picked":"Pandora\u0027s Box"},{"not_picked":["Philosopher\u0027s Stone","FrozenCore"],"picked":"Sozu"}],"items_purged_floors":[],"is_endless":false,"potions_floor_spawned":[1,6,12,18,22,24,25,30,33,35,39],"killed_by":"Reptomancer","ascension_level":6}