{"gold_per_floor":[115,128,128,148,148,187,202,243,294,294],"floor_reached":10,"playtime":498,"items_purged":[],"score":113,"play_id":"48ecfb00-3647-49b5-a793-62c353b28a85","local_time":"20190722120229","is_ascension_mode":true,"campfire_choices":[],"neow_cost":"NONE","seed_source_timestamp":0,"circlet_count":0,"master_deck":["Strike_B","Strike_B","Strike_B","Strike_B","Defend_B","Defend_B","Defend_B","Defend_B","Zap","Dualcast","Turbo","Sunder","Injury","Conserve Battery","Coolheaded","Barrage","Conserve Battery"],"relics":["Cracked Core","NeowsBlessing","Golden Idol","NlothsMask","Darkstone Periapt","Bottled Lightning"],"potions_floor_usage":[6],"damage_taken":[{"damage":0,"enemies":"Cultist","floor":1,"turns":1},{"damage":0,"enemies":"Small Slimes","floor":2,"turns":1},{"damage":0,"enemies":"2 Louse","floor":4,"turns":1},{"damage":29,"enemies":"Lagavulin","floor":6,"turns":6},{"damage":1,"enemies":"2 Fungi Beasts","floor":7,"turns":4},{"damage":36,"enemies":"3 Sentries","floor":8,"turns":11},{"damage":3,"enemies":"Gremlin Nob","floor":10,"turns":2}],"seed_played":"-8572742729414171860","potions_obtained":[{"floor":1,"key":"AttackPotion"},{"floor":2,"key":"SmokeBomb"},{"floor":6,"key":"Fire Potion"}],"is_trial":false,"path_per_floor":["M","M","?","M","?","E","M","E","T","E"],"character_chosen":"DEFECT","items_purchased":[],"campfire_rested":0,"item_purchase_floors":[],"current_hp_per_floor":[68,68,68,68,68,39,38,2,2,0],"gold":294,"neow_bonus":"THREE_ENEMY_KILL","is_prod":false,"is_daily":false,"chose_seed":true,"campfire_upgraded":0,"win_rate":0,"timestamp":1563811349,"path_taken":["M","?","?","M","?","E","M","E","T","E"],"build_version":"2019-07-17","purchased_purges":0,"victory":false,"max_hp_per_floor":[75,75,75,75,75,75,75,75,75,75],"card_choices":[{"not_picked":["White Noise","Melter"],"picked":"Turbo","floor":1},{"not_picked":["Reinforced Body","Stack"],"picked":"Sunder","floor":2},{"not_picked":["Auto Shields","Cold Snap"],"picked":"Conserve Battery","floor":4},{"not_picked":["Aggregate","Blizzard"],"picked":"Coolheaded","floor":6},{"not_picked":["Streamline","Stack"],"picked":"Barrage","floor":7},{"not_picked":["Leap","Double Energy"],"picked":"Conserve Battery","floor":8}],"player_experience":1015921,"relics_obtained":[{"floor":6,"key":"Darkstone Periapt"},{"floor":8,"key":"Bottled Lightning"}],"event_choices":[{"damage_healed":0,"gold_gain":0,"player_choice":"Take Wound","damage_taken":0,"relics_obtained":["Golden Idol"],"max_hp_gain":0,"max_hp_loss":0,"event_name":"Golden Idol","floor":3,"gold_loss":0,"cards_obtained":["Injury"]},{"damage_healed":0,"gold_gain":0,"player_choice":"Trade","damage_taken":0,"relics_obtained":["NlothsMask"],"max_hp_gain":0,"max_hp_loss":0,"event_name":"FaceTrader","floor":5,"gold_loss":0}],"is_beta":false,"boss_relics":[],"items_purged_floors":[],"is_endless":false,"potions_floor_spawned":[1,2,6],"killed_by":"Gremlin Nob","ascension_level":9}