{"gold_per_floor":[362,312,125,125,125,155,155,167,191,191,222,247,90,101,101,197,197,208,208,239,141,159,159,193,193,220,231,231,231,12,37,37,134,134,151,373,383,383,383,35,63,76,125,125,125,125],"floor_reached":46,"playtime":4379,"items_purged":[],"score":722,"play_id":"0530248d-d443-4b42-bab4-5f54aa386a42","local_time":"20190607114933","is_ascension_mode":true,"campfire_choices":[{"floor":7.0,"key":"REST"},{"data":"Dualcast","floor":10.0,"key":"SMITH"},{"floor":15.0,"key":"REST"},{"data":"Hologram","floor":23.0,"key":"SMITH"},{"data":"Redo","floor":25.0,"key":"SMITH"},{"data":"Bite","floor":28.0,"key":"SMITH"},{"floor":32.0,"key":"REST"},{"data":"Metamorphosis","floor":45,"key":"SMITH"}],"neow_cost":"CURSE","seed_source_timestamp":0,"circlet_count":0,"master_deck":["Defend_B","Defend_B","Defend_B","Defend_B","Zap","Dualcast+1","Sweeping Beam+1","Metamorphosis+1","Machine Learning","Hologram","Redo+1","Blizzard","Turbo","Capacitor","Go for the Eyes","Reboot","Turbo","Bite","Bite","Bite+1","Bite","Bite","Hologram+1","Heatsinks","Steam","Recycle","Sweeping Beam","Echo Form","Scrape+1","Echo Form","Conserve Battery+1","Mind Blast","Forethought","Metamorphosis+1","All For One","Apotheosis","Self Repair+1","Parasite","Steam"],"special_seed":0,"relics":["Cracked Core","Gremlin Horn","Symbiotic Virus","Juzu Bracelet","Bag of Preparation","Empty Cage","Red Mask","Pen Nib","Boot","Orichalcum","Bottled Flame","Nuclear Battery","Dodecahedron","DataDisk"],"potions_floor_usage":[42],"damage_taken":[{"damage":8.0,"enemies":"Small Slimes","floor":1.0,"turns":4.0},{"damage":25.0,"enemies":"Lagavulin","floor":6.0,"turns":6.0},{"damage":2.0,"enemies":"Jaw Worm","floor":8.0,"turns":3.0},{"damage":16.0,"enemies":"3 Sentries","floor":11.0,"turns":4.0},{"damage":3.0,"enemies":"2 Louse","floor":14.0,"turns":2.0},{"damage":0.0,"enemies":"Slime Boss","floor":16.0,"turns":6.0},{"damage":3.0,"enemies":"Chosen","floor":18.0,"turns":3.0},{"damage":0.0,"enemies":"Masked Bandits","floor":20.0,"turns":2.0},{"damage":18.0,"enemies":"3 Byrds","floor":22.0,"turns":4.0},{"damage":0.0,"enemies":"Gremlin Leader","floor":24.0,"turns":4.0},{"damage":25.0,"enemies":"Centurion and Healer","floor":27.0,"turns":4.0},{"damage":1.0,"enemies":"Book of Stabbing","floor":31.0,"turns":3.0},{"damage":21.0,"enemies":"Automaton","floor":33.0,"turns":6.0},{"damage":4.0,"enemies":"3 Shapes","floor":35.0,"turns":3.0},{"damage":15.0,"enemies":"Orb Walker","floor":37.0,"turns":4.0},{"damage":50.0,"enemies":"Giant Head","floor":41.0,"turns":7.0},{"damage":4,"enemies":"Writhing Mass","floor":42,"turns":5},{"damage":24,"enemies":"3 Darklings","floor":46,"turns":2}],"seed_played":"8552618244097957148","potions_obtained":[{"floor":1.0,"key":"SteroidPotion"},{"floor":11.0,"key":"AttackPotion"},{"floor":14.0,"key":"Ancient Potion"},{"floor":16.0,"key":"Explosive Potion"},{"floor":20.0,"key":"Poison Potion"},{"floor":27.0,"key":"Strength Potion"},{"floor":31.0,"key":"Poison Potion"}],"is_trial":false,"path_per_floor":["M","?","$","?","?","E","R","M","T","R","E","T","$","M","R","B",null,"M","?","?","$","M","R","E","R","T","M","R","?","$","E","R","B",null,"M","?","M","?","?","$","E","M","T","?","R","M"],"character_chosen":"DEFECT","items_purchased":["Metamorphosis","Blizzard","Turbo","Capacitor","Heatsinks","Steam","Echo Form","Orichalcum","All For One","Apotheosis"],"campfire_rested":3,"item_purchase_floors":[3,13,13,13,21,21,30,30,40,40],"current_hp_per_floor":[67,67,67,52,34,9,31,29,29,29,13,13,13,10,32,32,75,72,52,52,52,38,38,48,48,48,23,23,15,15,23,40,38,57,55,55,42,32,32,32,5,18,18,18,18,0],"gold":125,"neow_bonus":"TWO_FIFTY_GOLD","is_prod":false,"is_daily":false,"chose_seed":false,"campfire_upgraded":5,"win_rate":0,"timestamp":1559933373,"path_taken":["M","?","$","?","?","E","R","M","T","R","E","?","$","M","R","BOSS","M","?","?","$","M","R","E","R","T","M","R","?","?","E","R","BOSS","M","?","M","?","?","?","E","M","T","?","R","M"],"build_version":"2019-01-23","purchased_purges":0,"victory":false,"max_hp_per_floor":[75,75,75,75,75,75,75,75,75,75,75,75,75,75,75,75,75,75,52,52,52,52,52,52,52,52,52,52,57,57,57,57,57,57,57,57,57,57,57,57,57,57,57,57,57,57],"card_choices":[{"not_picked":["Chaos","Gash"],"picked":"Sweeping Beam","floor":1.0},{"not_picked":["Chaos","Defragment"],"picked":"Machine Learning","floor":6.0},{"not_picked":["Undo","Darkness"],"picked":"Hologram","floor":8.0},{"not_picked":["Go for the Eyes","Stack"],"picked":"Redo","floor":11.0},{"not_picked":["Doom and Gloom","Lockon"],"picked":"Go for the Eyes","floor":14.0},{"not_picked":["Core Surge","Meteor Strike"],"picked":"Reboot","floor":16.0},{"not_picked":["Barrage+1","Beam Cell"],"picked":"Turbo","floor":18.0},{"not_picked":["Barrage+1","Skim"],"picked":"Hologram","floor":20.0},{"not_picked":["Ball Lightning","Go for the Eyes+1"],"picked":"Recycle","floor":22.0},{"not_picked":["Steam+1","Barrage"],"picked":"Sweeping Beam","floor":24.0},{"not_picked":["Ball Lightning","Darkness"],"picked":"Go for the Eyes","floor":27.0},{"not_picked":["Multi-Cast","Aggregate"],"picked":"Scrape","floor":31.0},{"not_picked":["Fission","Meteor Strike"],"picked":"Echo Form","floor":33.0},{"not_picked":["Ball Lightning+1","Leap+1","Melter+1"],"picked":"SKIP","floor":35.0},{"not_picked":["Leap","Static Discharge"],"picked":"Conserve Battery+1","floor":37.0},{"not_picked":["Thinking Ahead","Purity"],"picked":"Mind Blast","floor":38.0},{"not_picked":["PanicButton","Mind Blast"],"picked":"Forethought","floor":38.0},{"not_picked":["Mind Blast","Jack Of All Trades"],"picked":"Metamorphosis","floor":38.0},{"not_picked":["Stack","Streamline"],"picked":"Self Repair+1","floor":41.0},{"not_picked":["Sweeping Beam","Blizzard+1"],"picked":"Steam","floor":42}],"player_experience":467156,"relics_obtained":[{"floor":6.0,"key":"Symbiotic Virus"},{"floor":9.0,"key":"Juzu Bracelet"},{"floor":11.0,"key":"Bag of Preparation"},{"floor":20.0,"key":"Red Mask"},{"floor":24.0,"key":"Pen Nib"},{"floor":26.0,"key":"Boot"},{"floor":31.0,"key":"Bottled Flame"},{"floor":41.0,"key":"Dodecahedron"},{"floor":43,"key":"DataDisk"}],"event_choices":[{"cards_removed":["Pain"],"damage_healed":0.0,"max_hp_gain":0.0,"max_hp_loss":0.0,"gold_gain":0.0,"event_name":"The Cleric","player_choice":"Card Removal","floor":2.0,"gold_loss":50.0,"damage_taken":0.0},{"damage_healed":0.0,"max_hp_gain":0.0,"max_hp_loss":0.0,"gold_gain":0.0,"event_name":"Shining Light","player_choice":"Entered Light","floor":4.0,"gold_loss":0.0,"damage_taken":15.0,"cards_upgraded":["Metamorphosis","Sweeping Beam"]},{"damage_healed":0.0,"max_hp_gain":0.0,"max_hp_loss":0.0,"gold_gain":0.0,"event_name":"Scrap Ooze","player_choice":"Success","floor":5.0,"gold_loss":0.0,"damage_taken":18.0,"relics_obtained":["Gremlin Horn"]},{"damage_healed":0.0,"max_hp_gain":0.0,"max_hp_loss":23.0,"gold_gain":0.0,"event_name":"Vampires","player_choice":"Became a vampire","floor":19.0,"gold_loss":0.0,"damage_taken":0.0,"cards_obtained":["Bite","Bite","Bite","Bite","Bite"]},{"damage_healed":0.0,"max_hp_gain":0.0,"max_hp_loss":0.0,"gold_gain":0.0,"event_name":"Masked Bandits","player_choice":"Fought Bandits","floor":20.0,"gold_loss":0.0,"damage_taken":0.0},{"damage_healed":0.0,"max_hp_gain":5.0,"max_hp_loss":0.0,"gold_gain":0.0,"event_name":"Forgotten Altar","player_choice":"Shed Blood","floor":29.0,"gold_loss":0.0,"damage_taken":13.0},{"damage_healed":0.0,"max_hp_gain":0.0,"max_hp_loss":0.0,"gold_gain":222.0,"event_name":"Tomb of Lord Red Mask","player_choice":"Wore Mask","floor":36.0,"gold_loss":0.0,"damage_taken":0.0},{"damage_healed":0.0,"max_hp_gain":0.0,"max_hp_loss":0.0,"gold_gain":0.0,"event_name":"SensoryStone","player_choice":"Memory 3","floor":38.0,"gold_loss":0.0,"damage_taken":10.0},{"cards_removed":["Go for the Eyes"],"damage_healed":0.0,"max_hp_gain":0.0,"max_hp_loss":0.0,"gold_gain":0.0,"event_name":"Falling","player_choice":"Removed Attack","floor":39.0,"gold_loss":0.0,"damage_taken":0.0},{"damage_healed":0,"gold_gain":0,"player_choice":"Upgraded","damage_taken":0,"max_hp_gain":0,"max_hp_loss":0,"event_name":"Upgrade Shrine","floor":44,"gold_loss":0,"cards_upgraded":["Scrape"]}],"is_beta":false,"boss_relics":[{"not_picked":["Runic Pyramid","Fusion Hammer"],"picked":"Empty Cage"},{"not_picked":["Pandora\u0027s Box","Black Star"],"picked":"Nuclear Battery"}],"items_purged_floors":[],"is_endless":false,"potions_floor_spawned":[1,11,14,16,20,27,31],"killed_by":"3 Darklings","ascension_level":3}