{"gold_per_floor":[360,373,20,20,20,59,59,59,59,59],"floor_reached":10,"playtime":2379,"items_purged":["Shame"],"score":70,"play_id":"ec9a05be-b627-4a62-bbad-c80293d2c86c","local_time":"20190602190437","is_ascension_mode":true,"campfire_choices":[{"floor":7,"key":"REST"}],"neow_cost":"CURSE","seed_source_timestamp":589703427321984,"circlet_count":0,"master_deck":["Defend_G","Defend_G","Defend_G","Defend_G","Defend_G","Strike_G","Strike_G","Strike_G","Strike_G","Strike_G","Survivor","Neutralize","Backflip","Acrobatics","Chrysalis+1","Discovery","Bullet Time"],"relics":["Ring of the Snake","Golden Idol","The Courier"],"potions_floor_usage":[6],"damage_taken":[{"damage":5,"enemies":"2 Louse","floor":1,"turns":4},{"damage":6,"enemies":"Small Slimes","floor":2,"turns":4},{"damage":48,"enemies":"Lagavulin","floor":6,"turns":14},{"damage":30,"enemies":"3 Sentries","floor":10,"turns":9}],"seed_played":"5643227457907484861","potions_obtained":[{"floor":2,"key":"Regen Potion"}],"is_trial":false,"path_per_floor":["M","M","$","?","?","E","R","?","T","E"],"character_chosen":"THE_SILENT","items_purchased":["Chrysalis","Discovery"],"campfire_rested":1,"item_purchase_floors":[3,3],"current_hp_per_floor":[65,59,59,42,42,9,30,30,30,0],"gold":59,"neow_bonus":"TWO_FIFTY_GOLD","is_prod":false,"is_daily":false,"chose_seed":false,"campfire_upgraded":0,"win_rate":0,"timestamp":1559527477,"path_taken":["M","M","$","?","?","E","R","?","T","E"],"build_version":"2019-01-23","purchased_purges":1,"victory":false,"max_hp_per_floor":[70,70,70,70,70,70,70,70,70,70],"card_choices":[{"not_picked":["Deadly Poison","Deflect"],"picked":"Backflip","floor":1},{"not_picked":["Heel Hook","Flying Knee"],"picked":"Acrobatics","floor":2},{"not_picked":["PiercingWail","Slice"],"picked":"Bullet Time","floor":6}],"player_experience":343553,"relics_obtained":[{"floor":6,"key":"The Courier"}],"event_choices":[{"damage_healed":0,"gold_gain":0,"player_choice":"Take Damage","damage_taken":17,"relics_obtained":["Golden Idol"],"max_hp_gain":0,"max_hp_loss":0,"event_name":"Golden Idol","floor":4,"gold_loss":0},{"damage_healed":0,"gold_gain":0,"player_choice":"Grow","damage_taken":0,"max_hp_gain":0,"max_hp_loss":0,"event_name":"Living Wall","floor":5,"gold_loss":0,"cards_upgraded":["Chrysalis"]},{"damage_healed":0,"gold_gain":0,"player_choice":"Ignored","damage_taken":0,"max_hp_gain":0,"max_hp_loss":0,"event_name":"Shining Light","floor":8,"gold_loss":0}],"is_beta":false,"boss_relics":[],"items_purged_floors":[3],"is_endless":false,"potions_floor_spawned":[2],"killed_by":"3 Sentries","ascension_level":2}