{"gold_per_floor":[109,23,23,23,40,40,115,115,115,115,133,166,166,207,207,333,333,352,352,352,352,352,352,385,385,385,68,68,101,65,81,81,211,211,227,80,80,101,120,120,155,155,181,181],"floor_reached":44,"playtime":10443,"items_purged":["Strike_G"],"score":501,"play_id":"71c79561-5f6c-4fc3-a854-98b4aa18ab5a","local_time":"20190802023821","is_ascension_mode":false,"campfire_choices":[{"data":"Neutralize","floor":6.0,"key":"SMITH"},{"data":"Trip","floor":8.0,"key":"SMITH"},{"data":"Footwork","floor":13.0,"key":"SMITH"},{"floor":15.0,"key":"REST"},{"floor":23.0,"key":"DIG"},{"floor":25.0,"key":"DIG"},{"floor":28.0,"key":"DIG"},{"floor":32.0,"key":"REST"},{"data":"Night Terror","floor":40.0,"key":"SMITH"},{"data":"Well Laid Plans","floor":42,"key":"SMITH"}],"neow_cost":"NONE","seed_source_timestamp":0,"circlet_count":0,"master_deck":["Strike_G","Strike_G","Strike_G","Defend_G","Defend_G","Defend_G","Defend_G","Survivor","Neutralize+1","Trip+1","Backflip","Flash of Steel","Noxious Fumes","Footwork+1","Footwork","Burst","Caltrops+1","Well Laid Plans+1","Deadly Poison","Bane","Grand Finale","Distraction","Caltrops","Venomology","Storm of Steel","Outmaneuver+1","Crippling Poison","Night Terror+1","Bouncing Flask+1","Heel Hook+1"],"special_seed":0,"relics":["Ring of the Snake","Incense Burner","Golden Idol","Question Card","Shovel","Black Star","WingedGreaves","Potion Belt","Calipers","Ninja Scroll","Mercury Hourglass","Regal Pillow","Happy Flower","Oddly Smooth Stone","Molten Egg 2","Thread and Needle","Coffee Dripper","Mango","Bag of Marbles","The Specimen"],"potions_floor_usage":[41,41,41],"damage_taken":[{"damage":4.0,"enemies":"Jaw Worm","floor":1.0,"turns":4.0},{"damage":2.0,"enemies":"Small Slimes","floor":5.0,"turns":3.0},{"damage":0.0,"enemies":"2 Louse","floor":11.0,"turns":3.0},{"damage":11.0,"enemies":"Gremlin Nob","floor":12.0,"turns":5.0},{"damage":14.0,"enemies":"3 Sentries","floor":14.0,"turns":9.0},{"damage":21.0,"enemies":"The Guardian","floor":16.0,"turns":11.0},{"damage":1.0,"enemies":"Shell Parasite","floor":18.0,"turns":10.0},{"damage":35.0,"enemies":"Gremlin Leader","floor":24.0,"turns":7.0},{"damage":0.0,"enemies":"Book of Stabbing","floor":29.0,"turns":6.0},{"damage":17.0,"enemies":"2 Thieves","floor":31.0,"turns":3.0},{"damage":27.0,"enemies":"Collector","floor":33.0,"turns":8.0},{"damage":0.0,"enemies":"Orb Walker","floor":35.0,"turns":5.0},{"damage":9.0,"enemies":"3 Shapes","floor":38.0,"turns":4.0},{"damage":6.0,"enemies":"Jaw Worm Horde","floor":39.0,"turns":5.0},{"damage":38,"enemies":"Giant Head","floor":41,"turns":9},{"damage":33,"enemies":"Maw","floor":44,"turns":6}],"seed_played":"-7417236092287536899","potions_obtained":[{"floor":1.0,"key":"Block Potion"},{"floor":12.0,"key":"Swift Potion"},{"floor":14.0,"key":"SteroidPotion"},{"floor":16.0,"key":"SpeedPotion"},{"floor":18.0,"key":"SkillPotion"},{"floor":33.0,"key":"Dexterity Potion"},{"floor":41,"key":"SteroidPotion"}],"is_trial":false,"path_per_floor":["M","$","?","$","M","R","?","R","T","?","M","E","R","E","R","B",null,"M","$","?","T","?","R","E","R","T","$","R","E","$","M","R","B",null,"M","$","?","M","M","R","E","R","T","M"],"character_chosen":"THE_SILENT","items_purchased":["Flash of Steel","Bane","Grand Finale","Happy Flower","Caltrops","Crippling Poison"],"campfire_rested":2,"item_purchase_floors":[2,27,27,27,30,36],"current_hp_per_floor":[66,66,66,66,64,64,53,53,53,36,36,25,25,11,32,11,70,69,69,69,69,69,69,34,34,34,34,34,34,34,17,53,26,70,70,70,84,75,69,69,31,31,31,0],"gold":181,"neow_bonus":"RANDOM_COLORLESS","is_prod":false,"is_daily":false,"chose_seed":false,"campfire_upgraded":5,"win_rate":0,"timestamp":1564727901,"path_taken":["M","$","?","$","M","R","?","R","T","?","?","E","R","E","R","BOSS","M","$","?","?","?","R","E","R","T","$","R","E","$","M","R","BOSS","M","$","?","M","M","R","E","R","T","?"],"build_version":"2019-07-17","purchased_purges":1,"victory":false,"max_hp_per_floor":[70,70,70,70,70,70,70,70,70,70,70,70,70,70,70,70,70,70,70,70,70,70,70,70,70,70,70,70,70,70,70,70,70,70,70,70,84,84,84,84,84,84,84,84],"card_choices":[{"not_picked":["Bane","Dagger Spray"],"picked":"Backflip","floor":1.0},{"not_picked":["Underhanded Strike","Crippling Poison","Blade Dance"],"picked":"SKIP","floor":5.0},{"not_picked":["Infinite Blades","Tools of the Trade"],"picked":"Noxious Fumes","floor":11.0},{"not_picked":["Cloak And Dagger","All Out Attack"],"picked":"Footwork","floor":12.0},{"not_picked":["Acrobatics","Deadly Poison","Dodge and Roll"],"picked":"Footwork","floor":14.0},{"not_picked":["Phantasmal Killer","Malaise","Die Die Die"],"picked":"Burst","floor":16.0},{"not_picked":["Outmaneuver","Crippling Poison","Sucker Punch"],"picked":"Caltrops+1","floor":18.0},{"not_picked":["Flying Knee","PiercingWail+1","Quick Slash"],"picked":"Deadly Poison","floor":24.0},{"not_picked":["Infinite Blades","Deadly Poison","Well Laid Plans"],"picked":"Distraction","floor":29.0},{"not_picked":["Leg Sweep","Flying Knee+1","Deflect"],"picked":"Venomology","floor":31.0},{"not_picked":["Night Terror","Grand Finale+1","Corpse Explosion"],"picked":"Storm of Steel","floor":33.0},{"not_picked":["Slice+1","Riddle With Holes+1","Blade Dance"],"picked":"Outmaneuver+1","floor":35.0},{"not_picked":["Outmaneuver","Dagger Spray+1","Poisoned Stab+1"],"picked":"Night Terror","floor":38.0},{"not_picked":["Sucker Punch+1","Setup","Quick Slash+1"],"picked":"Bouncing Flask+1","floor":39.0},{"not_picked":["Cloak And Dagger+1","Venomology","Infinite Blades"],"picked":"Heel Hook+1","floor":41}],"player_experience":1056543,"relics_obtained":[{"floor":9.0,"key":"Incense Burner"},{"floor":12.0,"key":"Question Card"},{"floor":14.0,"key":"Shovel"},{"floor":21.0,"key":"WingedGreaves"},{"floor":23.0,"key":"Potion Belt"},{"floor":24.0,"key":"Calipers"},{"floor":24.0,"key":"Ninja Scroll"},{"floor":25.0,"key":"Mercury Hourglass"},{"floor":26.0,"key":"Regal Pillow"},{"floor":28.0,"key":"Oddly Smooth Stone"},{"floor":29.0,"key":"Molten Egg 2"},{"floor":29.0,"key":"Thread and Needle"},{"floor":37.0,"key":"Mango"},{"floor":41,"key":"Bag of Marbles"},{"floor":41,"key":"The Specimen"}],"event_choices":[{"cards_removed":["Strike_G"],"damage_healed":0.0,"max_hp_gain":0.0,"max_hp_loss":0.0,"gold_gain":0.0,"event_name":"Living Wall","player_choice":"Forget","floor":3.0,"gold_loss":0.0,"damage_taken":0.0},{"damage_healed":0.0,"max_hp_gain":0.0,"max_hp_loss":0.0,"gold_gain":75.0,"event_name":"World of Goop","player_choice":"Gather Gold","floor":7.0,"gold_loss":0.0,"damage_taken":11.0},{"damage_healed":0.0,"max_hp_gain":0.0,"max_hp_loss":0.0,"gold_gain":0.0,"event_name":"Golden Idol","player_choice":"Take Damage","floor":10.0,"gold_loss":0.0,"damage_taken":17.0,"relics_obtained":["Golden Idol"]},{"damage_healed":0.0,"max_hp_gain":0.0,"max_hp_loss":0.0,"gold_gain":0.0,"event_name":"The Library","player_choice":"Read","floor":20.0,"gold_loss":0.0,"damage_taken":0.0,"cards_obtained":["Well Laid Plans"]},{"cards_removed":["Defend_G"],"damage_healed":0.0,"max_hp_gain":0.0,"max_hp_loss":0.0,"gold_gain":0.0,"event_name":"Bonfire Elementals","player_choice":"Offered Basic","floor":22.0,"gold_loss":0.0,"damage_taken":0.0},{"damage_healed":0.0,"max_hp_gain":0.0,"max_hp_loss":0.0,"gold_gain":0.0,"event_name":"Wheel of Change","player_choice":"Relic","floor":37.0,"gold_loss":0.0,"damage_taken":0.0}],"is_beta":false,"boss_relics":[{"not_picked":["Velvet Choker","Ectoplasm"],"picked":"Black Star"},{"not_picked":["Snecko Eye","Lizard Tail"],"picked":"Coffee Dripper"}],"items_purged_floors":[36],"is_endless":false,"potions_floor_spawned":[1,12,14,16,18,33,41],"killed_by":"Maw","ascension_level":0}