{"gold_per_floor":[115,129,20,20,20,20,45,60,84,116,66,100,113,126,126,221,221,233,243,243,90,104,129,143,176,176,176,194,194,229,67,67,167,167,179,179,197,197],"floor_reached":38,"playtime":7122,"items_purged":[],"score":672,"play_id":"31ec8ac0-dfad-43b1-a4be-6088dacfef0b","local_time":"20190810115426","is_ascension_mode":true,"campfire_choices":[{"data":"Neutralize","floor":6.0,"key":"SMITH"},{"data":"Catalyst","floor":15.0,"key":"SMITH"},{"floor":27.0,"key":"REST"},{"data":"Footwork","floor":29.0,"key":"SMITH"},{"floor":32.0,"key":"REST"}],"neow_cost":"NONE","seed_source_timestamp":0,"circlet_count":0,"master_deck":["Strike_G","Strike_G","Strike_G","Defend_G","Defend_G","Defend_G","Defend_G","Defend_G","Survivor","Neutralize+1","Bouncing Flask","Dash","Well Laid Plans","Blur","Underhanded Strike","Escape Plan","Dagger Spray","Escape Plan","Catalyst+1","Cloak And Dagger","Deflect","Bullet Time","Catalyst+1","Deadly Poison","Footwork+1","Catalyst","Tactician","Backflip+1","Flechettes","Caltrops","Cloak And Dagger+1","Acrobatics","Enlightenment","Caltrops","Doppelganger","Deadly Poison","Blind","Flash of Steel","Flash of Steel","Noxious Fumes","Parasite"],"special_seed":0,"relics":["Ring of the Serpent","NeowsBlessing","Art of War","Gambling Chip","Bag of Marbles","Bottled Flame","PreservedInsect","Ornamental Fan","Pear","Bronze Scales","Shuriken","Sundial","White Beast Statue"],"potions_floor_usage":[],"damage_taken":[{"damage":0.0,"enemies":"Small Slimes","floor":1.0,"turns":1.0},{"damage":0.0,"enemies":"Jaw Worm","floor":2.0,"turns":1.0},{"damage":0.0,"enemies":"3 Sentries","floor":7.0,"turns":1.0},{"damage":0.0,"enemies":"Cultist","floor":8.0,"turns":3.0},{"damage":2.0,"enemies":"Gremlin Nob","floor":10.0,"turns":3.0},{"damage":8.0,"enemies":"3 Sentries","floor":12.0,"turns":6.0},{"damage":0.0,"enemies":"Exordium Thugs","floor":13.0,"turns":3.0},{"damage":0.0,"enemies":"Looter","floor":14.0,"turns":3.0},{"damage":10.0,"enemies":"The Guardian","floor":16.0,"turns":6.0},{"damage":0.0,"enemies":"Shell Parasite","floor":18.0,"turns":3.0},{"damage":8.0,"enemies":"3 Byrds","floor":19.0,"turns":5.0},{"damage":7.0,"enemies":"Cultist and Chosen","floor":22.0,"turns":5.0},{"damage":2.0,"enemies":"Book of Stabbing","floor":23.0,"turns":3.0},{"damage":5.0,"enemies":"Centurion and Healer","floor":24.0,"turns":7.0},{"damage":27.0,"enemies":"Slavers","floor":25.0,"turns":7.0},{"damage":10.0,"enemies":"3 Cultists","floor":28.0,"turns":5.0},{"damage":11.0,"enemies":"Book of Stabbing","floor":30.0,"turns":5.0},{"damage":47.0,"enemies":"Collector","floor":33.0,"turns":6.0},{"damage":6.0,"enemies":"3 Shapes","floor":35.0,"turns":6.0},{"damage":26,"enemies":"3 Darklings","floor":37,"turns":4},{"damage":29,"enemies":"Writhing Mass","floor":38,"turns":5}],"seed_played":"5806280901651632143","potions_obtained":[{"floor":1.0,"key":"Poison Potion"},{"floor":10.0,"key":"FearPotion"},{"floor":16.0,"key":"SteroidPotion"},{"floor":19.0,"key":"Regen Potion"},{"floor":24.0,"key":"Ancient Potion"},{"floor":28.0,"key":"EssenceOfSteel"},{"floor":30.0,"key":"EssenceOfSteel"},{"floor":35.0,"key":"Poison Potion"},{"floor":37,"key":"Strength Potion"}],"is_trial":false,"path_per_floor":["M","M","$","?","?","R","E","M","T","E","?","E","M","M","R","B",null,"M","M","?","$","M","E","M","E","T","R","M","R","E","$","R","B",null,"M","?","M","M"],"character_chosen":"THE_SILENT","items_purchased":["Well Laid Plans","Blur","Footwork","Catalyst","Enlightenment","Caltrops"],"campfire_rested":2,"item_purchase_floors":[3,3,21,21,31,31],"current_hp_per_floor":[63,63,63,45,45,45,45,45,45,43,43,35,35,35,35,25,59,59,51,51,51,44,64,59,32,32,56,46,46,35,35,59,12,63,57,47,21,0],"gold":197,"neow_bonus":"THREE_ENEMY_KILL","is_prod":false,"is_daily":false,"chose_seed":false,"campfire_upgraded":3,"win_rate":0,"timestamp":1565452466,"path_taken":["M","M","$","?","?","R","E","M","T","E","?","E","M","?","R","BOSS","M","M","?","?","M","E","?","E","T","R","M","R","E","$","R","BOSS","M","?","M","M"],"build_version":"2019-07-17","purchased_purges":0,"victory":false,"max_hp_per_floor":[70,70,70,70,70,70,70,70,70,70,70,70,70,70,70,70,70,70,70,70,70,70,80,80,80,80,80,80,80,80,80,80,80,80,80,80,80,80],"card_choices":[{"not_picked":["Well Laid Plans","Deflect"],"picked":"Bouncing Flask","floor":1.0},{"not_picked":["Slice","Dagger Throw"],"picked":"Dash","floor":2.0},{"not_picked":["Masterful Stab","Infinite Blades"],"picked":"Escape Plan","floor":7.0},{"not_picked":["Poisoned Stab","Sucker Punch"],"picked":"Dagger Spray","floor":8.0},{"not_picked":["Cloak And Dagger","Endless Agony"],"picked":"Escape Plan","floor":10.0},{"not_picked":["Choke","Crippling Poison"],"picked":"Catalyst","floor":12.0},{"not_picked":["Flying Knee","Dodge and Roll"],"picked":"Cloak And Dagger","floor":13.0},{"not_picked":["Well Laid Plans","Dagger Throw"],"picked":"Deflect","floor":14.0},{"not_picked":["Grand Finale","Tools of the Trade"],"picked":"Bullet Time","floor":16.0},{"not_picked":["Dagger Spray","Sucker Punch"],"picked":"Catalyst+1","floor":18.0},{"not_picked":["Underhanded Strike","Die Die Die"],"picked":"Deadly Poison","floor":19.0},{"not_picked":["Masterful Stab+1","Concentrate"],"picked":"Tactician","floor":22.0},{"not_picked":["Die Die Die","Outmaneuver"],"picked":"Backflip+1","floor":23.0},{"not_picked":["Slice","Finisher+1"],"picked":"Flechettes","floor":24.0},{"not_picked":["Escape Plan","Backstab"],"picked":"Caltrops","floor":25.0},{"not_picked":["Outmaneuver+1","Predator+1"],"picked":"Cloak And Dagger+1","floor":28.0},{"not_picked":["Dagger Spray","Quick Slash+1"],"picked":"Acrobatics","floor":30.0},{"not_picked":["Malaise","Venomology"],"picked":"Doppelganger","floor":33.0},{"not_picked":["Dagger Spray+1","Eviscerate+1"],"picked":"Deadly Poison","floor":35.0},{"not_picked":["Panacea","Purity"],"picked":"Blind","floor":36},{"not_picked":["PanicButton","Impatience"],"picked":"Flash of Steel","floor":36},{"not_picked":["The Bomb","Good Instincts"],"picked":"Flash of Steel","floor":36},{"not_picked":["Setup","Dodge and Roll+1"],"picked":"Noxious Fumes","floor":37}],"player_experience":1107378,"relics_obtained":[{"floor":7.0,"key":"Gambling Chip"},{"floor":9.0,"key":"Bag of Marbles"},{"floor":10.0,"key":"Bottled Flame"},{"floor":12.0,"key":"PreservedInsect"},{"floor":20.0,"key":"Ornamental Fan"},{"floor":23.0,"key":"Pear"},{"floor":25.0,"key":"Bronze Scales"},{"floor":26.0,"key":"Shuriken"},{"floor":30.0,"key":"Sundial"}],"event_choices":[{"damage_healed":0.0,"max_hp_gain":0.0,"max_hp_loss":0.0,"gold_gain":0.0,"event_name":"Scrap Ooze","player_choice":"Success","floor":4.0,"gold_loss":0.0,"damage_taken":18.0,"relics_obtained":["Art of War"]},{"damage_healed":0.0,"max_hp_gain":0.0,"max_hp_loss":0.0,"gold_gain":0.0,"cards_transformed":["Strike_G"],"event_name":"Living Wall","player_choice":"Change","floor":5.0,"gold_loss":0.0,"damage_taken":0.0,"cards_obtained":["Underhanded Strike"]},{"cards_removed":["Strike_G"],"damage_healed":0.0,"max_hp_gain":0.0,"max_hp_loss":0.0,"gold_gain":0.0,"event_name":"The Cleric","player_choice":"Card Removal","floor":11.0,"gold_loss":50.0,"damage_taken":0.0},{"damage_healed":0.0,"max_hp_gain":0.0,"max_hp_loss":0.0,"gold_gain":0.0,"event_name":"Wheel of Change","player_choice":"Relic","floor":20.0,"gold_loss":0.0,"damage_taken":0.0},{"damage_healed":0,"gold_gain":0,"player_choice":"Memory 3","damage_taken":10,"max_hp_gain":0,"max_hp_loss":0,"event_name":"SensoryStone","floor":36,"gold_loss":0}],"is_beta":false,"boss_relics":[{"not_picked":["Velvet Choker","Runic Dome"],"picked":"Ring of the Serpent"},{"not_picked":["Coffee Dripper","Orrery"],"picked":"White Beast Statue"}],"items_purged_floors":[],"is_endless":false,"potions_floor_spawned":[1,10,16,19,24,28,30,35,37],"killed_by":"Writhing Mass","ascension_level":7}