{"gold_per_floor":[110,128,303,303,317,317,52,2,27,27,27,57,67,67],"floor_reached":14,"playtime":520,"items_purged":[],"score":132,"play_id":"34c0c058-fdb3-402a-a8d4-b8a569db07cd","local_time":"20190731130204","is_ascension_mode":true,"campfire_choices":[{"data":"Zap","floor":6.0,"key":"SMITH"},{"data":"Hologram","floor":10.0,"key":"SMITH"}],"neow_cost":"CURSE","seed_source_timestamp":0,"circlet_count":0,"master_deck":["AscendersBane","Strike_B","Strike_B","Strike_B","Defend_B","Defend_B","Defend_B","Defend_B","Zap+1","Dualcast","Decay","Beam Cell","Hologram+1","Doubt","Regret","Compile Driver","Self Repair","Turbo","Biased Cognition","Sweeping Beam"],"special_seed":0,"relics":["Cracked Core","Unceasing Top","Blue Candle","Blood Vial","Question Card","Centennial Puzzle"],"potions_floor_usage":[],"damage_taken":[{"damage":3.0,"enemies":"2 Louse","floor":1.0,"turns":2.0},{"damage":5.0,"enemies":"Jaw Worm","floor":2.0,"turns":4.0},{"damage":2.0,"enemies":"Cultist","floor":5.0,"turns":3.0},{"damage":28.0,"enemies":"3 Sentries","floor":12.0,"turns":7.0},{"damage":14.0,"enemies":"Blue Slaver","floor":13.0,"turns":4.0},{"damage":0,"enemies":"Lagavulin","floor":14,"turns":1}],"seed_played":"-8763986546119046969","potions_obtained":[{"floor":1.0,"key":"SteroidPotion"},{"floor":13.0,"key":"EssenceOfSteel"}],"is_trial":false,"path_per_floor":["M","M","?","?","M","R","$","?","T","R","T","E","M","E"],"character_chosen":"DEFECT","items_purchased":["Self Repair","Turbo","Blood Vial"],"campfire_rested":0,"item_purchase_floors":[7,7,7],"current_hp_per_floor":[65,60,60,60,58,58,58,58,58,58,58,39,34,36],"gold":67,"neow_bonus":"ONE_RARE_RELIC","is_prod":false,"is_daily":false,"chose_seed":false,"campfire_upgraded":2,"win_rate":0,"timestamp":1564592524,"path_taken":["M","M","?","?","M","R","$","?","T","R","?","E","M","E"],"build_version":"2019-07-17","purchased_purges":0,"victory":false,"max_hp_per_floor":[75,75,75,75,75,75,75,75,75,75,75,75,75,75],"card_choices":[{"not_picked":["Blizzard","Leap"],"picked":"Beam Cell","floor":1.0},{"not_picked":["Cold Snap","Streamline"],"picked":"Hologram","floor":2.0},{"not_picked":["Sweeping Beam","Chaos"],"picked":"Compile Driver","floor":5.0},{"not_picked":["Go for the Eyes","Rip and Tear","FTL"],"picked":"Biased Cognition","floor":12.0},{"not_picked":["Consume","Redo","Cold Snap"],"picked":"Sweeping Beam","floor":13.0}],"player_experience":1039373,"relics_obtained":[{"floor":11.0,"key":"Question Card"},{"floor":12.0,"key":"Centennial Puzzle"}],"event_choices":[{"damage_healed":0.0,"max_hp_gain":0.0,"max_hp_loss":0.0,"gold_gain":175.0,"event_name":"Liars Game","player_choice":"AGREE","floor":3.0,"gold_loss":0.0,"damage_taken":0.0,"cards_obtained":["Doubt"]},{"damage_healed":0.0,"max_hp_gain":0.0,"max_hp_loss":0.0,"gold_gain":0.0,"event_name":"Big Fish","player_choice":"Box","floor":4.0,"gold_loss":0.0,"damage_taken":0.0,"relics_obtained":["Blue Candle"],"cards_obtained":["Regret"]},{"cards_removed":["Strike_B"],"damage_healed":0.0,"max_hp_gain":0.0,"max_hp_loss":0.0,"gold_gain":0.0,"event_name":"The Cleric","player_choice":"Card Removal","floor":8.0,"gold_loss":50.0,"damage_taken":0.0}],"is_beta":false,"boss_relics":[],"items_purged_floors":[],"is_endless":false,"potions_floor_spawned":[1,13],"killed_by":"Lagavulin","ascension_level":10}