{"gold_per_floor":[112,112,112,127,145,145,176,176,176,97,97,115,115,135,135,135],"floor_reached":16,"playtime":1612,"items_purged":[],"score":130,"play_id":"71c236c1-fc37-4d01-85c9-9391c0719d23","local_time":"20190712013811","is_ascension_mode":true,"campfire_choices":[{"data":"Neutralize","floor":6,"key":"SMITH"},{"floor":11,"key":"REST"},{"floor":13,"key":"REST"},{"floor":15,"key":"REST"}],"neow_cost":"NONE","seed_source_timestamp":580687028142091,"circlet_count":0,"master_deck":["Strike_G","Strike_G","Strike_G","Strike_G","Strike_G","Defend_G","Defend_G","Defend_G","Defend_G","Defend_G","Survivor","Neutralize+1","Outmaneuver","Finisher","A Thousand Cuts","Noxious Fumes","Setup","Well Laid Plans","Calculated Gamble"],"relics":["Ring of the Snake","NeowsBlessing","Golden Idol","Turnip","Shovel"],"potions_floor_usage":[7,16],"damage_taken":[{"damage":0,"enemies":"Small Slimes","floor":1,"turns":1},{"damage":0,"enemies":"2 Louse","floor":4,"turns":1},{"damage":0,"enemies":"Cultist","floor":5,"turns":1},{"damage":32,"enemies":"Lagavulin","floor":7,"turns":10},{"damage":23,"enemies":"3 Louse","floor":12,"turns":4},{"damage":29,"enemies":"Gremlin Gang","floor":14,"turns":4},{"damage":36,"enemies":"Slime Boss","floor":16,"turns":5}],"seed_played":"7087177726583731484","potions_obtained":[{"floor":1,"key":"Fire Potion"},{"floor":14,"key":"Weak Potion"}],"is_trial":false,"path_per_floor":["M","?","?","M","M","R","E","?","T","$","R","M","R","M","R","B"],"character_chosen":"THE_SILENT","items_purchased":["Setup"],"campfire_rested":3,"item_purchase_floors":[10],"current_hp_per_floor":[63,46,46,46,46,46,14,14,14,14,35,12,33,4,25,0],"gold":135,"neow_bonus":"THREE_ENEMY_KILL","is_prod":false,"is_daily":false,"chose_seed":false,"campfire_upgraded":1,"win_rate":0,"timestamp":1562909891,"path_taken":["M","?","?","?","M","R","E","?","T","$","R","?","R","M","R","BOSS"],"build_version":"2019-07-05","purchased_purges":0,"victory":false,"max_hp_per_floor":[70,70,70,70,70,70,70,70,70,70,70,70,70,70,70,70],"card_choices":[{"not_picked":["Skewer","Dagger Spray"],"picked":"Outmaneuver","floor":1},{"not_picked":["Skewer","Cloak And Dagger"],"picked":"Finisher","floor":4},{"not_picked":["Reflex","Poisoned Stab"],"picked":"A Thousand Cuts","floor":5},{"not_picked":["Endless Agony","Leg Sweep"],"picked":"Noxious Fumes","floor":7},{"not_picked":["All Out Attack","Outmaneuver"],"picked":"Well Laid Plans","floor":12},{"not_picked":["Skewer","Slice"],"picked":"Calculated Gamble","floor":14}],"player_experience":892422,"relics_obtained":[{"floor":7,"key":"Turnip"},{"floor":9,"key":"Shovel"}],"event_choices":[{"damage_healed":0,"gold_gain":0,"player_choice":"Take Damage","damage_taken":17,"relics_obtained":["Golden Idol"],"max_hp_gain":0,"max_hp_loss":0,"event_name":"Golden Idol","floor":2,"gold_loss":0},{"damage_healed":0,"gold_gain":0,"player_choice":"Cursed","damage_taken":0,"max_hp_gain":0,"max_hp_loss":0,"event_name":"Wheel of Change","floor":3,"gold_loss":0,"cards_obtained":["Decay"]},{"cards_removed":["Decay"],"damage_healed":0,"gold_gain":0,"player_choice":"Purged","damage_taken":0,"max_hp_gain":0,"max_hp_loss":0,"event_name":"Purifier","floor":8,"gold_loss":0}],"is_beta":false,"boss_relics":[],"items_purged_floors":[],"is_endless":false,"potions_floor_spawned":[1,14],"killed_by":"Slime Boss","ascension_level":6}