{"gold_per_floor":[115,128,128,148,148,148,187,187,187,36,36,57,57,72,72,191,191,161,61,77,2,2,40,40,56,56,56,56],"floor_reached":28,"playtime":2863,"items_purged":[],"score":342,"play_id":"c85206cf-7716-4dd7-9f73-ea2ce1a64a5c","local_time":"20190722140052","is_ascension_mode":true,"campfire_choices":[{"data":"Creative AI","floor":6.0,"key":"SMITH"},{"data":"Turbo","floor":8.0,"key":"SMITH"},{"floor":11.0,"key":"REST"},{"data":"Coolheaded","floor":13.0,"key":"SMITH"},{"data":"Capacitor","floor":15.0,"key":"SMITH"},{"floor":24,"key":"REST"},{"floor":27,"key":"REST"}],"neow_cost":"NONE","seed_source_timestamp":0,"circlet_count":0,"master_deck":["Strike_B+1","Strike_B","Strike_B","Strike_B","Defend_B","Defend_B","Defend_B","Defend_B","Zap","Dualcast","Creative AI+1","Turbo+1","Sunder","Auto Shields","Coolheaded+1","Capacitor+1","Conserve Battery","Chill","Echo Form","Defragment+1","Capacitor","Go for the Eyes+1","Barrage","Hologram","Scrape"],"special_seed":0,"relics":["FrozenCore","Golden Idol","NlothsMask","Darkstone Periapt","Tiny Chest","Bottled Lightning","Whetstone"],"potions_floor_usage":[],"damage_taken":[{"damage":1.0,"enemies":"Cultist","floor":1.0,"turns":4.0},{"damage":3.0,"enemies":"Small Slimes","floor":2.0,"turns":3.0},{"damage":0.0,"enemies":"2 Louse","floor":4.0,"turns":2.0},{"damage":30.0,"enemies":"Lagavulin","floor":7.0,"turns":7.0},{"damage":15.0,"enemies":"2 Fungi Beasts","floor":12.0,"turns":5.0},{"damage":0.0,"enemies":"Exordium Wildlife","floor":14.0,"turns":6.0},{"damage":31.0,"enemies":"Slime Boss","floor":16.0,"turns":10.0},{"damage":37.0,"enemies":"2 Thieves","floor":18.0,"turns":5.0},{"damage":5.0,"enemies":"Spheric Guardian","floor":20.0,"turns":8.0},{"damage":13,"enemies":"Book of Stabbing","floor":23,"turns":11},{"damage":9,"enemies":"Centurion and Healer","floor":25,"turns":12},{"damage":39,"enemies":"Slavers","floor":28,"turns":5}],"seed_played":"-8572742729414171860","potions_obtained":[{"floor":1.0,"key":"AttackPotion"},{"floor":2.0,"key":"SmokeBomb"},{"floor":7.0,"key":"Fire Potion"},{"floor":20.0,"key":"LiquidBronze"},{"floor":23,"key":"FearPotion"}],"is_trial":false,"path_per_floor":["M","M","?","M","?","R","E","R","T","$","R","M","R","M","R","B",null,"M","$","M","?","?","E","R","M","T","R","E"],"character_chosen":"DEFECT","items_purchased":["Tiny Chest","Capacitor","Capacitor","Go for the Eyes"],"campfire_rested":3,"item_purchase_floors":[10,10,19,19],"current_hp_per_floor":[67,64,64,64,64,64,34,34,34,34,56,41,41,41,41,10,59,22,22,17,17,17,4,26,17,17,39,0],"gold":56,"neow_bonus":"ONE_RANDOM_RARE_CARD","is_prod":false,"is_daily":false,"chose_seed":false,"campfire_upgraded":4,"win_rate":0,"timestamp":1563818452,"path_taken":["M","?","?","M","?","R","E","R","T","$","R","M","R","M","R","BOSS","M","?","M","?","?","E","R","M","T","R","E"],"build_version":"2019-07-17","purchased_purges":0,"victory":false,"max_hp_per_floor":[75,75,75,75,75,75,75,75,75,75,75,75,75,75,75,75,75,75,75,75,75,75,75,75,75,75,75,75],"card_choices":[{"not_picked":["White Noise","Melter"],"picked":"Turbo","floor":1.0},{"not_picked":["Reinforced Body","Stack"],"picked":"Sunder","floor":2.0},{"not_picked":["Cold Snap","Conserve Battery"],"picked":"Auto Shields","floor":4.0},{"not_picked":["Aggregate","Blizzard"],"picked":"Coolheaded","floor":7.0},{"not_picked":["Double Energy","Rebound"],"picked":"Conserve Battery","floor":12.0},{"not_picked":["Go for the Eyes","Streamline"],"picked":"Chill","floor":14.0},{"not_picked":["Buffer","Rainbow"],"picked":"Echo Form","floor":16.0},{"not_picked":["Streamline","Sweeping Beam+1"],"picked":"Defragment+1","floor":18.0},{"not_picked":["Beam Cell","Go for the Eyes+1"],"picked":"Barrage","floor":20.0},{"not_picked":["Redo","Loop"],"picked":"Hologram","floor":23},{"not_picked":["Conserve Battery","Beam Cell"],"picked":"Scrape","floor":25}],"player_experience":1016419,"relics_obtained":[{"floor":7.0,"key":"Darkstone Periapt"},{"floor":23,"key":"Bottled Lightning"},{"floor":26,"key":"Whetstone"}],"event_choices":[{"damage_healed":0.0,"max_hp_gain":0.0,"max_hp_loss":0.0,"gold_gain":0.0,"event_name":"Golden Idol","player_choice":"Take Wound","floor":3.0,"gold_loss":0.0,"damage_taken":0.0,"relics_obtained":["Golden Idol"],"cards_obtained":["Injury"]},{"damage_healed":0.0,"max_hp_gain":0.0,"max_hp_loss":0.0,"gold_gain":0.0,"event_name":"FaceTrader","player_choice":"Trade","floor":5.0,"gold_loss":0.0,"damage_taken":0.0,"relics_obtained":["NlothsMask"]},{"cards_removed":["Injury"],"damage_healed":0.0,"max_hp_gain":0.0,"max_hp_loss":0.0,"gold_gain":0.0,"event_name":"Beggar","player_choice":"Gave Gold","floor":21.0,"gold_loss":75.0,"damage_taken":0.0},{"damage_healed":0.0,"max_hp_gain":0.0,"max_hp_loss":0.0,"gold_gain":0.0,"event_name":"Cursed Tome","player_choice":"Ignored","floor":22.0,"gold_loss":0.0,"damage_taken":0.0}],"is_beta":false,"boss_relics":[{"not_picked":["Calling Bell","Runic Dome"],"picked":"FrozenCore"}],"items_purged_floors":[],"is_endless":false,"potions_floor_spawned":[1,2,7,20,23],"killed_by":"Slavers","ascension_level":9}