{"gold_per_floor":[118,118,132,148,148,183,195,208,254,254,279,341,45,59,59,164,164,174,188,206,13,32,32],"floor_reached":23,"playtime":2176,"items_purged":[],"score":318,"play_id":"d6535b04-33c8-4a60-b898-34bda3995c3b","local_time":"20190813130840","is_ascension_mode":true,"campfire_choices":[{"floor":10,"key":"DIG"},{"floor":15,"key":"DIG"}],"neow_cost":"NONE","seed_source_timestamp":88620861591876,"circlet_count":0,"master_deck":["AscendersBane","Strike_B","Strike_B","Strike_B","Defend_B","Defend_B","Defend_B","Defend_B","Zap","Dualcast","Glacier","Beam Cell","Conserve Battery","Capacitor","Turbo","Barrage","Sunder","Double Energy","Double Energy+1","Defragment","Skim+1","Fission+1","Self Repair","Creative AI","Consume+1","Defragment","FTL+1"],"relics":["Velvet Choker","Shovel","Potion Belt","Sundial","Omamori","Toxic Egg 2","Cables","Eternal Feather","Membership Card"],"potions_floor_usage":[4,12,14,14],"damage_taken":[{"damage":8,"enemies":"Jaw Worm","floor":1,"turns":4},{"damage":0,"enemies":"Cultist","floor":3,"turns":4},{"damage":0,"enemies":"Small Slimes","floor":4,"turns":4},{"damage":5,"enemies":"Lagavulin","floor":6,"turns":11},{"damage":3,"enemies":"Exordium Thugs","floor":7,"turns":6},{"damage":7,"enemies":"Large Slime","floor":8,"turns":8},{"damage":26,"enemies":"3 Sentries","floor":11,"turns":10},{"damage":0,"enemies":"3 Sentries","floor":12,"turns":7},{"damage":0,"enemies":"Exordium Wildlife","floor":14,"turns":1},{"damage":15,"enemies":"Hexaghost","floor":16,"turns":11},{"damage":6,"enemies":"Spheric Guardian","floor":18,"turns":7},{"damage":0,"enemies":"Chosen","floor":19,"turns":8},{"damage":15,"enemies":"Centurion and Healer","floor":20,"turns":10},{"damage":33,"enemies":"Snecko","floor":22,"turns":10},{"damage":40,"enemies":"Slavers","floor":23,"turns":2}],"seed_played":"-5617818492518756740","potions_obtained":[{"floor":1,"key":"SkillPotion"},{"floor":2,"key":"Regen Potion"},{"floor":2,"key":"Strength Potion"},{"floor":4,"key":"Explosive Potion"},{"floor":11,"key":"Swift Potion"},{"floor":16,"key":"FocusPotion"},{"floor":20,"key":"Fire Potion"},{"floor":22,"key":"SteroidPotion"}],"is_trial":false,"path_per_floor":["M","?","M","M","?","E","M","M","T","R","E","?","$","M","R","B",null,"M","M","M","$","M","E"],"character_chosen":"DEFECT","items_purchased":["Defragment","Skim+1","Fission+1","Membership Card"],"campfire_rested":0,"item_purchase_floors":[13,13,13,21],"current_hp_per_floor":[60,60,60,72,72,67,64,57,57,57,31,31,31,31,31,23,62,63,70,62,62,36,0],"gold":32,"neow_bonus":"BOSS_RELIC","is_prod":false,"is_daily":false,"chose_seed":false,"campfire_upgraded":0,"win_rate":0,"timestamp":1565716120,"path_taken":["M","?","M","?","?","E","M","?","T","R","E","?","?","M","R","BOSS","M","M","M","$","M","E"],"build_version":"2019-07-17","purchased_purges":0,"victory":false,"max_hp_per_floor":[75,75,75,75,75,75,75,75,75,75,75,75,75,75,75,75,75,75,75,75,75,75,75],"card_choices":[{"not_picked":["Self Repair","Hologram"],"picked":"Glacier","floor":1},{"not_picked":["Compile Driver","Leap"],"picked":"Beam Cell","floor":3},{"not_picked":["Cold Snap","Leap"],"picked":"Conserve Battery","floor":4},{"not_picked":["Lockon","Barrage"],"picked":"Turbo","floor":6},{"not_picked":["Sweeping Beam","Fusion"],"picked":"Barrage","floor":7},{"not_picked":["Glacier","Compile Driver"],"picked":"Sunder","floor":8},{"not_picked":["Cold Snap","Conserve Battery"],"picked":"Double Energy","floor":11},{"not_picked":["Rip and Tear","Glacier"],"picked":"Double Energy","floor":12},{"not_picked":["Static Discharge","Reboot+1"],"picked":"Self Repair","floor":14},{"not_picked":["Biased Cognition","Echo Form"],"picked":"Creative AI","floor":16},{"not_picked":["Barrage","Ball Lightning"],"picked":"Consume+1","floor":18},{"not_picked":["Gash","Streamline"],"picked":"Defragment","floor":19},{"not_picked":["Ball Lightning","Steam+1"],"picked":"FTL+1","floor":20},{"not_picked":["Rip and Tear","Barrage+1","Conserve Battery+1"],"picked":"SKIP","floor":22}],"player_experience":1135177,"relics_obtained":[{"floor":6,"key":"Shovel"},{"floor":9,"key":"Potion Belt"},{"floor":10,"key":"Sundial"},{"floor":11,"key":"Omamori"},{"floor":12,"key":"Toxic Egg 2"},{"floor":15,"key":"Cables"}],"event_choices":[{"damage_healed":0,"gold_gain":0,"player_choice":"Got Potions","damage_taken":0,"max_hp_gain":0,"max_hp_loss":0,"event_name":"Lab","floor":2,"gold_loss":0},{"damage_healed":0,"gold_gain":0,"cards_transformed":["Strike_B"],"player_choice":"Transformed","damage_taken":0,"max_hp_gain":0,"max_hp_loss":0,"event_name":"Transmorgrifier","floor":5,"gold_loss":0,"cards_obtained":["Capacitor"]},{"damage_healed":0,"gold_gain":30,"player_choice":"Searched \u00272\u0027 times","damage_taken":0,"max_hp_gain":0,"max_hp_loss":0,"event_name":"Dead Adventurer","floor":12,"gold_loss":0}],"is_beta":false,"boss_relics":[{"not_picked":["Tiny House","Runic Dome"],"picked":"Eternal Feather"}],"items_purged_floors":[],"is_endless":false,"potions_floor_spawned":[1,4,11,16,20,22],"killed_by":"Slavers","ascension_level":11}