{"gold_per_floor":[117,36,48,123,123,123,123,152,152,152,169,169,189,223,223,223],"floor_reached":16,"playtime":5083,"items_purged":[],"score":140,"play_id":"4774432e-d7bb-48dd-93e4-3c3654433150","local_time":"20190629112819","is_ascension_mode":true,"campfire_choices":[{"floor":6.0,"key":"REST"},{"floor":12.0,"key":"REST"},{"floor":15,"key":"REST"}],"neow_cost":"PERCENT_DAMAGE","seed_source_timestamp":0,"circlet_count":0,"master_deck":["Strike_B","Strike_B","Strike_B","Defend_B","Defend_B","Defend_B","Defend_B+1","Zap","Dualcast+1","Hologram","Impatience","Gash","Turbo","Go for the Eyes","Self Repair","Coolheaded"],"special_seed":0,"relics":["Cracked Core","Ice Cream","Cables","Calipers","Bottled Flame","Kunai"],"potions_floor_usage":[14,16],"damage_taken":[{"damage":1.0,"enemies":"Cultist","floor":1.0,"turns":3.0},{"damage":9.0,"enemies":"Small Slimes","floor":3.0,"turns":3.0},{"damage":17.0,"enemies":"Lagavulin","floor":8.0,"turns":6.0},{"damage":0.0,"enemies":"Jaw Worm","floor":11.0,"turns":2.0},{"damage":17.0,"enemies":"3 Louse","floor":13.0,"turns":2.0},{"damage":18,"enemies":"3 Sentries","floor":14,"turns":6},{"damage":45,"enemies":"Hexaghost","floor":16,"turns":12}],"seed_played":"1147335860297954767","potions_obtained":[{"floor":3.0,"key":"Block Potion"},{"floor":8.0,"key":"FairyPotion"},{"floor":14,"key":"Weak Potion"}],"is_trial":false,"path_per_floor":["M","$","M","?","?","R","T","E","T","?","M","R","M","E","R","B"],"character_chosen":"DEFECT","items_purchased":["Impatience"],"campfire_rested":3,"item_purchase_floors":[2],"current_hp_per_floor":[49,49,40,29,14,36,36,19,19,19,19,41,24,13,35,0],"gold":223,"neow_bonus":"ONE_RARE_RELIC","is_prod":false,"is_daily":false,"chose_seed":false,"campfire_upgraded":0,"win_rate":0,"timestamp":1561822099,"path_taken":["M","$","?","?","?","R","?","E","T","?","M","R","M","E","R","BOSS"],"build_version":"2019-01-23","purchased_purges":0,"victory":false,"max_hp_per_floor":[75,75,75,75,75,75,75,75,75,75,75,75,75,75,75,75],"card_choices":[{"not_picked":["Beam Cell","Go for the Eyes"],"picked":"Hologram","floor":1.0},{"not_picked":["Lockon","Loop"],"picked":"Gash","floor":3.0},{"not_picked":["Compile Driver","Steam"],"picked":"Turbo","floor":8.0},{"not_picked":["Blizzard","Electrodynamics"],"picked":"Go for the Eyes","floor":11.0},{"not_picked":["Streamline","Auto Shields"],"picked":"Self Repair","floor":13.0},{"not_picked":["Cold Snap","Capacitor"],"picked":"Coolheaded","floor":14}],"player_experience":696922,"relics_obtained":[{"floor":7.0,"key":"Cables"},{"floor":8.0,"key":"Calipers"},{"floor":9.0,"key":"Bottled Flame"},{"floor":14,"key":"Kunai"}],"event_choices":[{"damage_healed":0.0,"max_hp_gain":0.0,"max_hp_loss":0.0,"gold_gain":75.0,"event_name":"World of Goop","player_choice":"Gather Gold","floor":4.0,"gold_loss":0.0,"damage_taken":11.0},{"damage_healed":0.0,"max_hp_gain":0.0,"max_hp_loss":0.0,"gold_gain":0.0,"event_name":"Shining Light","player_choice":"Entered Light","floor":5.0,"gold_loss":0.0,"damage_taken":15.0,"cards_upgraded":["Defend_B","Dualcast"]},{"cards_removed":["Strike_B"],"damage_healed":0.0,"max_hp_gain":0.0,"max_hp_loss":0.0,"gold_gain":0.0,"event_name":"Purifier","player_choice":"Purged","floor":10.0,"gold_loss":0.0,"damage_taken":0.0}],"is_beta":false,"boss_relics":[],"items_purged_floors":[],"is_endless":false,"potions_floor_spawned":[3,8,14],"killed_by":"Hexaghost","ascension_level":6}