{"gold_per_floor":[112,112,62,81,46,71,126,185,265,282,282,297,133,150,150,252,252,267,267,267,6,6,37,53,63,89,101,101,129,141,159,159,255,255,270,210,210,2,2,33,33,133,133,133,150,163,175,33,33,33],"floor_reached":51,"playtime":11486,"items_purged":["Doubt","Regret"],"score":734,"play_id":"2e1d2e91-5bf4-4ec5-8044-0694faa5abf2","local_time":"20190531111656","is_ascension_mode":true,"campfire_choices":[{"data":"Spot Weakness","floor":11.0,"key":"SMITH"},{"data":"Magnetism","floor":15.0,"key":"SMITH"},{"data":"Chrysalis","floor":28.0,"key":"SMITH"},{"floor":32.0,"key":"REST"},{"data":"Double Tap","floor":41,"key":"SMITH"},{"data":"Blind","floor":44,"key":"SMITH"},{"data":"Forethought","floor":49,"key":"SMITH"}],"neow_cost":"NONE","seed_source_timestamp":0,"circlet_count":0,"master_deck":["Bash","Clash","Feel No Pain","Body Slam","Corruption","Spot Weakness+1","Burning Pact","Reaper","Blood for Blood","Headbutt","Magnetism+1","Armaments","Fiend Fire","Iron Wave+1","Injury","Chrysalis+1","Searing Blow","Demon Form","Cleave","Spot Weakness","Warcry","Pummel","Infernal Blade+1","Dual Wield+1","Thunderclap+1","Double Tap+1","True Grit","Havoc","Cleave","Sever Soul","Entrench","Carnage","Armaments+1","Trip","Forethought+1","Blind+1","Burning Pact+1","Pommel Strike+1","Immolate","Combust"],"special_seed":0,"relics":["Burning Blood","War Paint","Centennial Puzzle","Tiny Chest","Mercury Hourglass","Cursed Key","Enchiridion","StoneCalendar","Art of War","The Courier","Anchor","Dream Catcher","Pandora\u0027s Box","Singing Bowl","Bottled Flame","Unceasing Top","Meat on the Bone"],"potions_floor_usage":[40,40,50],"damage_taken":[{"damage":15.0,"enemies":"Jaw Worm","floor":1.0,"turns":4.0},{"damage":0.0,"enemies":"Small Slimes","floor":4.0,"turns":3.0},{"damage":63.0,"enemies":"Lagavulin","floor":6.0,"turns":9.0},{"damage":10.0,"enemies":"Lagavulin Event","floor":7.0,"turns":6.0},{"damage":19.0,"enemies":"Gremlin Nob","floor":8.0,"turns":5.0},{"damage":0.0,"enemies":"Cultist","floor":10.0,"turns":4.0},{"damage":9.0,"enemies":"Gremlin Gang","floor":12.0,"turns":3.0},{"damage":0.0,"enemies":"3 Louse","floor":14.0,"turns":2.0},{"damage":50.0,"enemies":"Slime Boss","floor":16.0,"turns":9.0},{"damage":14.0,"enemies":"3 Byrds","floor":18.0,"turns":5.0},{"damage":48.0,"enemies":"Slavers","floor":23.0,"turns":6.0},{"damage":11.0,"enemies":"Chosen","floor":24.0,"turns":7.0},{"damage":8.0,"enemies":"Shelled Parasite and Fungi","floor":25.0,"turns":3.0},{"damage":9.0,"enemies":"Centurion and Healer","floor":27.0,"turns":5.0},{"damage":19.0,"enemies":"Gremlin Leader","floor":29.0,"turns":6.0},{"damage":13.0,"enemies":"Sentry and Sphere","floor":30.0,"turns":6.0},{"damage":27.0,"enemies":"Snake Plant","floor":31.0,"turns":4.0},{"damage":26.0,"enemies":"Champ","floor":33.0,"turns":8.0},{"damage":30.0,"enemies":"Orb Walker","floor":35.0,"turns":4.0},{"damage":57,"enemies":"Nemesis","floor":40,"turns":5},{"damage":0,"enemies":"Mind Bloom Boss Battle","floor":42,"turns":6},{"damage":4,"enemies":"3 Shapes","floor":45,"turns":2},{"damage":18,"enemies":"Sphere and 2 Shapes","floor":46,"turns":3},{"damage":18,"enemies":"Spire Growth","floor":47,"turns":3},{"damage":62,"enemies":"Donu and Deca","floor":50,"turns":6}],"seed_played":"-8847317398362739096","potions_obtained":[{"floor":4.0,"key":"FairyPotion"},{"floor":7.0,"key":"Ancient Potion"},{"floor":12.0,"key":"Dexterity Potion"},{"floor":23.0,"key":"Swift Potion"},{"floor":29.0,"key":"GamblersBrew"},{"floor":31.0,"key":"FearPotion"},{"floor":40,"key":"Strength Potion"}],"is_trial":false,"path_per_floor":["M","?","?","M","$","E","?","E","T","M","R","M","$","M","R","B",null,"M","?","T","$","?","E","M","M","T","M","R","E","M","M","R","B",null,"M","$","?","$","?","E","R","?","T","R","M","M","M","$","R","B",null],"character_chosen":"IRONCLAD","items_purchased":["Corruption","Magnetism","Chrysalis","Searing Blow","Singing Bowl","Combust"],"campfire_rested":1,"item_purchase_floors":[5,13,21,21,38,48],"current_hp_per_floor":[79,79,79,85,85,28,24,11,11,17,17,32,32,43,43,45,88,88,72,72,72,72,54,53,51,51,60,60,47,40,32,58,38,88,64,64,54,54,54,21,21,51,51,51,79,87,75,75,75,63],"gold":33,"neow_bonus":"TEN_PERCENT_HP_BONUS","is_prod":false,"is_daily":false,"chose_seed":false,"campfire_upgraded":6,"win_rate":0,"timestamp":1559326616,"path_taken":["M","?","?","M","$","E","?","E","T","M","R","?","?","?","R","BOSS","M","?","?","$","?","E","M","M","T","M","R","E","?","M","R","BOSS","M","$","?","$","?","E","R","?","T","R","M","M","?","$","R","BOSS"],"build_version":"2019-01-23","purchased_purges":2,"victory":true,"max_hp_per_floor":[88,88,88,88,88,88,88,88,88,88,88,88,88,88,88,88,88,88,88,88,88,88,88,88,88,88,88,88,88,88,88,88,88,88,88,88,88,88,88,90,90,90,90,90,92,92,92,92,92,92],"card_choices":[{"not_picked":["Body Slam","Sword Boomerang"],"picked":"Clash","floor":1.0},{"not_picked":["Havoc","Twin Strike"],"picked":"Body Slam","floor":4.0},{"not_picked":["Pummel","Anger"],"picked":"Spot Weakness","floor":6.0},{"not_picked":["Anger","Sentinel"],"picked":"Burning Pact","floor":7.0},{"not_picked":["Sword Boomerang","Fiend Fire"],"picked":"Reaper","floor":8.0},{"not_picked":["True Grit","Clash"],"picked":"Blood for Blood","floor":10.0},{"not_picked":["Iron Wave","Twin Strike"],"picked":"Headbutt","floor":12.0},{"not_picked":["Flex","Warcry"],"picked":"Armaments","floor":14.0},{"not_picked":["Berserk","Reaper"],"picked":"Fiend Fire","floor":16.0},{"not_picked":["Shrug It Off","Havoc"],"picked":"Iron Wave+1","floor":18.0},{"not_picked":["Sever Soul","Metallicize"],"picked":"Demon Form","floor":23.0},{"not_picked":["Iron Wave","Twin Strike"],"picked":"Cleave","floor":24.0},{"not_picked":["Combust","True Grit"],"picked":"Spot Weakness","floor":25.0},{"not_picked":["Clash","Iron Wave"],"picked":"Warcry","floor":27.0},{"not_picked":["Fire Breathing","Armaments"],"picked":"Pummel","floor":29.0},{"not_picked":["Iron Wave","Rupture"],"picked":"Infernal Blade+1","floor":30.0},{"not_picked":["Rage","Twin Strike+1"],"picked":"Dual Wield+1","floor":31.0},{"not_picked":["Iron Wave","Demon Form"],"picked":"Thunderclap+1","floor":32.0},{"not_picked":["Demon Form","Juggernaut"],"picked":"Double Tap","floor":33.0},{"not_picked":["Reckless Charge+1","Twin Strike"],"picked":"Armaments+1","floor":35.0},{"not_picked":["Flash of Steel","Swift Strike"],"picked":"Trip","floor":37.0},{"not_picked":["Panacea","Secret Technique"],"picked":"Forethought","floor":37.0},{"not_picked":["PanicButton","Transmutation"],"picked":"Blind","floor":37.0},{"not_picked":["Searing Blow","Clash+1","Body Slam+1"],"picked":"Singing Bowl","floor":40},{"not_picked":["Clothesline","Heavy Blade"],"picked":"Burning Pact+1","floor":42},{"not_picked":["Havoc+1","Twin Strike","Headbutt"],"picked":"Singing Bowl","floor":45},{"not_picked":["Flex","Sentinel+1"],"picked":"Pommel Strike+1","floor":46},{"not_picked":["Hemokinesis+1","Cleave+1"],"picked":"Immolate","floor":47}],"player_experience":287572,"relics_obtained":[{"floor":6.0,"key":"War Paint"},{"floor":7.0,"key":"Centennial Puzzle"},{"floor":8.0,"key":"Tiny Chest"},{"floor":9.0,"key":"Mercury Hourglass"},{"floor":19.0,"key":"Enchiridion"},{"floor":20.0,"key":"StoneCalendar"},{"floor":23.0,"key":"The Courier"},{"floor":26.0,"key":"Anchor"},{"floor":29.0,"key":"Dream Catcher"},{"floor":40,"key":"Bottled Flame"},{"floor":42,"key":"Unceasing Top"},{"floor":43,"key":"Meat on the Bone"}],"event_choices":[{"damage_healed":0.0,"max_hp_gain":0.0,"max_hp_loss":0.0,"gold_gain":0.0,"cards_transformed":["Strike_R"],"event_name":"Living Wall","player_choice":"Change","floor":2.0,"gold_loss":0.0,"damage_taken":0.0,"cards_obtained":["Feel No Pain"]},{"cards_removed":["Strike_R"],"damage_healed":0.0,"max_hp_gain":0.0,"max_hp_loss":0.0,"gold_gain":0.0,"event_name":"The Cleric","player_choice":"Card Removal","floor":3.0,"gold_loss":50.0,"damage_taken":0.0},{"damage_healed":0.0,"max_hp_gain":0.0,"max_hp_loss":0.0,"gold_gain":0.0,"event_name":"Dead Adventurer","player_choice":"Searched \u00271\u0027 times","floor":7.0,"gold_loss":0.0,"damage_taken":0.0},{"damage_healed":0.0,"max_hp_gain":0.0,"max_hp_loss":0.0,"gold_gain":0.0,"event_name":"Cursed Tome","player_choice":"Obtained Book","floor":19.0,"gold_loss":0.0,"damage_taken":16.0},{"damage_healed":0.0,"max_hp_gain":0.0,"max_hp_loss":0.0,"gold_gain":0.0,"event_name":"WeMeetAgain","player_choice":"Gave Potion","floor":22.0,"gold_loss":0.0,"damage_taken":0.0,"relics_obtained":["Art of War"]},{"damage_healed":0.0,"max_hp_gain":0.0,"max_hp_loss":0.0,"gold_gain":0.0,"event_name":"SensoryStone","player_choice":"Memory 3","floor":37.0,"gold_loss":0.0,"damage_taken":10.0},{"cards_removed":["True Grit"],"damage_healed":0.0,"max_hp_gain":0.0,"max_hp_loss":0.0,"gold_gain":0.0,"event_name":"Falling","player_choice":"Removed Skill","floor":39.0,"gold_loss":0.0,"damage_taken":0.0},{"damage_healed":0,"gold_gain":0,"player_choice":"Fight","damage_taken":0,"max_hp_gain":0,"max_hp_loss":0,"event_name":"MindBloom","floor":42,"gold_loss":0}],"is_beta":false,"boss_relics":[{"not_picked":["Black Blood","Orrery"],"picked":"Cursed Key"},{"not_picked":["Black Star","Runic Pyramid"],"picked":"Pandora\u0027s Box"}],"items_purged_floors":[36,48],"is_endless":false,"potions_floor_spawned":[4,7,12,23,29,31,40],"ascension_level":1}