{"gold_per_floor":[112,112,125,125,140,173,173,4,84,84],"floor_reached":10,"playtime":445,"items_purged":[],"score":76,"play_id":"65c99999-e569-4277-83eb-0117a67609fe","local_time":"20190608011149","is_ascension_mode":true,"campfire_choices":[{"floor":7,"key":"REST"}],"neow_cost":"NONE","seed_source_timestamp":13050577435760,"circlet_count":0,"master_deck":["Strike_B","Strike_B","Strike_B","Defend_B+1","Defend_B","Defend_B+1","Defend_B","Zap","Dualcast","Beam Cell","Glacier","Compile Driver","Hologram","Sweeping Beam"],"relics":["Cracked Core","Happy Flower","Golden Idol","Art of War","War Paint","Bottled Flame"],"potions_floor_usage":[],"damage_taken":[{"damage":4,"enemies":"Small Slimes","floor":1,"turns":3},{"damage":8,"enemies":"2 Louse","floor":3,"turns":3},{"damage":0,"enemies":"Cultist","floor":5,"turns":3},{"damage":29,"enemies":"Lagavulin","floor":6,"turns":8},{"damage":48,"enemies":"Gremlin Nob","floor":10,"turns":5}],"seed_played":"-4279556097832847413","potions_obtained":[],"is_trial":false,"path_per_floor":["M","?","M","?","M","E","R","$","T","E"],"character_chosen":"DEFECT","items_purchased":["Sweeping Beam","War Paint"],"campfire_rested":1,"item_purchase_floors":[8,8],"current_hp_per_floor":[71,53,45,45,45,16,38,38,38,0],"gold":84,"neow_bonus":"RANDOM_COMMON_RELIC","is_prod":false,"is_daily":false,"chose_seed":false,"campfire_upgraded":0,"win_rate":0,"timestamp":1559981509,"path_taken":["M","?","M","?","M","E","R","$","T","E"],"build_version":"2019-01-23","purchased_purges":0,"victory":false,"max_hp_per_floor":[75,75,75,75,75,75,75,75,75,75],"card_choices":[{"not_picked":["Barrage","Rebound"],"picked":"Beam Cell","floor":1},{"not_picked":["Compile Driver","Beam Cell"],"picked":"Glacier","floor":3},{"not_picked":["Stack","Tempest"],"picked":"Compile Driver","floor":5},{"not_picked":["Rebound","Coolheaded"],"picked":"Hologram","floor":6}],"player_experience":496744,"relics_obtained":[{"floor":6,"key":"Art of War"},{"floor":9,"key":"Bottled Flame"}],"event_choices":[{"damage_healed":0,"gold_gain":0,"player_choice":"Take Damage","damage_taken":18,"relics_obtained":["Golden Idol"],"max_hp_gain":0,"max_hp_loss":0,"event_name":"Golden Idol","floor":2,"gold_loss":0},{"cards_removed":["Strike_B"],"damage_healed":0,"gold_gain":0,"player_choice":"Offered Basic","damage_taken":0,"max_hp_gain":0,"max_hp_loss":0,"event_name":"Bonfire Elementals","floor":4,"gold_loss":0}],"is_beta":false,"boss_relics":[],"items_purged_floors":[],"is_endless":false,"potions_floor_spawned":[],"killed_by":"Gremlin Nob","ascension_level":3}