{"gold_per_floor":[116,76,3,3,21,60,60,91,91,91],"floor_reached":10,"playtime":484,"items_purged":[],"score":93,"play_id":"7ff1e692-e592-4a5c-9a1d-c9c9eb9f4db8","local_time":"20190617044300","is_ascension_mode":true,"campfire_choices":[{"data":"Zap","floor":7,"key":"SMITH"}],"neow_cost":"NONE","seed_source_timestamp":317543030319628,"circlet_count":0,"master_deck":["Strike_B","Strike_B","Strike_B","Strike_B","Defend_B","Defend_B","Defend_B","Defend_B","Zap+1","Dualcast","Dramatic Entrance","Sweeping Beam","Thunder Strike","Coolheaded","Buffer","FTL"],"relics":["Cracked Core","Golden Idol","Blue Candle","Orichalcum"],"potions_floor_usage":[6,6,8],"damage_taken":[{"damage":7,"enemies":"Jaw Worm","floor":1,"turns":3},{"damage":1,"enemies":"Cultist","floor":5,"turns":4},{"damage":18,"enemies":"Gremlin Nob","floor":6,"turns":3},{"damage":20,"enemies":"3 Sentries","floor":8,"turns":5},{"damage":12,"enemies":"Lagavulin","floor":10,"turns":3}],"seed_played":"5592303902404991322","potions_obtained":[{"floor":1,"key":"FearPotion"},{"floor":2,"key":"Explosive Potion"},{"floor":2,"key":"Strength Potion"}],"is_trial":false,"path_per_floor":["M","?","$","?","M","E","R","E","T","E"],"character_chosen":"DEFECT","items_purchased":["Thunder Strike"],"campfire_rested":0,"item_purchase_floors":[3],"current_hp_per_floor":[68,68,68,50,49,31,31,11,11,0],"gold":91,"neow_bonus":"RANDOM_COLORLESS","is_prod":false,"is_daily":false,"chose_seed":false,"campfire_upgraded":1,"win_rate":0,"timestamp":1560771780,"path_taken":["M","?","?","?","M","E","R","E","T","E"],"build_version":"2019-01-23","purchased_purges":0,"victory":false,"max_hp_per_floor":[75,75,75,75,75,75,75,75,75,75],"card_choices":[{"not_picked":["Force Field","Cold Snap"],"picked":"Sweeping Beam","floor":1},{"not_picked":["Streamline","Rebound"],"picked":"Coolheaded","floor":5},{"not_picked":["Ball Lightning","Fusion"],"picked":"Buffer","floor":6},{"not_picked":["Double Energy","Steam Power"],"picked":"FTL","floor":8}],"player_experience":649378,"relics_obtained":[{"floor":6,"key":"Blue Candle"},{"floor":8,"key":"Orichalcum"}],"event_choices":[{"damage_healed":0,"gold_gain":0,"player_choice":"Bought 3 Potions","damage_taken":0,"max_hp_gain":0,"max_hp_loss":0,"event_name":"The Woman in Blue","floor":2,"gold_loss":0},{"damage_healed":0,"gold_gain":0,"player_choice":"Take Damage","damage_taken":18,"relics_obtained":["Golden Idol"],"max_hp_gain":0,"max_hp_loss":0,"event_name":"Golden Idol","floor":4,"gold_loss":0}],"is_beta":false,"boss_relics":[],"items_purged_floors":[],"is_endless":false,"potions_floor_spawned":[1],"killed_by":"Lagavulin","ascension_level":5}