{"gold_per_floor":[17,35,49,49,9,42,108,108,134,134,145,195,245,275,275,370,370,388,47,197,209,31,31],"floor_reached":23,"playtime":4867,"items_purged":[],"score":311,"play_id":"2b72df95-86b1-4f1e-9d0f-e023cf266d38","local_time":"20190608032652","is_ascension_mode":true,"campfire_choices":[{"data":"Turbo","floor":8.0,"key":"SMITH"},{"floor":10.0,"key":"REST"},{"floor":15.0,"key":"REST"}],"neow_cost":"NO_GOLD","seed_source_timestamp":0,"circlet_count":0,"master_deck":["Defend_B","Defend_B","Defend_B","Zap","Dualcast","Echo Form","Gash","Coolheaded","Gash","Genetic Algorithm","Echo Form","Turbo+1","Coolheaded","Gash","Machine Learning","Recycle+1","Self Repair+1","BootSequence+1","Steam+1","Beam Cell+1","FTL+1","Sweeping Beam+1","Gash+1","Conserve Battery","Panache"],"special_seed":0,"relics":["Cracked Core","SsserpentHead","Bag of Marbles","Orichalcum","Potion Belt","Astrolabe","Molten Egg 2","Prayer Wheel","Dodecahedron"],"potions_floor_usage":[20,23],"damage_taken":[{"damage":1.0,"enemies":"Cultist","floor":1.0,"turns":4.0},{"damage":14.0,"enemies":"2 Louse","floor":2.0,"turns":3.0},{"damage":6.0,"enemies":"Small Slimes","floor":3.0,"turns":4.0},{"damage":32.0,"enemies":"Gremlin Nob","floor":6.0,"turns":4.0},{"damage":6.0,"enemies":"2 Fungi Beasts","floor":7.0,"turns":3.0},{"damage":13.0,"enemies":"3 Louse","floor":11.0,"turns":4.0},{"damage":16.0,"enemies":"3 Sentries","floor":14.0,"turns":9.0},{"damage":0.0,"enemies":"Slime Boss","floor":16.0,"turns":9.0},{"damage":21.0,"enemies":"2 Thieves","floor":18.0,"turns":5.0},{"damage":8,"enemies":"Colosseum Slavers","floor":20,"turns":5},{"damage":36,"enemies":"Colosseum Nobs","floor":20,"turns":5},{"damage":47,"enemies":"3 Byrds","floor":21,"turns":6},{"damage":12,"enemies":"Gremlin Leader","floor":23,"turns":2}],"seed_played":"8565890482914825937","potions_obtained":[{"floor":1.0,"key":"Dexterity Potion"},{"floor":2.0,"key":"Energy Potion"},{"floor":3.0,"key":"Regen Potion"},{"floor":11.0,"key":"FearPotion"},{"floor":18.0,"key":"PowerPotion"}],"is_trial":false,"path_per_floor":["M","M","M","?","$","E","M","R","T","R","M","?","?","E","R","B",null,"M","$","?","M","$","E"],"character_chosen":"DEFECT","items_purchased":["Genetic Algorithm","Molten Egg 2","Beam Cell+1","FTL+1","Panache"],"campfire_rested":2,"item_purchase_floors":[5,19,19,19,22],"current_hp_per_floor":[74,60,54,54,54,22,16,16,16,38,25,25,18,17,39,39,75,74,74,49,12,12,0],"gold":31,"neow_bonus":"THREE_RARE_CARDS","is_prod":false,"is_daily":false,"chose_seed":false,"campfire_upgraded":1,"win_rate":0,"timestamp":1559989612,"path_taken":["M","M","?","?","$","E","?","R","T","R","M","?","?","E","R","BOSS","M","$","?","M","$","E"],"build_version":"2019-01-23","purchased_purges":0,"victory":false,"max_hp_per_floor":[75,75,75,75,75,75,75,75,75,75,75,75,75,75,75,75,75,75,75,75,75,75,75],"card_choices":[{"not_picked":["Fission","Reboot"],"picked":"Echo Form","floor":0.0},{"not_picked":["Blizzard","Loop"],"picked":"Gash","floor":1.0},{"not_picked":["Barrage","Defragment"],"picked":"Coolheaded","floor":2.0},{"not_picked":["Redo","Doom and Gloom"],"picked":"Gash","floor":3.0},{"not_picked":["Sweeping Beam","Buffer"],"picked":"Echo Form","floor":6.0},{"not_picked":["Barrage","Conserve Battery"],"picked":"Turbo","floor":7.0},{"not_picked":["Sunder","Steam"],"picked":"Coolheaded","floor":11.0},{"not_picked":["Leap","Doom and Gloom"],"picked":"Gash","floor":14.0},{"not_picked":["Hyperbeam","Reboot"],"picked":"Machine Learning","floor":16.0},{"not_picked":["Fusion","Cold Snap"],"picked":"Steam+1","floor":18.0},{"not_picked":["Loop","Capacitor"],"picked":"Sweeping Beam+1","floor":20},{"not_picked":["Hello World","Fusion"],"picked":"Gash+1","floor":21},{"not_picked":["Fusion","Steam"],"picked":"Conserve Battery","floor":21}],"player_experience":499134,"relics_obtained":[{"floor":6.0,"key":"Bag of Marbles"},{"floor":9.0,"key":"Orichalcum"},{"floor":14.0,"key":"Potion Belt"},{"floor":20,"key":"Prayer Wheel"},{"floor":20,"key":"Dodecahedron"}],"event_choices":[{"damage_healed":0.0,"max_hp_gain":0.0,"max_hp_loss":0.0,"gold_gain":0.0,"event_name":"FaceTrader","player_choice":"Trade","floor":4.0,"gold_loss":0.0,"damage_taken":0.0,"relics_obtained":["SsserpentHead"]},{"cards_removed":["Strike_B"],"damage_healed":0.0,"max_hp_gain":0.0,"max_hp_loss":0.0,"gold_gain":0.0,"event_name":"Living Wall","player_choice":"Forget","floor":12.0,"gold_loss":0.0,"damage_taken":0.0},{"cards_removed":["Strike_B"],"damage_healed":0.0,"max_hp_gain":0.0,"max_hp_loss":0.0,"gold_gain":0.0,"event_name":"Golden Wing","player_choice":"Card Removal","floor":13.0,"gold_loss":0.0,"damage_taken":7.0},{"damage_healed":0,"gold_gain":0,"player_choice":"Fight","damage_taken":0,"max_hp_gain":0,"max_hp_loss":0,"event_name":"Colosseum","floor":20,"gold_loss":0},{"damage_healed":0,"gold_gain":0,"player_choice":"Fought Nobs","damage_taken":0,"max_hp_gain":0,"max_hp_loss":0,"event_name":"Colosseum","floor":20,"gold_loss":0}],"is_beta":false,"boss_relics":[{"not_picked":["Fusion Hammer","Lizard Tail"],"picked":"Astrolabe"}],"items_purged_floors":[],"is_endless":false,"potions_floor_spawned":[1,2,3,11,18],"killed_by":"Gremlin Leader","ascension_level":3}