{"gold_per_floor":[111,111,129,147,164,194,207,220,220,249,249,282,295,308,308,413,413,424,424,106,122,132,132,157,157,237,237,272,284,302,321,321,422,422,432,30,30,30,50,50,84,84,84,111,111,126,138,168,168,168,168,168,17,49,49],"floor_reached":56,"playtime":26708,"items_purged":["Defend_B"],"score":2102,"play_id":"d438d793-72f3-4e75-945d-22631ef65d4b","local_time":"20190831063538","is_ascension_mode":true,"campfire_choices":[{"floor":11.0,"key":"REST"},{"floor":15.0,"key":"REST"},{"data":"Fission","floor":23.0,"key":"SMITH"},{"data":"Zap","floor":25.0,"key":"SMITH"},{"floor":27.0,"key":"REST"},{"data":"Heatsinks","floor":32.0,"key":"SMITH"},{"data":"Consume","floor":40.0,"key":"SMITH"},{"data":"Hologram","floor":42.0,"key":"SMITH"},{"floor":49.0,"key":"RECALL"},{"data":"Seek","floor":52.0,"key":"SMITH"}],"neow_cost":"NONE","seed_source_timestamp":0,"circlet_count":0,"master_deck":["AscendersBane","Strike_B+1","Defend_B","Defend_B+1","Defend_B","Zap+1","Dualcast+1","Hologram+1","Go for the Eyes","Self Repair","Go for the Eyes","All For One+1","Genetic Algorithm","Fission+1","Conserve Battery","Chill","Beam Cell","Scrape","Creative AI","Genetic Algorithm+1","Fusion+1","Undo+1","Turbo","Heatsinks+1","Steam","Heatsinks","Echo Form","Force Field+1","Capacitor","Sunder","Reboot","Hologram","Consume+1","Coolheaded","Capacitor","Heatsinks+1","Reprogram+1","Compile Driver+1","Seek+1","Forethought","Meteor Strike","Turbo","Compile Driver"],"special_seed":0,"relics":["Cracked Core","War Paint","Mummified Hand","Gremlin Horn","Centennial Puzzle","DataDisk","Singing Bowl","Astrolabe","Lee\u0027s Waffle","Vajra","Strawberry","Nuclear Battery","Whetstone","Du-Vu Doll","Incense Burner","Dream Catcher","Dodecahedron","Anchor","Torii"],"potions_floor_usage":[55,55],"damage_taken":[{"damage":0.0,"enemies":"Small Slimes","floor":1.0,"turns":3.0},{"damage":0.0,"enemies":"Cultist","floor":3.0,"turns":3.0},{"damage":0.0,"enemies":"2 Louse","floor":4.0,"turns":2.0},{"damage":16.0,"enemies":"Lots of Slimes","floor":5.0,"turns":3.0},{"damage":25.0,"enemies":"Gremlin Nob","floor":6.0,"turns":4.0},{"damage":2.0,"enemies":"Exordium Thugs","floor":7.0,"turns":3.0},{"damage":17.0,"enemies":"Large Slime","floor":8.0,"turns":5.0},{"damage":20.0,"enemies":"3 Sentries","floor":10.0,"turns":7.0},{"damage":25.0,"enemies":"Gremlin Nob","floor":12.0,"turns":5.0},{"damage":0.0,"enemies":"Looter","floor":13.0,"turns":3.0},{"damage":13.0,"enemies":"Exordium Wildlife","floor":14.0,"turns":3.0},{"damage":41.0,"enemies":"The Guardian","floor":16.0,"turns":12.0},{"damage":26.0,"enemies":"3 Byrds","floor":18.0,"turns":6.0},{"damage":10.0,"enemies":"Shell Parasite","floor":21.0,"turns":5.0},{"damage":0.0,"enemies":"Snecko","floor":22.0,"turns":7.0},{"damage":55.0,"enemies":"Slavers","floor":24.0,"turns":7.0},{"damage":4.0,"enemies":"Book of Stabbing","floor":28.0,"turns":6.0},{"damage":0.0,"enemies":"Centurion and Healer","floor":29.0,"turns":6.0},{"damage":15.0,"enemies":"Cultist and Chosen","floor":30.0,"turns":6.0},{"damage":0.0,"enemies":"Snake Plant","floor":31.0,"turns":6.0},{"damage":20.0,"enemies":"Champ","floor":33.0,"turns":10.0},{"damage":0.0,"enemies":"3 Shapes","floor":35.0,"turns":5.0},{"damage":0.0,"enemies":"3 Darklings","floor":39.0,"turns":6.0},{"damage":2.0,"enemies":"Reptomancer","floor":41.0,"turns":5.0},{"damage":0.0,"enemies":"Giant Head","floor":44.0,"turns":6.0},{"damage":2.0,"enemies":"Maw","floor":46.0,"turns":5.0},{"damage":0.0,"enemies":"Writhing Mass","floor":47.0,"turns":4.0},{"damage":0.0,"enemies":"Nemesis","floor":48.0,"turns":3.0},{"damage":0.0,"enemies":"Donu and Deca","floor":50.0,"turns":7.0},{"damage":0.0,"enemies":"Shield and Spear","floor":54.0,"turns":4.0},{"damage":75,"enemies":"The Heart","floor":55,"turns":10}],"seed_played":"-4005832637007937421","potions_obtained":[{"floor":4.0,"key":"LiquidBronze"},{"floor":6.0,"key":"SpeedPotion"},{"floor":7.0,"key":"Dexterity Potion"},{"floor":13.0,"key":"FearPotion"},{"floor":16.0,"key":"Swift Potion"},{"floor":18.0,"key":"LiquidBronze"},{"floor":41.0,"key":"EssenceOfSteel"}],"is_trial":false,"path_per_floor":["M","?","M","M","M","E","M","M","T","E","R","E","M","M","R","B",null,"M","?","$","M","M","R","E","R","T","R","E","M","M","M","R","B",null,"M","$","?","$","M","R","E","R","T","E","?","M","M","E","R","B",null,"R","$","E","B",null],"character_chosen":"DEFECT","items_purchased":["Heatsinks","Steam","Lee\u0027s Waffle","Whetstone","Consume","Coolheaded","Capacitor","Anchor"],"campfire_rested":3,"item_purchase_floors":[20,20,20,36,36,36,36,53],"current_hp_per_floor":[68,65,65,65,56,38,43,33,33,20,42,24,31,25,47,13,60,41,41,82,79,84,84,36,36,36,61,71,78,72,79,79,66,86,93,93,93,93,93,93,93,93,93,93,93,95,97,97,97,97,97,97,97,97,29],"gold":49,"neow_bonus":"RANDOM_COMMON_RELIC","is_prod":false,"is_daily":false,"chose_seed":false,"campfire_upgraded":6,"win_rate":0,"timestamp":1567247738,"path_taken":["M","?","M","M","M","E","M","M","T","E","R","E","M","M","R","BOSS","M","?","$","M","M","R","E","R","T","R","E","M","M","M","R","BOSS","M","$","?","?","?","R","E","R","T","E","?","M","?","E","R","BOSS","R","$","E","BOSS"],"build_version":"2019-07-17","purchased_purges":1,"victory":true,"max_hp_per_floor":[75,75,75,75,75,75,75,75,75,75,75,75,75,75,75,75,75,75,75,82,82,84,84,84,84,84,84,91,91,93,93,93,93,93,93,93,93,93,93,93,93,93,93,93,93,95,97,97,97,97,97,97,97,97,97],"card_choices":[{"not_picked":["Steam","Darkness"],"picked":"Hologram","floor":1.0},{"not_picked":["FTL","Rebound"],"picked":"Go for the Eyes","floor":3.0},{"not_picked":["Beam Cell","Hologram"],"picked":"Self Repair","floor":4.0},{"not_picked":["Streamline","Compile Driver"],"picked":"Go for the Eyes","floor":5.0},{"not_picked":["Redo","Beam Cell"],"picked":"All For One","floor":6.0},{"not_picked":["Sweeping Beam","Darkness"],"picked":"Genetic Algorithm","floor":7.0},{"not_picked":["Coolheaded","Steam"],"picked":"Fission","floor":8.0},{"not_picked":["Compile Driver","Blizzard"],"picked":"Conserve Battery","floor":10.0},{"not_picked":["Go for the Eyes","Rip and Tear"],"picked":"Chill","floor":12.0},{"not_picked":["BootSequence","Streamline"],"picked":"Beam Cell","floor":13.0},{"not_picked":["Heatsinks","Coolheaded"],"picked":"Scrape","floor":14.0},{"not_picked":["Multi-Cast","Echo Form"],"picked":"Creative AI","floor":16.0},{"not_picked":["Genetic Algorithm","Redo"],"picked":"Turbo","floor":18.0},{"not_picked":["Conserve Battery","Rebound"],"picked":"Heatsinks","floor":21.0},{"not_picked":["Hello World","Recycle","Self Repair"],"picked":"Singing Bowl","floor":22.0},{"not_picked":["Darkness","Compile Driver"],"picked":"Echo Form","floor":24.0},{"not_picked":["Barrage","Fission"],"picked":"Force Field+1","floor":28.0},{"not_picked":["Melter","Chaos"],"picked":"Capacitor","floor":29.0},{"not_picked":["Cold Snap","Barrage","Steam Power"],"picked":"Singing Bowl","floor":30.0},{"not_picked":["Turbo","Coolheaded"],"picked":"Sunder","floor":31.0},{"not_picked":["Thunder Strike","Electrodynamics"],"picked":"Reboot","floor":33.0},{"not_picked":["Melter+1","Redo"],"picked":"Hologram","floor":35.0},{"not_picked":["Skim","Barrage"],"picked":"Reprogram+1","floor":39.0},{"not_picked":["Beam Cell","Sweeping Beam"],"picked":"Compile Driver+1","floor":41.0},{"not_picked":["Beam Cell+1","Streamline"],"picked":"Seek","floor":44.0},{"not_picked":["Coolheaded","Beam Cell","Gash"],"picked":"Singing Bowl","floor":46.0},{"not_picked":["Beam Cell","Streamline","Glacier"],"picked":"Singing Bowl","floor":47.0},{"not_picked":["Gash","Cold Snap+1"],"picked":"Turbo","floor":48.0},{"not_picked":["Thunder Strike","Genetic Algorithm+1"],"picked":"Compile Driver","floor":54.0}],"player_experience":1235564,"relics_obtained":[{"floor":6.0,"key":"Gremlin Horn"},{"floor":9.0,"key":"Centennial Puzzle"},{"floor":10.0,"key":"DataDisk"},{"floor":12.0,"key":"Singing Bowl"},{"floor":24.0,"key":"Vajra"},{"floor":28.0,"key":"Strawberry"},{"floor":41.0,"key":"Du-Vu Doll"},{"floor":43.0,"key":"Incense Burner"},{"floor":44.0,"key":"Dream Catcher"},{"floor":48.0,"key":"Dodecahedron"},{"floor":54.0,"key":"Torii"}],"event_choices":[{"damage_healed":0.0,"max_hp_gain":0.0,"max_hp_loss":0.0,"gold_gain":0.0,"event_name":"Scrap Ooze","player_choice":"Success","floor":2.0,"gold_loss":0.0,"damage_taken":3.0,"relics_obtained":["Mummified Hand"]},{"damage_healed":0.0,"max_hp_gain":0.0,"max_hp_loss":0.0,"gold_gain":0.0,"event_name":"Vampires","player_choice":"Ignored","floor":19.0,"gold_loss":0.0,"damage_taken":0.0},{"damage_healed":0.0,"max_hp_gain":0.0,"max_hp_loss":0.0,"gold_gain":0.0,"event_name":"Duplicator","player_choice":"Copied","floor":37.0,"gold_loss":0.0,"damage_taken":0.0,"cards_obtained":["Heatsinks"]},{"damage_healed":0.0,"max_hp_gain":0.0,"max_hp_loss":0.0,"gold_gain":0.0,"event_name":"Match and Keep!","player_choice":"2 cards matched","floor":45.0,"gold_loss":0.0,"damage_taken":0.0,"cards_obtained":["Forethought","Meteor Strike"]}],"is_beta":false,"boss_relics":[{"not_picked":["Tiny House","Orrery"],"picked":"Astrolabe"},{"not_picked":["White Beast Statue","Lizard Tail"],"picked":"Nuclear Battery"}],"items_purged_floors":[36],"is_endless":false,"potions_floor_spawned":[4,6,7,13,16,18,28,31,41,44,54],"ascension_level":12}