{"gold_per_floor":[113,130,149,149,166,166,166,180,230,230,255,270,345,374,374,473,473,489,589,600,600,614,614,24,35,35,35,45,62,8,40,40,139,139,158,158,158,78,98,123,23,35,62,78,89,101,121,131,131,131,131,131,32,62,62],"floor_reached":56,"playtime":18624,"items_purged":["Strike_R","Pain","Shame"],"score":1215,"play_id":"14ce981c-507e-4e0f-a99e-915717164d07","local_time":"20190611121348","is_ascension_mode":false,"campfire_choices":[{"data":"Flame Barrier","floor":6.0,"key":"SMITH"},{"data":"Cleave","floor":10.0,"key":"SMITH"},{"data":"Searing Blow","floor":15.0,"key":"SMITH"},{"data":"Exhume","floor":23.0,"key":"SMITH"},{"data":"Dark Embrace","floor":32.0,"key":"SMITH"},{"floor":49.0,"key":"RECALL"},{"data":"Feel No Pain","floor":52.0,"key":"SMITH"}],"neow_cost":"NONE","seed_source_timestamp":0,"circlet_count":0,"master_deck":["Strike_R","Strike_R","Strike_R","Strike_R+1","Defend_R","Defend_R+1","Defend_R","Defend_R","Bash","Flame Barrier+1","Twin Strike","Second Wind","Battle Trance","Bandage Up+1","Bash+1","Searing Blow+1","Cleave+1","Exhume","Feel No Pain+1","Whirlwind","Exhume+1","Armaments+1","Combust","Spot Weakness","Necronomicurse","Shrug It Off","Juggernaut","Secret Technique+1","Metallicize","Immolate+1","Flex+1","Evolve","Dark Embrace+1","Barricade","Clumsy","Doubt","Dual Wield+1","Thinking Ahead","Purity","Dramatic Entrance","Madness","Madness","Burning Pact+1","Headbutt","Corruption","Pommel Strike+1","Flex+1","Power Through+1","Disarm","Parasite","Power Through+1","True Grit","Madness"],"special_seed":0,"relics":["Burning Blood","NeowsBlessing","Bronze Scales","Dodecahedron","Happy Flower","Sozu","StoneCalendar","The Courier","Necronomicon","Ancient Tea Set","Letter Opener","Meat on the Bone","War Paint","Dead Branch","Calling Bell","Vajra","Mummified Hand","Pocketwatch","Bag of Marbles","Whetstone"],"potions_floor_usage":[],"damage_taken":[{"damage":0.0,"enemies":"Jaw Worm","floor":1.0,"turns":1.0},{"damage":0.0,"enemies":"Cultist","floor":2.0,"turns":1.0},{"damage":0.0,"enemies":"Small Slimes","floor":3.0,"turns":1.0},{"damage":6.0,"enemies":"2 Fungi Beasts","floor":5.0,"turns":4.0},{"damage":0.0,"enemies":"Large Slime","floor":8.0,"turns":5.0},{"damage":18.0,"enemies":"Gremlin Nob","floor":11.0,"turns":4.0},{"damage":4.0,"enemies":"Blue Slaver","floor":12.0,"turns":3.0},{"damage":19.0,"enemies":"3 Sentries","floor":14.0,"turns":7.0},{"damage":51.0,"enemies":"The Guardian","floor":16.0,"turns":12.0},{"damage":7.0,"enemies":"Shell Parasite","floor":18.0,"turns":4.0},{"damage":22.0,"enemies":"Colosseum Slavers","floor":19.0,"turns":4.0},{"damage":36.0,"enemies":"Colosseum Nobs","floor":19.0,"turns":4.0},{"damage":0.0,"enemies":"Chosen","floor":20.0,"turns":5.0},{"damage":8.0,"enemies":"Snecko","floor":22.0,"turns":4.0},{"damage":6.0,"enemies":"Centurion and Healer","floor":25.0,"turns":6.0},{"damage":11.0,"enemies":"Chosen and Byrds","floor":28.0,"turns":4.0},{"damage":10.0,"enemies":"Shelled Parasite and Fungi","floor":29.0,"turns":3.0},{"damage":16.0,"enemies":"Slavers","floor":31.0,"turns":2.0},{"damage":15.0,"enemies":"Champ","floor":33.0,"turns":8.0},{"damage":12.0,"enemies":"Orb Walker","floor":35.0,"turns":2.0},{"damage":0.0,"enemies":"3 Darklings","floor":39.0,"turns":1.0},{"damage":44.0,"enemies":"Reptomancer","floor":40.0,"turns":4.0},{"damage":12.0,"enemies":"4 Shapes","floor":42.0,"turns":1.0},{"damage":4.0,"enemies":"Sphere and 2 Shapes","floor":44.0,"turns":1.0},{"damage":6.0,"enemies":"Transient","floor":45.0,"turns":5.0},{"damage":40.0,"enemies":"Maw","floor":46.0,"turns":5.0},{"damage":4.0,"enemies":"4 Shapes","floor":47.0,"turns":1.0},{"damage":15.0,"enemies":"Writhing Mass","floor":48.0,"turns":5.0},{"damage":48.0,"enemies":"Awakened One","floor":50.0,"turns":5.0},{"damage":34.0,"enemies":"Shield and Spear","floor":54.0,"turns":3.0},{"damage":18,"enemies":"The Heart","floor":55,"turns":4}],"seed_played":"3533125122540275975","potions_obtained":[{"floor":1.0,"key":"BloodPotion"},{"floor":2.0,"key":"Energy Potion"},{"floor":8.0,"key":"Swift Potion"},{"floor":14.0,"key":"Regen Potion"}],"is_trial":false,"path_per_floor":["M","M","M","?","M","R","?","M","T","R","E","M","?","E","R","B",null,"M","?","M","?","M","R","$","M","T","?","M","M","$","E","R","B",null,"M","?","?","$","M","E","$","M","T","M","M","M","M","M","R","B",null,"R","$","E","B",null],"character_chosen":"IRONCLAD","items_purchased":["Ancient Tea Set","Juggernaut","Secret Technique","Letter Opener","Evolve","True Grit","Madness"],"campfire_rested":0,"item_purchase_floors":[24,24,24,24,30,53,53],"current_hp_per_floor":[80,80,80,64,64,64,64,74,74,74,66,80,69,64,64,42,80,80,44,58,42,40,40,40,44,44,44,57,65,65,55,55,64,80,74,64,54,54,60,34,34,40,40,54,60,44,58,49,49,25,80,80,80,52,58],"gold":62,"neow_bonus":"THREE_ENEMY_KILL","is_prod":false,"is_daily":false,"chose_seed":false,"campfire_upgraded":6,"win_rate":0,"timestamp":1560280428,"path_taken":["M","M","M","?","M","R","?","?","T","R","E","M","?","E","R","BOSS","M","?","M","?","M","R","$","M","T","?","M","M","?","E","R","BOSS","M","?","?","$","?","E","$","?","T","M","M","M","M","M","R","BOSS","R","$","E","BOSS"],"build_version":"2019-01-23","purchased_purges":3,"victory":true,"max_hp_per_floor":[80,80,80,80,80,80,80,80,80,80,80,80,80,80,80,80,80,80,80,80,80,80,80,80,80,80,80,80,80,80,80,80,80,80,80,80,80,80,80,80,80,80,80,80,80,80,80,80,80,80,80,80,80,80,80],"card_choices":[{"not_picked":["Corruption","Anger"],"picked":"Flame Barrier","floor":1.0},{"not_picked":["Dual Wield","Clash"],"picked":"Twin Strike","floor":2.0},{"not_picked":["Clash","True Grit"],"picked":"Second Wind","floor":3.0},{"not_picked":["Clothesline","Twin Strike"],"picked":"Battle Trance","floor":5.0},{"not_picked":["Evolve","Power Through"],"picked":"Cleave","floor":8.0},{"not_picked":["Bludgeon","Perfected Strike"],"picked":"Exhume","floor":11.0},{"not_picked":["Headbutt","Clothesline"],"picked":"Feel No Pain","floor":12.0},{"not_picked":["Warcry","Flex"],"picked":"Whirlwind","floor":14.0},{"not_picked":["Impervious","Demon Form"],"picked":"Exhume","floor":16.0},{"not_picked":["Shrug It Off","True Grit"],"picked":"Armaments+1","floor":18.0},{"not_picked":["Anger","Perfected Strike+1"],"picked":"Combust","floor":19.0},{"not_picked":["Clothesline+1","Armaments"],"picked":"Spot Weakness","floor":20.0},{"not_picked":["Combust+1","Sword Boomerang"],"picked":"Shrug It Off","floor":22.0},{"not_picked":["Corruption","Ghostly Armor+1"],"picked":"Metallicize","floor":25.0},{"not_picked":["Body Slam","Cleave"],"picked":"Immolate","floor":28.0},{"not_picked":["Reckless Charge","Pommel Strike"],"picked":"Flex+1","floor":29.0},{"not_picked":["Pummel","Seeing Red+1"],"picked":"Dark Embrace","floor":31.0},{"not_picked":["Immolate","Fiend Fire"],"picked":"Barricade","floor":33.0},{"not_picked":["Hemokinesis","Twin Strike"],"picked":"Dual Wield+1","floor":35.0},{"not_picked":["Secret Weapon","Finesse"],"picked":"Thinking Ahead","floor":36.0},{"not_picked":["Flash of Steel","Mayhem"],"picked":"Purity","floor":36.0},{"not_picked":["PanicButton","Deep Breath"],"picked":"Dramatic Entrance","floor":36.0},{"not_picked":["Bloodletting+1","Flex+1"],"picked":"Burning Pact+1","floor":39.0},{"not_picked":["Armaments","Clash"],"picked":"Headbutt","floor":40.0},{"not_picked":["Disarm","Wild Strike+1"],"picked":"Corruption","floor":42.0},{"not_picked":["Headbutt","Rampage"],"picked":"Pommel Strike+1","floor":44.0},{"not_picked":["Cleave","Second Wind"],"picked":"Flex+1","floor":45.0},{"not_picked":["Shrug It Off","Dropkick+1"],"picked":"Power Through+1","floor":46.0},{"not_picked":["Heavy Blade","Iron Wave"],"picked":"Disarm","floor":47.0},{"not_picked":["Blood for Blood+1","Carnage+1"],"picked":"Power Through+1","floor":48.0},{"not_picked":["Reaper","Limit Break","Iron Wave"],"picked":"SKIP","floor":54.0}],"player_experience":555712,"relics_obtained":[{"floor":9.0,"key":"Bronze Scales"},{"floor":11.0,"key":"Dodecahedron"},{"floor":14.0,"key":"Happy Flower"},{"floor":19.0,"key":"StoneCalendar"},{"floor":19.0,"key":"The Courier"},{"floor":21.0,"key":"Necronomicon"},{"floor":26.0,"key":"Meat on the Bone"},{"floor":31.0,"key":"Dead Branch"},{"floor":34.0,"key":"Vajra"},{"floor":34.0,"key":"Mummified Hand"},{"floor":34.0,"key":"Pocketwatch"},{"floor":40.0,"key":"Bag of Marbles"},{"floor":54.0,"key":"Whetstone"}],"event_choices":[{"damage_healed":0.0,"max_hp_gain":0.0,"max_hp_loss":0.0,"gold_gain":0.0,"event_name":"Shining Light","player_choice":"Entered Light","floor":4.0,"gold_loss":0.0,"damage_taken":16.0,"cards_upgraded":["Strike_R","Defend_R"]},{"damage_healed":0.0,"max_hp_gain":0.0,"max_hp_loss":0.0,"gold_gain":0.0,"event_name":"Match and Keep!","player_choice":"3 cards matched","floor":7.0,"gold_loss":0.0,"damage_taken":0.0,"cards_obtained":["Bandage Up","Bash","Searing Blow"]},{"damage_healed":0.0,"max_hp_gain":0.0,"max_hp_loss":0.0,"gold_gain":0.0,"event_name":"Match and Keep!","player_choice":"3 cards matched","floor":7.0,"gold_loss":0.0,"damage_taken":0.0,"cards_obtained":["Bandage Up","Bash","Searing Blow"]},{"damage_healed":0.0,"max_hp_gain":0.0,"max_hp_loss":0.0,"gold_gain":75.0,"event_name":"World of Goop","player_choice":"Gather Gold","floor":13.0,"gold_loss":0.0,"damage_taken":11.0},{"damage_healed":0.0,"max_hp_gain":0.0,"max_hp_loss":0.0,"gold_gain":0.0,"event_name":"Colosseum","player_choice":"Fight","floor":19.0,"gold_loss":0.0,"damage_taken":0.0},{"damage_healed":0.0,"max_hp_gain":0.0,"max_hp_loss":0.0,"gold_gain":0.0,"event_name":"Colosseum","player_choice":"Fought Nobs","floor":19.0,"gold_loss":0.0,"damage_taken":0.0},{"damage_healed":0.0,"max_hp_gain":0.0,"max_hp_loss":0.0,"gold_gain":0.0,"event_name":"Cursed Tome","player_choice":"Obtained Book","floor":21.0,"gold_loss":0.0,"damage_taken":16.0},{"damage_healed":0.0,"max_hp_gain":0.0,"max_hp_loss":0.0,"gold_gain":0.0,"event_name":"Addict","player_choice":"Stole Relic","floor":27.0,"gold_loss":0.0,"damage_taken":0.0,"relics_obtained":["War Paint"],"cards_obtained":["Shame"]},{"damage_healed":0.0,"max_hp_gain":0.0,"max_hp_loss":0.0,"gold_gain":0.0,"event_name":"SensoryStone","player_choice":"Memory 3","floor":36.0,"gold_loss":0.0,"damage_taken":10.0},{"damage_healed":0.0,"max_hp_gain":0.0,"max_hp_loss":0.0,"gold_gain":0.0,"event_name":"Winding Halls","player_choice":"Embrace Madness","floor":37.0,"gold_loss":0.0,"damage_taken":10.0,"cards_obtained":["Madness","Madness"]}],"is_beta":false,"boss_relics":[{"not_picked":["Tiny House","Astrolabe"],"picked":"Sozu"},{"not_picked":["Runic Pyramid","Black Blood"],"picked":"Calling Bell"}],"items_purged_floors":[24,38,41],"is_endless":false,"potions_floor_spawned":[1,2,8,14,18,19,20,25,31,39,40,45],"ascension_level":0}