{"gold_per_floor":[114,17,17,29,40,40,71,87,87,87,98,126,139,165,165,266,266,285,304,319,18,33,63,63,89,116,116,41,41,56,18,18,115,115,131,145,145,145,159,159,189,45,45,55,66,66,96,106,106,106,106,106,8,34,34],"floor_reached":56,"playtime":6803,"items_purged":["Strike_G"],"score":1244,"play_id":"4559dbc5-f143-48a5-aa7c-6654a6e0be45","local_time":"20190812142822","is_ascension_mode":false,"campfire_choices":[{"data":"Blind","floor":6.0,"key":"SMITH"},{"data":"Well Laid Plans","floor":10.0,"key":"SMITH"},{"data":"Malaise","floor":15.0,"key":"SMITH"},{"floor":24.0,"key":"REST"},{"floor":29.0,"key":"REST"},{"data":"Burst","floor":32.0,"key":"SMITH"},{"data":"Flechettes","floor":40.0,"key":"SMITH"},{"floor":46.0,"key":"REST"},{"floor":49.0,"key":"RECALL"},{"data":"Catalyst","floor":52.0,"key":"SMITH"}],"neow_cost":"NONE","seed_source_timestamp":0,"circlet_count":0,"master_deck":["Strike_G","Defend_G","Defend_G","Defend_G","Defend_G","Survivor","Neutralize","Heel Hook","Blind+1","A Thousand Cuts","Flechettes+1","Dash","Backflip","Catalyst+1","Malaise+1","Poisoned Stab","Burst+1","Concentrate","Blur+1","Panache+1","Backflip","Catalyst","Bane+1","Footwork+1","J.A.X.+1","Outmaneuver+1","Wraith Form v2+1","Tactician+1","PiercingWail","Bouncing Flask","Expertise+1","Noxious Fumes+1","A Thousand Cuts+1","Prepared","Noxious Fumes+1","Noxious Fumes+1","Acrobatics","Concentrate","Expertise+1"],"special_seed":0,"relics":["Ring of the Snake","GremlinMask","Gremlin Horn","Frozen Egg 2","Snake Skull","Letter Opener","Empty Cage","Membership Card","Bag of Marbles","Art of War","Ancient Tea Set","Runic Pyramid","Bronze Scales","Mummified Hand","Shuriken","Orichalcum"],"potions_floor_usage":[55],"damage_taken":[{"damage":0.0,"enemies":"Small Slimes","floor":1.0,"turns":4.0},{"damage":0.0,"enemies":"Cultist","floor":4.0,"turns":5.0},{"damage":2.0,"enemies":"Jaw Worm","floor":5.0,"turns":5.0},{"damage":10.0,"enemies":"3 Sentries","floor":7.0,"turns":8.0},{"damage":3.0,"enemies":"2 Fungi Beasts","floor":8.0,"turns":3.0},{"damage":15.0,"enemies":"3 Louse","floor":11.0,"turns":3.0},{"damage":2.0,"enemies":"Lagavulin","floor":12.0,"turns":8.0},{"damage":0.0,"enemies":"Exordium Thugs","floor":13.0,"turns":3.0},{"damage":17.0,"enemies":"Gremlin Nob","floor":14.0,"turns":4.0},{"damage":6.0,"enemies":"Hexaghost","floor":16.0,"turns":15.0},{"damage":7.0,"enemies":"Chosen","floor":18.0,"turns":6.0},{"damage":18.0,"enemies":"Spheric Guardian","floor":19.0,"turns":6.0},{"damage":0.0,"enemies":"Snake Plant","floor":20.0,"turns":6.0},{"damage":2.0,"enemies":"Cultist and Chosen","floor":22.0,"turns":7.0},{"damage":39.0,"enemies":"Slavers","floor":23.0,"turns":6.0},{"damage":4.0,"enemies":"Book of Stabbing","floor":25.0,"turns":7.0},{"damage":3.0,"enemies":"3 Cultists","floor":30.0,"turns":3.0},{"damage":24.0,"enemies":"Collector","floor":33.0,"turns":7.0},{"damage":6.0,"enemies":"3 Darklings","floor":35.0,"turns":4.0},{"damage":22.0,"enemies":"Orb Walker","floor":36.0,"turns":4.0},{"damage":18.0,"enemies":"3 Darklings","floor":39.0,"turns":3.0},{"damage":20.0,"enemies":"Nemesis","floor":41.0,"turns":5.0},{"damage":3.0,"enemies":"Sphere and 2 Shapes","floor":44.0,"turns":4.0},{"damage":0.0,"enemies":"Maw","floor":45.0,"turns":7.0},{"damage":4.0,"enemies":"Giant Head","floor":47.0,"turns":5.0},{"damage":7.0,"enemies":"Transient","floor":48.0,"turns":5.0},{"damage":11.0,"enemies":"Donu and Deca","floor":50.0,"turns":6.0},{"damage":12.0,"enemies":"Shield and Spear","floor":54.0,"turns":4.0},{"damage":47,"enemies":"The Heart","floor":55,"turns":8}],"seed_played":"6024051293701896473","potions_obtained":[{"floor":4.0,"key":"Fruit Juice"},{"floor":7.0,"key":"Weak Potion"},{"floor":8.0,"key":"Strength Potion"},{"floor":20.0,"key":"FairyPotion"},{"floor":30.0,"key":"SteroidPotion"},{"floor":33.0,"key":"Fire Potion"},{"floor":36.0,"key":"Weak Potion"},{"floor":39.0,"key":"Swift Potion"},{"floor":44.0,"key":"Poison Potion"},{"floor":45.0,"key":"FearPotion"}],"is_trial":false,"path_per_floor":["M","$","?","M","M","R","E","M","T","R","M","E","M","E","R","B",null,"M","M","M","$","M","E","R","E","T","?","?","R","M","$","R","B",null,"M","M","?","?","M","R","E","$","T","M","M","R","E","M","R","B",null,"R","$","E","B",null],"character_chosen":"THE_SILENT","items_purchased":["Blind","Membership Card","Panache+1","Backflip","Noxious Fumes+1","Mummified Hand","Noxious Fumes+1","Acrobatics","Concentrate"],"campfire_rested":3,"item_purchase_floors":[2,21,21,21,42,42,53,53,53],"current_hp_per_floor":[70,70,70,70,73,73,63,60,60,60,45,43,43,26,26,20,75,68,50,50,50,48,9,31,27,27,27,27,49,46,46,46,22,75,69,47,47,47,29,29,9,9,9,6,6,28,24,17,17,6,75,75,75,63,16],"gold":34,"neow_bonus":"REMOVE_CARD","is_prod":false,"is_daily":false,"chose_seed":false,"campfire_upgraded":6,"win_rate":0,"timestamp":1565634502,"path_taken":["M","$","?","M","M","R","E","M","T","R","M","E","M","E","R","BOSS","M","M","?","$","M","E","R","E","T","?","?","R","M","?","R","BOSS","M","M","?","?","M","R","E","$","T","?","M","R","E","M","R","BOSS","R","$","E","BOSS"],"build_version":"2019-07-17","purchased_purges":1,"victory":true,"max_hp_per_floor":[70,70,70,70,75,75,75,75,75,75,75,75,75,75,75,75,75,75,75,75,75,75,75,75,75,75,75,75,75,75,75,75,75,75,75,75,75,75,75,75,75,75,75,75,75,75,75,75,75,75,75,75,75,75,75],"card_choices":[{"not_picked":["Blade Dance","Choke"],"picked":"Heel Hook","floor":1.0},{"not_picked":["Terror","Dodge and Roll"],"picked":"Well Laid Plans","floor":4.0},{"not_picked":["Underhanded Strike","Dagger Throw"],"picked":"A Thousand Cuts","floor":5.0},{"not_picked":["Acrobatics","Calculated Gamble"],"picked":"Flechettes","floor":7.0},{"not_picked":["Deflect","Prepared"],"picked":"Dash","floor":8.0},{"not_picked":["Deadly Poison","Blade Dance"],"picked":"Backflip","floor":11.0},{"not_picked":["Underhanded Strike","Infinite Blades+1"],"picked":"Catalyst","floor":12.0},{"not_picked":["Backflip","Dagger Throw"],"picked":"Malaise","floor":13.0},{"not_picked":["Reflex","Crippling Poison"],"picked":"Poisoned Stab","floor":14.0},{"not_picked":["Wraith Form v2+1","Grand Finale"],"picked":"Burst","floor":16.0},{"not_picked":["Poisoned Stab","Blade Dance","Flying Knee"],"picked":"SKIP","floor":18.0},{"not_picked":["Deflect","PiercingWail"],"picked":"Concentrate","floor":19.0},{"not_picked":["Deflect","Backflip+1"],"picked":"Blur+1","floor":20.0},{"not_picked":["Flying Knee","Deadly Poison"],"picked":"Catalyst","floor":22.0},{"not_picked":["Dagger Spray","PiercingWail"],"picked":"Bane+1","floor":23.0},{"not_picked":["Prepared","Bane+1"],"picked":"Footwork+1","floor":25.0},{"not_picked":["Well Laid Plans+1","Choke"],"picked":"Outmaneuver+1","floor":30.0},{"not_picked":["Burst","Grand Finale"],"picked":"Wraith Form v2+1","floor":33.0},{"not_picked":["Acrobatics","Poisoned Stab"],"picked":"Tactician+1","floor":35.0},{"not_picked":["Slice","Leg Sweep"],"picked":"PiercingWail","floor":36.0},{"not_picked":["Eviscerate+1","Dagger Throw+1"],"picked":"Bouncing Flask","floor":39.0},{"not_picked":["Riddle With Holes","Poisoned Stab"],"picked":"Expertise+1","floor":41.0},{"not_picked":["Bane","Dodge and Roll"],"picked":"A Thousand Cuts+1","floor":44.0},{"not_picked":["All Out Attack+1","Sucker Punch+1"],"picked":"Prepared","floor":45.0},{"not_picked":["Crippling Poison","Cloak And Dagger+1"],"picked":"Noxious Fumes+1","floor":47.0},{"not_picked":["Dagger Spray+1","Slice","Outmaneuver"],"picked":"SKIP","floor":48.0},{"not_picked":["Outmaneuver","Slice"],"picked":"Expertise+1","floor":54.0}],"player_experience":1124433,"relics_obtained":[{"floor":7.0,"key":"Gremlin Horn"},{"floor":9.0,"key":"Frozen Egg 2"},{"floor":12.0,"key":"Snake Skull"},{"floor":14.0,"key":"Letter Opener"},{"floor":23.0,"key":"Bag of Marbles"},{"floor":25.0,"key":"Art of War"},{"floor":26.0,"key":"Ancient Tea Set"},{"floor":41.0,"key":"Bronze Scales"},{"floor":47.0,"key":"Shuriken"},{"floor":54.0,"key":"Orichalcum"}],"event_choices":[{"damage_healed":0.0,"max_hp_gain":0.0,"max_hp_loss":0.0,"gold_gain":0.0,"event_name":"FaceTrader","player_choice":"Trade","floor":3.0,"gold_loss":0.0,"damage_taken":0.0,"relics_obtained":["GremlinMask"]},{"damage_healed":0.0,"max_hp_gain":0.0,"max_hp_loss":0.0,"gold_gain":0.0,"event_name":"Drug Dealer","player_choice":"Obtain J.A.X.","floor":27.0,"gold_loss":0.0,"damage_taken":0.0,"cards_obtained":["J.A.X."]},{"cards_removed":["Strike_G"],"damage_healed":0.0,"max_hp_gain":0.0,"max_hp_loss":0.0,"gold_gain":0.0,"event_name":"Beggar","player_choice":"Gave Gold","floor":28.0,"gold_loss":75.0,"damage_taken":0.0},{"cards_removed":["Well Laid Plans"],"damage_healed":0.0,"max_hp_gain":0.0,"max_hp_loss":0.0,"gold_gain":0.0,"event_name":"Falling","player_choice":"Removed Power","floor":37.0,"gold_loss":0.0,"damage_taken":0.0},{"damage_healed":0.0,"max_hp_gain":0.0,"max_hp_loss":0.0,"gold_gain":0.0,"event_name":"Upgrade Shrine","player_choice":"Upgraded","floor":38.0,"gold_loss":0.0,"damage_taken":0.0,"cards_upgraded":["J.A.X."]}],"is_beta":false,"boss_relics":[{"not_picked":["Pandora\u0027s Box","Ring of the Serpent"],"picked":"Empty Cage"},{"not_picked":["White Beast Statue","HoveringKite"],"picked":"Runic Pyramid"}],"items_purged_floors":[31],"is_endless":false,"potions_floor_spawned":[4,7,8,20,30,33,36,39,44,45],"ascension_level":0}