{"gold_per_floor":[117,117,130,141,141,171,190,220,271,282,22,22,53,69,69,170,170,190,465,481,84,110,110,110,110,110,110,10,27,37,37,37,140,140,158,258,258,272,53,53,53],"floor_reached":41,"playtime":3807,"items_purged":["Regret","Pain"],"score":659,"play_id":"bfe6bfb9-326b-488c-9307-07808802839f","local_time":"20190822103011","is_ascension_mode":true,"campfire_choices":[{"floor":12.0,"key":"REST"},{"data":"Hyperbeam","floor":15.0,"key":"SMITH"},{"data":"Forethought","floor":23.0,"key":"SMITH"},{"data":"RitualDagger","floor":25.0,"key":"SMITH"},{"data":"Dualcast","floor":32.0,"key":"SMITH"},{"data":"Fission","floor":40.0,"key":"SMITH"}],"neow_cost":"NONE","seed_source_timestamp":0,"circlet_count":0,"master_deck":["AscendersBane","Defend_B","Defend_B","Defend_B","Zap","Dualcast+1","BootSequence","Undo","Turbo","Hyperbeam+1","Gash","Echo Form","Sunder","Skim","Auto Shields","Scrape","FTL","Echo Form+1","Self Repair+1","Conserve Battery+1","Reboot","Creative AI+1","Forethought+1","RitualDagger+1","Gash","Self Repair+1","Bite","Bite","Bite","Bite","Bite","Fission+1","Gash+1","Melter"],"special_seed":0,"relics":["Cracked Core","NeowsBlessing","CultistMask","Mercury Hourglass","Singing Bowl","Potion Belt","Happy Flower","Pen Nib","Frozen Egg 2","Nuclear Battery","DataDisk","WarpedTongs","Eternal Feather","Calipers","Membership Card"],"potions_floor_usage":[41,41,41],"damage_taken":[{"damage":0.0,"enemies":"Jaw Worm","floor":1.0,"turns":1.0},{"damage":0.0,"enemies":"Cultist","floor":3.0,"turns":1.0},{"damage":0.0,"enemies":"Small Slimes","floor":4.0,"turns":1.0},{"damage":5.0,"enemies":"3 Sentries","floor":6.0,"turns":7.0},{"damage":6.0,"enemies":"Exordium Thugs","floor":7.0,"turns":5.0},{"damage":10.0,"enemies":"Gremlin Nob","floor":8.0,"turns":3.0},{"damage":0.0,"enemies":"2 Fungi Beasts","floor":10.0,"turns":2.0},{"damage":4.0,"enemies":"3 Sentries","floor":13.0,"turns":4.0},{"damage":8.0,"enemies":"Large Slime","floor":14.0,"turns":2.0},{"damage":26.0,"enemies":"Hexaghost","floor":16.0,"turns":5.0},{"damage":14.0,"enemies":"3 Byrds","floor":18.0,"turns":3.0},{"damage":0.0,"enemies":"Spheric Guardian","floor":20.0,"turns":1.0},{"damage":0.0,"enemies":"3 Cultists","floor":29.0,"turns":3.0},{"damage":8.0,"enemies":"Snecko","floor":30.0,"turns":4.0},{"damage":58.0,"enemies":"Automaton","floor":33.0,"turns":10.0},{"damage":7.0,"enemies":"3 Shapes","floor":35.0,"turns":4.0},{"damage":21.0,"enemies":"Mind Bloom Boss Battle","floor":36.0,"turns":8.0},{"damage":21.0,"enemies":"Orb Walker","floor":38.0,"turns":4.0},{"damage":65,"enemies":"Reptomancer","floor":41,"turns":5}],"seed_played":"3014994968659757174","potions_obtained":[{"floor":1.0,"key":"FocusPotion"},{"floor":4.0,"key":"Fire Potion"},{"floor":7.0,"key":"Energy Potion"},{"floor":8.0,"key":"FearPotion"},{"floor":16.0,"key":"AttackPotion"},{"floor":18.0,"key":"Energy Potion"},{"floor":20.0,"key":"Energy Potion"},{"floor":30.0,"key":"Dexterity Potion"},{"floor":35.0,"key":"EssenceOfSteel"},{"floor":38.0,"key":"Block Potion"}],"is_trial":false,"path_per_floor":["M","?","M","M","?","E","M","E","T","M","$","R","E","M","R","B",null,"M","?","M","$","T","R","?","R","T","?","$","M","M","?","R","B",null,"M","?","?","M","$","R","E"],"character_chosen":"DEFECT","items_purchased":["Skim","Auto Shields","Pen Nib","Reboot","Creative AI+1","Forethought","Membership Card","Melter"],"campfire_rested":1,"item_purchase_floors":[11,11,11,21,21,21,39,39],"current_hp_per_floor":[68,68,68,68,68,63,57,47,47,47,47,69,65,57,57,31,64,50,50,50,50,50,50,44,44,44,44,44,44,46,46,46,40,49,54,56,56,56,56,56,0],"gold":53,"neow_bonus":"THREE_ENEMY_KILL","is_prod":false,"is_daily":false,"chose_seed":false,"campfire_upgraded":5,"win_rate":0,"timestamp":1566484211,"path_taken":["M","?","?","M","?","E","?","E","T","M","?","R","E","M","R","BOSS","M","?","M","$","?","R","?","R","T","?","$","M","?","?","R","BOSS","M","?","?","?","$","R","E"],"build_version":"2019-07-17","purchased_purges":2,"victory":false,"max_hp_per_floor":[75,75,75,75,75,75,75,75,75,75,75,75,75,75,75,75,75,75,75,75,75,75,75,75,75,75,75,75,75,75,52,52,52,52,54,56,56,56,56,56,56],"card_choices":[{"not_picked":["Doom and Gloom","Compile Driver"],"picked":"BootSequence","floor":1.0},{"not_picked":["Leap","Conserve Battery"],"picked":"Undo","floor":3.0},{"not_picked":["Sweeping Beam","Streamline"],"picked":"Turbo","floor":4.0},{"not_picked":["Storm","Recycle"],"picked":"Hyperbeam","floor":6.0},{"not_picked":["Storm","Go for the Eyes"],"picked":"Gash","floor":7.0},{"not_picked":["Leap","Rebound"],"picked":"Echo Form","floor":8.0},{"not_picked":["Stack","Barrage"],"picked":"Sunder","floor":10.0},{"not_picked":["Sweeping Beam","Ball Lightning"],"picked":"Scrape","floor":13.0},{"not_picked":["Steam","Loop+1"],"picked":"FTL","floor":14.0},{"not_picked":["Hyperbeam","Rainbow"],"picked":"Echo Form+1","floor":16.0},{"not_picked":["Capacitor+1","Ball Lightning+1"],"picked":"Self Repair+1","floor":18.0},{"not_picked":["Consume","Hello World+1"],"picked":"Conserve Battery+1","floor":20.0},{"not_picked":["Streamline","Sweeping Beam"],"picked":"Gash","floor":29.0},{"not_picked":["Static Discharge+1","Stack"],"picked":"Self Repair+1","floor":30.0},{"not_picked":["Rainbow","Creative AI+1"],"picked":"Fission","floor":33.0},{"not_picked":["Conserve Battery","Ball Lightning","Skim+1"],"picked":"Singing Bowl","floor":35.0},{"not_picked":["Melter+1","Ball Lightning","Chaos+1"],"picked":"Singing Bowl","floor":36.0},{"not_picked":["Stack","Turbo"],"picked":"Gash+1","floor":38.0}],"player_experience":1161831,"relics_obtained":[{"floor":6.0,"key":"Singing Bowl"},{"floor":8.0,"key":"Potion Belt"},{"floor":9.0,"key":"Happy Flower"},{"floor":13.0,"key":"Frozen Egg 2"},{"floor":26.0,"key":"DataDisk"},{"floor":36.0,"key":"Calipers"}],"event_choices":[{"damage_healed":0.0,"max_hp_gain":0.0,"max_hp_loss":0.0,"gold_gain":0.0,"event_name":"FaceTrader","player_choice":"Trade","floor":2.0,"gold_loss":0.0,"damage_taken":0.0,"relics_obtained":["CultistMask"]},{"damage_healed":0.0,"max_hp_gain":0.0,"max_hp_loss":0.0,"gold_gain":0.0,"event_name":"WeMeetAgain","player_choice":"Gave Potion","floor":5.0,"gold_loss":0.0,"damage_taken":0.0,"relics_obtained":["Mercury Hourglass"]},{"damage_healed":0.0,"max_hp_gain":0.0,"max_hp_loss":0.0,"gold_gain":275.0,"event_name":"Golden Shrine","player_choice":"Desecrate","floor":19.0,"gold_loss":0.0,"damage_taken":0.0,"cards_obtained":["Regret"]},{"damage_healed":0.0,"max_hp_gain":0.0,"max_hp_loss":0.0,"gold_gain":0.0,"event_name":"Nest","player_choice":"Joined the Cult","floor":24.0,"gold_loss":0.0,"damage_taken":6.0,"cards_obtained":["RitualDagger"]},{"damage_healed":0.0,"max_hp_gain":0.0,"max_hp_loss":0.0,"gold_gain":0.0,"event_name":"Accursed Blacksmith","player_choice":"Rummage","floor":27.0,"gold_loss":0.0,"damage_taken":0.0,"relics_obtained":["WarpedTongs"],"cards_obtained":["Pain"]},{"damage_healed":0.0,"max_hp_gain":0.0,"max_hp_loss":23.0,"gold_gain":0.0,"event_name":"Vampires","player_choice":"Became a vampire","floor":31.0,"gold_loss":0.0,"damage_taken":0.0,"cards_obtained":["Bite","Bite","Bite","Bite","Bite"]},{"damage_healed":0.0,"max_hp_gain":0.0,"max_hp_loss":0.0,"gold_gain":0.0,"event_name":"MindBloom","player_choice":"Fight","floor":36.0,"gold_loss":0.0,"damage_taken":0.0},{"cards_removed":["Defend_B"],"damage_healed":0.0,"max_hp_gain":0.0,"max_hp_loss":0.0,"gold_gain":0.0,"event_name":"Bonfire Elementals","player_choice":"Offered Basic","floor":37.0,"gold_loss":0.0,"damage_taken":0.0}],"is_beta":false,"boss_relics":[{"not_picked":["Pandora\u0027s Box","Velvet Choker"],"picked":"Nuclear Battery"},{"not_picked":["FrozenCore","Inserter"],"picked":"Eternal Feather"}],"items_purged_floors":[21,28],"is_endless":false,"potions_floor_spawned":[1,4,7,8,16,18,20,30,35,38],"killed_by":"Reptomancer","ascension_level":11}