{"gold_per_floor":[110,128,303,303,317,317,75,25,50,50,50,80,90,90],"floor_reached":14,"playtime":1130,"items_purged":[],"score":132,"play_id":"d931e68c-7758-46c2-b042-e1d7ca83c495","local_time":"20190731122918","is_ascension_mode":true,"campfire_choices":[{"data":"Zap","floor":6.0,"key":"SMITH"},{"data":"Self Repair","floor":10.0,"key":"SMITH"}],"neow_cost":"NONE","seed_source_timestamp":0,"circlet_count":0,"master_deck":["AscendersBane","Strike_B","Strike_B","Strike_B","Defend_B","Defend_B","Defend_B","Defend_B","Zap+1","Dualcast","Doom and Gloom","Aggregate","Doubt","Regret","Conserve Battery","Turbo","Self Repair+1","FTL","Capacitor"],"special_seed":0,"relics":["Nuclear Battery","Blue Candle","Blood Vial","Question Card","Centennial Puzzle"],"potions_floor_usage":[14],"damage_taken":[{"damage":1.0,"enemies":"2 Louse","floor":1.0,"turns":3.0},{"damage":3.0,"enemies":"Jaw Worm","floor":2.0,"turns":4.0},{"damage":3.0,"enemies":"Cultist","floor":5.0,"turns":4.0},{"damage":42,"enemies":"3 Sentries","floor":12,"turns":7},{"damage":13,"enemies":"Blue Slaver","floor":13,"turns":4},{"damage":27,"enemies":"Lagavulin","floor":14,"turns":3}],"seed_played":"-8763986546119046969","potions_obtained":[{"floor":1.0,"key":"SteroidPotion"},{"floor":13,"key":"EssenceOfSteel"}],"is_trial":false,"path_per_floor":["M","M","?","?","M","R","$","?","T","R","T","E","M","E"],"character_chosen":"DEFECT","items_purchased":["Turbo","Self Repair","Blood Vial"],"campfire_rested":0,"item_purchase_floors":[7,7,7],"current_hp_per_floor":[67,64,64,64,61,61,61,61,61,61,61,21,20,0],"gold":90,"neow_bonus":"BOSS_RELIC","is_prod":false,"is_daily":false,"chose_seed":false,"campfire_upgraded":2,"win_rate":0,"timestamp":1564590558,"path_taken":["M","M","?","?","M","R","$","?","T","R","?","E","M","E"],"build_version":"2019-07-17","purchased_purges":0,"victory":false,"max_hp_per_floor":[75,75,75,75,75,75,75,75,75,75,75,75,75,75],"card_choices":[{"not_picked":["Storm","Stack"],"picked":"Doom and Gloom","floor":1.0},{"not_picked":["Conserve Battery","Static Discharge"],"picked":"Aggregate","floor":2.0},{"not_picked":["Beam Cell","Redo"],"picked":"Conserve Battery","floor":5.0},{"not_picked":["Leap","Go for the Eyes","Rip and Tear"],"picked":"FTL","floor":12},{"not_picked":["Sweeping Beam","Redo","Cold Snap"],"picked":"Capacitor","floor":13}],"player_experience":1037350,"relics_obtained":[{"floor":11.0,"key":"Question Card"},{"floor":12,"key":"Centennial Puzzle"}],"event_choices":[{"damage_healed":0.0,"max_hp_gain":0.0,"max_hp_loss":0.0,"gold_gain":175.0,"event_name":"Liars Game","player_choice":"AGREE","floor":3.0,"gold_loss":0.0,"damage_taken":0.0,"cards_obtained":["Doubt"]},{"damage_healed":0.0,"max_hp_gain":0.0,"max_hp_loss":0.0,"gold_gain":0.0,"event_name":"Big Fish","player_choice":"Box","floor":4.0,"gold_loss":0.0,"damage_taken":0.0,"relics_obtained":["Blue Candle"],"cards_obtained":["Regret"]},{"cards_removed":["Strike_B"],"damage_healed":0.0,"max_hp_gain":0.0,"max_hp_loss":0.0,"gold_gain":0.0,"event_name":"The Cleric","player_choice":"Card Removal","floor":8.0,"gold_loss":50.0,"damage_taken":0.0}],"is_beta":false,"boss_relics":[],"items_purged_floors":[],"is_endless":false,"potions_floor_spawned":[1,13],"killed_by":"Lagavulin","ascension_level":10}