{"gold_per_floor":[111,125,75,52,52,52,85,112,151,176,213,225,247,259,271,383,395,420,432,464,476,413,451,463],"floor_reached":24,"playtime":1515,"items_purged":[],"score":349,"play_id":"c0b2c81d-6307-4bdf-be6d-61f14944a5b8","local_time":"20190809091324","is_ascension_mode":true,"campfire_choices":[{"data":"Neutralize","floor":6.0,"key":"SMITH"},{"data":"Catalyst","floor":12.0,"key":"SMITH"},{"floor":15.0,"key":"REST"}],"neow_cost":"NONE","seed_source_timestamp":228528928587385,"circlet_count":0,"master_deck":["Defend_G","Defend_G","Defend_G","Survivor","Neutralize+1","Terror","Acrobatics","Cloak And Dagger","Catalyst+1","Deadly Poison","After Image","Noxious Fumes","Backflip","Wraith Form v2","Calculated Gamble","Bite","Bite","Bite","Bite","Bite","Footwork","Deadly Poison+1"],"special_seed":0,"relics":["Ring of the Snake","NeowsBlessing","MawBank","Potion Belt","Art of War","Cursed Key","Nilry\u0027s Codex","Mummified Hand"],"potions_floor_usage":[24,24],"damage_taken":[{"damage":0.0,"enemies":"Jaw Worm","floor":1.0,"turns":1.0},{"damage":0.0,"enemies":"Small Slimes","floor":2.0,"turns":1.0},{"damage":0.0,"enemies":"Lagavulin","floor":7.0,"turns":1.0},{"damage":0.0,"enemies":"2 Louse","floor":8.0,"turns":3.0},{"damage":6.0,"enemies":"2 Fungi Beasts","floor":10.0,"turns":4.0},{"damage":15.0,"enemies":"Gremlin Nob","floor":11.0,"turns":4.0},{"damage":3.0,"enemies":"Looter","floor":13.0,"turns":3.0},{"damage":24.0,"enemies":"The Guardian","floor":16.0,"turns":7.0},{"damage":0.0,"enemies":"Chosen","floor":18.0,"turns":5.0},{"damage":8.0,"enemies":"Spheric Guardian","floor":20.0,"turns":4.0},{"damage":29.0,"enemies":"Book of Stabbing","floor":23.0,"turns":5.0},{"damage":17,"enemies":"3 Cultists","floor":24,"turns":3}],"seed_played":"-1220257747371657564","potions_obtained":[{"floor":7.0,"key":"Ancient Potion"},{"floor":8.0,"key":"SneckoOil"},{"floor":11.0,"key":"Regen Potion"},{"floor":13.0,"key":"Swift Potion"},{"floor":20.0,"key":"PowerPotion"},{"floor":23.0,"key":"AttackPotion"}],"is_trial":false,"path_per_floor":["M","M","?","$","?","R","E","M","T","M","E","R","M","?","R","B",null,"M","?","M","?","?","E","M"],"character_chosen":"THE_SILENT","items_purchased":["Cloak And Dagger"],"campfire_rested":1,"item_purchase_floors":[4],"current_hp_per_floor":[63,63,63,63,56,56,56,56,56,50,35,35,32,32,53,44,64,64,49,47,31,31,8,0],"gold":463,"neow_bonus":"THREE_ENEMY_KILL","is_prod":false,"is_daily":false,"chose_seed":false,"campfire_upgraded":2,"win_rate":0,"timestamp":1565356404,"path_taken":["M","M","?","$","?","R","E","M","T","M","E","R","?","?","R","BOSS","M","?","M","?","?","E","M"],"build_version":"2019-07-17","purchased_purges":0,"victory":false,"max_hp_per_floor":[70,70,70,70,70,70,70,70,70,70,70,70,70,70,70,70,70,70,49,49,49,49,49,49],"card_choices":[{"not_picked":["Dagger Spray","Dagger Throw"],"picked":"Terror","floor":1.0},{"not_picked":["Slice","Deflect"],"picked":"Acrobatics","floor":2.0},{"not_picked":["Caltrops","Accuracy"],"picked":"Catalyst","floor":7.0},{"not_picked":["Distraction","Slice"],"picked":"Deadly Poison","floor":8.0},{"not_picked":["Backflip","PiercingWail"],"picked":"After Image","floor":10.0},{"not_picked":["Dash","Bane"],"picked":"Noxious Fumes","floor":11.0},{"not_picked":["Finisher","Quick Slash"],"picked":"Backflip","floor":13.0},{"not_picked":["Phantasmal Killer","Glass Knife"],"picked":"Wraith Form v2","floor":16.0},{"not_picked":["Dagger Spray","Underhanded Strike"],"picked":"Calculated Gamble","floor":18.0},{"not_picked":["Crippling Poison+1","Slice+1"],"picked":"Footwork","floor":20.0},{"not_picked":["Dodge and Roll+1","Choke"],"picked":"Deadly Poison+1","floor":23.0}],"player_experience":1093899,"relics_obtained":[{"floor":7.0,"key":"MawBank"},{"floor":9.0,"key":"Potion Belt"},{"floor":11.0,"key":"Art of War"},{"floor":21.0,"key":"Nilry\u0027s Codex"},{"floor":23.0,"key":"Mummified Hand"}],"event_choices":[{"cards_removed":["Strike_G"],"damage_healed":0.0,"max_hp_gain":0.0,"max_hp_loss":0.0,"gold_gain":0.0,"event_name":"The Cleric","player_choice":"Card Removal","floor":3.0,"gold_loss":50.0,"damage_taken":0.0},{"cards_removed":["Defend_G"],"damage_healed":0.0,"max_hp_gain":0.0,"max_hp_loss":0.0,"gold_gain":0.0,"event_name":"Golden Wing","player_choice":"Card Removal","floor":5.0,"gold_loss":0.0,"damage_taken":7.0},{"cards_removed":["Strike_G"],"damage_healed":0.0,"max_hp_gain":0.0,"max_hp_loss":0.0,"gold_gain":0.0,"event_name":"Living Wall","player_choice":"Forget","floor":14.0,"gold_loss":0.0,"damage_taken":0.0},{"damage_healed":0.0,"max_hp_gain":0.0,"max_hp_loss":21.0,"gold_gain":0.0,"event_name":"Vampires","player_choice":"Became a vampire","floor":19.0,"gold_loss":0.0,"damage_taken":0.0,"cards_obtained":["Bite","Bite","Bite","Bite","Bite"]},{"damage_healed":0.0,"max_hp_gain":0.0,"max_hp_loss":0.0,"gold_gain":0.0,"event_name":"Cursed Tome","player_choice":"Obtained Book","floor":21.0,"gold_loss":0.0,"damage_taken":16.0},{"cards_removed":["Defend_G"],"damage_healed":0.0,"max_hp_gain":0.0,"max_hp_loss":0.0,"gold_gain":0.0,"event_name":"Beggar","player_choice":"Gave Gold","floor":22.0,"gold_loss":75.0,"damage_taken":0.0}],"is_beta":false,"boss_relics":[{"not_picked":["Ectoplasm","Sozu"],"picked":"Cursed Key"}],"items_purged_floors":[],"is_endless":false,"potions_floor_spawned":[7,8,11,13,20,23],"killed_by":"3 Cultists","ascension_level":6}