{"gold_per_floor":[118,118,130,130,143,177,177,33,33,52,52],"floor_reached":11,"playtime":725,"items_purged":[],"score":84,"play_id":"b24a4f32-d0cb-44f7-8a90-d5828bca5f2c","local_time":"20190609131214","is_ascension_mode":true,"campfire_choices":[{"data":"Bullet Time","floor":7,"key":"SMITH"}],"neow_cost":"NONE","seed_source_timestamp":142395313157040,"circlet_count":0,"master_deck":["Defend_G","Defend_G","Defend_G","Defend_G","Defend_G","Strike_G","Strike_G","Strike_G","Strike_G","Survivor","Neutralize+1","Bane","After Image","Slice","Dagger Spray","Bullet Time+1","Blur","Well Laid Plans","Acrobatics"],"relics":["Ring of the Snake","Boot","Bottled Tornado","Ancient Tea Set"],"potions_floor_usage":[11],"damage_taken":[{"damage":7,"enemies":"Small Slimes","floor":1,"turns":6},{"damage":0,"enemies":"Jaw Worm","floor":3,"turns":5},{"damage":0,"enemies":"Cultist","floor":5,"turns":4},{"damage":17,"enemies":"3 Sentries","floor":6,"turns":9},{"damage":3,"enemies":"3 Louse","floor":10,"turns":3},{"damage":61,"enemies":"Gremlin Nob","floor":11,"turns":5}],"seed_played":"1949246367262164930","potions_obtained":[{"floor":5,"key":"SpeedPotion"},{"floor":10,"key":"Energy Potion"}],"is_trial":false,"path_per_floor":["M","?","M","T","M","E","R","$","T","M","E"],"character_chosen":"THE_SILENT","items_purchased":["Blur","Well Laid Plans"],"campfire_rested":0,"item_purchase_floors":[8,8],"current_hp_per_floor":[63,63,63,63,63,46,46,46,46,43,0],"gold":52,"neow_bonus":"UPGRADE_CARD","is_prod":false,"is_daily":false,"chose_seed":false,"campfire_upgraded":1,"win_rate":0,"timestamp":1560111134,"path_taken":["M","?","M","?","?","E","R","$","T","M","E"],"build_version":"2019-01-23","purchased_purges":0,"victory":false,"max_hp_per_floor":[70,70,70,70,70,70,70,70,70,70,70],"card_choices":[{"not_picked":["Dagger Throw","Reflex"],"picked":"Bane","floor":1},{"not_picked":["Underhanded Strike","Sucker Punch"],"picked":"Slice","floor":3},{"not_picked":["Expertise","Concentrate"],"picked":"Dagger Spray","floor":5},{"not_picked":["Acrobatics","Backstab"],"picked":"Bullet Time","floor":6},{"not_picked":["Crippling Poison","Setup"],"picked":"Acrobatics","floor":10}],"player_experience":516597,"relics_obtained":[{"floor":4,"key":"Boot"},{"floor":6,"key":"Bottled Tornado"},{"floor":9,"key":"Ancient Tea Set"}],"event_choices":[{"damage_healed":0,"gold_gain":0,"cards_transformed":["Strike_G"],"player_choice":"Change","damage_taken":0,"max_hp_gain":0,"max_hp_loss":0,"event_name":"Living Wall","floor":2,"gold_loss":0,"cards_obtained":["After Image"]}],"is_beta":false,"boss_relics":[],"items_purged_floors":[],"is_endless":false,"potions_floor_spawned":[5,10],"killed_by":"Gremlin Nob","ascension_level":3}