{"gold_per_floor":[110,128,303,303,317,317,75,25,50,50,50,80,90,120,120,120],"floor_reached":16,"playtime":2671,"items_purged":[],"score":162,"play_id":"221ce98e-c285-48e2-bb22-e561bc52b221","local_time":"20190801175156","is_ascension_mode":true,"campfire_choices":[{"data":"Zap","floor":6.0,"key":"SMITH"},{"data":"Self Repair","floor":10.0,"key":"SMITH"},{"floor":15.0,"key":"REST"}],"neow_cost":"NONE","seed_source_timestamp":0,"circlet_count":0,"master_deck":["AscendersBane","Strike_B","Strike_B","Strike_B","Strike_B","Defend_B","Defend_B","Defend_B","Defend_B","Zap+1","Dualcast","Doom and Gloom","Conserve Battery","Doubt","Beam Cell","Self Repair+1","Turbo","Go for the Eyes","Capacitor","Gash"],"special_seed":0,"relics":["Nuclear Battery","Blue Candle","Blood Vial","Question Card","Centennial Puzzle","Shuriken"],"potions_floor_usage":[],"damage_taken":[{"damage":1.0,"enemies":"2 Louse","floor":1.0,"turns":3.0},{"damage":3.0,"enemies":"Jaw Worm","floor":2.0,"turns":4.0},{"damage":3.0,"enemies":"Cultist","floor":5.0,"turns":4.0},{"damage":26.0,"enemies":"3 Sentries","floor":12.0,"turns":6.0},{"damage":9.0,"enemies":"Blue Slaver","floor":13.0,"turns":4.0},{"damage":29.0,"enemies":"Lagavulin","floor":14.0,"turns":8.0},{"damage":58,"enemies":"Hexaghost","floor":16,"turns":9}],"seed_played":"-8763986546119046969","potions_obtained":[{"floor":1.0,"key":"SteroidPotion"},{"floor":13.0,"key":"EssenceOfSteel"}],"is_trial":false,"path_per_floor":["M","M","?","?","M","R","$","?","T","R","T","E","M","E","R","B"],"character_chosen":"DEFECT","items_purchased":["Self Repair","Turbo","Blood Vial"],"campfire_rested":1,"item_purchase_floors":[7,7,7],"current_hp_per_floor":[67,64,64,64,61,61,61,61,61,61,61,47,50,33,55,0],"gold":120,"neow_bonus":"BOSS_RELIC","is_prod":false,"is_daily":false,"chose_seed":true,"campfire_upgraded":2,"win_rate":0,"timestamp":1564696316,"path_taken":["M","M","?","?","M","R","$","?","T","R","?","E","M","E","R","BOSS"],"build_version":"2019-07-17","purchased_purges":0,"victory":false,"max_hp_per_floor":[75,75,75,75,75,75,75,75,75,75,75,75,75,75,75,75],"card_choices":[{"not_picked":["Storm","Stack"],"picked":"Doom and Gloom","floor":1.0},{"not_picked":["Static Discharge","Aggregate"],"picked":"Conserve Battery","floor":2.0},{"not_picked":["Redo","Conserve Battery"],"picked":"Beam Cell","floor":5.0},{"not_picked":["Leap","Rip and Tear","FTL"],"picked":"Go for the Eyes","floor":12.0},{"not_picked":["Sweeping Beam","Redo","Cold Snap"],"picked":"Capacitor","floor":13.0},{"not_picked":["Seek","Rebound","Electrodynamics"],"picked":"Gash","floor":14.0}],"player_experience":1053872,"relics_obtained":[{"floor":11.0,"key":"Question Card"},{"floor":12.0,"key":"Centennial Puzzle"},{"floor":14.0,"key":"Shuriken"}],"event_choices":[{"damage_healed":0.0,"max_hp_gain":0.0,"max_hp_loss":0.0,"gold_gain":175.0,"event_name":"Liars Game","player_choice":"AGREE","floor":3.0,"gold_loss":0.0,"damage_taken":0.0,"cards_obtained":["Doubt"]},{"damage_healed":0.0,"max_hp_gain":0.0,"max_hp_loss":0.0,"gold_gain":0.0,"event_name":"Big Fish","player_choice":"Box","floor":4.0,"gold_loss":0.0,"damage_taken":0.0,"relics_obtained":["Blue Candle"],"cards_obtained":["Regret"]},{"cards_removed":["Regret"],"damage_healed":0.0,"max_hp_gain":0.0,"max_hp_loss":0.0,"gold_gain":0.0,"event_name":"The Cleric","player_choice":"Card Removal","floor":8.0,"gold_loss":50.0,"damage_taken":0.0}],"is_beta":false,"boss_relics":[],"items_purged_floors":[],"is_endless":false,"potions_floor_spawned":[1,13],"killed_by":"Hexaghost","ascension_level":10}