{"gold_per_floor":[118,68,83,158,170,170,201,87,87,121,137,137,157,176,176,280,280,300,319,319,13,33,68,68,98,147,175,188,223,242,242,242,344,344,357,373,12,12,57,57,89,101,139,169,181,208,220,261,273,285],"floor_reached":51,"playtime":8994,"items_purged":["Strike_B"],"score":862,"play_id":"27935f5d-fab7-4ecd-b7b0-2cf10dc65d58","local_time":"20190604181238","is_ascension_mode":true,"campfire_choices":[{"data":"Dualcast","floor":6.0,"key":"SMITH"},{"data":"Zap","floor":12.0,"key":"SMITH"},{"floor":15.0,"key":"REST"},{"data":"Hologram","floor":24.0,"key":"SMITH"},{"data":"Defragment","floor":32.0,"key":"SMITH"},{"data":"Madness","floor":40,"key":"SMITH"},{"floor":42,"key":"REST"},{"data":"Secret Weapon","floor":49,"key":"SMITH"}],"neow_cost":"NONE","seed_source_timestamp":0,"circlet_count":0,"master_deck":["Strike_B","Strike_B","Defend_B","Defend_B","Defend_B","Defend_B","Zap+1","Dualcast+1","Self Repair","Sweeping Beam","Turbo","Conserve Battery","Reinforced Body","Self Repair","Electrodynamics","Go for the Eyes+1","Auto Shields","Machine Learning","Reboot","Reprogram","Defragment+1","Sweeping Beam+1","Reboot","Hologram+1","Glacier","Echo Form","Hologram","Buffer","All For One+1","Double Energy+1","Magnetism","Good Instincts","Go for the Eyes+1","Madness+1","Madness","Redo+1","Seek","Aggregate","Steam Power","Secret Weapon+1","Mind Blast+1","Chrysalis","Scrape+1"],"special_seed":0,"relics":["Cracked Core","NeowsBlessing","Matryoshka","Question Card","Blue Candle","Molten Egg 2","Odd Mushroom","Philosopher\u0027s Stone","PreservedInsect","Smiling Mask","Cables","Dodecahedron","Vajra","Red Mask","Gremlin Horn","White Beast Statue","FossilizedHelix","MawBank","Bag of Preparation","The Courier"],"potions_floor_usage":[39,41,44,48,50,50],"damage_taken":[{"damage":0.0,"enemies":"Jaw Worm","floor":1.0,"turns":1.0},{"damage":0.0,"enemies":"Small Slimes","floor":3.0,"turns":1.0},{"damage":0.0,"enemies":"Cultist","floor":5.0,"turns":1.0},{"damage":57.0,"enemies":"3 Sentries","floor":7.0,"turns":11.0},{"damage":22.0,"enemies":"Lagavulin","floor":10.0,"turns":7.0},{"damage":2.0,"enemies":"2 Fungi Beasts","floor":11.0,"turns":3.0},{"damage":8.0,"enemies":"The Mushroom Lair","floor":13.0,"turns":4.0},{"damage":0.0,"enemies":"Exordium Wildlife","floor":14.0,"turns":5.0},{"damage":4.0,"enemies":"The Guardian","floor":16.0,"turns":16.0},{"damage":14.0,"enemies":"Spheric Guardian","floor":18.0,"turns":6.0},{"damage":3.0,"enemies":"Chosen","floor":19.0,"turns":6.0},{"damage":2.0,"enemies":"Snecko","floor":22.0,"turns":6.0},{"damage":21.0,"enemies":"Slavers","floor":23.0,"turns":2.0},{"damage":8.0,"enemies":"Book of Stabbing","floor":25.0,"turns":6.0},{"damage":28.0,"enemies":"Slavers","floor":27.0,"turns":3.0},{"damage":10.0,"enemies":"Snake Plant","floor":28.0,"turns":4.0},{"damage":15.0,"enemies":"Masked Bandits","floor":29.0,"turns":3.0},{"damage":21.0,"enemies":"Shelled Parasite and Fungi","floor":30.0,"turns":7.0},{"damage":21.0,"enemies":"Collector","floor":33.0,"turns":10.0},{"damage":23.0,"enemies":"Orb Walker","floor":35.0,"turns":5.0},{"damage":3.0,"enemies":"3 Shapes","floor":36.0,"turns":5.0},{"damage":32,"enemies":"2 Orb Walkers","floor":39,"turns":3},{"damage":21,"enemies":"Nemesis","floor":41,"turns":8},{"damage":11,"enemies":"Sphere and 2 Shapes","floor":44,"turns":4},{"damage":29,"enemies":"Spire Growth","floor":46,"turns":4},{"damage":0,"enemies":"Giant Head","floor":48,"turns":6},{"damage":23,"enemies":"Awakened One","floor":50,"turns":15}],"seed_played":"-2078984151054535804","potions_obtained":[{"floor":1.0,"key":"Fruit Juice"},{"floor":7.0,"key":"Fire Potion"},{"floor":11.0,"key":"SpeedPotion"},{"floor":19.0,"key":"Poison Potion"},{"floor":23.0,"key":"Swift Potion"},{"floor":25.0,"key":"SpeedPotion"},{"floor":35.0,"key":"Energy Potion"},{"floor":36.0,"key":"Explosive Potion"},{"floor":39,"key":"AttackPotion"},{"floor":41,"key":"Fire Potion"},{"floor":44,"key":"SteroidPotion"},{"floor":46,"key":"Weak Potion"},{"floor":48,"key":"Strength Potion"}],"is_trial":false,"path_per_floor":["M","?","M","?","M","R","E","$","T","E","M","R","?","M","R","B",null,"M","M","?","$","M","E","R","E","T","E","M","?","M","T","R","B",null,"M","M","$","?","?","R","E","R","T","M","?","M","?","E","R","B",null],"character_chosen":"DEFECT","items_purchased":["Reinforced Body","Self Repair","Reboot","PreservedInsect","Magnetism","Good Instincts","Go for the Eyes+1"],"campfire_rested":2,"item_purchase_floors":[8,8,21,21,37,37,37],"current_hp_per_floor":[75,75,75,64,71,71,26,26,26,18,23,23,22,36,60,70,80,80,80,80,80,80,59,59,65,65,58,62,54,61,61,61,54,80,64,75,75,65,40,40,26,50,50,60,60,45,35,56,56,47],"gold":297,"neow_bonus":"THREE_ENEMY_KILL","is_prod":false,"is_daily":false,"chose_seed":false,"campfire_upgraded":6,"win_rate":0,"timestamp":1559697158,"path_taken":["M","?","M","?","?","R","E","$","T","E","M","R","?","M","R","BOSS","M","M","?","$","M","E","R","E","T","E","?","?","M","?","R","BOSS","M","M","$","?","?","R","E","R","T","M","?","?","?","E","R","BOSS"],"build_version":"2019-01-23","purchased_purges":1,"victory":true,"max_hp_per_floor":[75,75,75,75,75,75,80,80,80,80,80,80,80,80,80,80,80,80,80,80,80,80,80,80,80,80,80,80,80,80,80,80,80,80,80,80,80,80,80,80,80,80,80,80,80,80,80,80,80,80],"card_choices":[{"not_picked":["Coolheaded","Leap"],"picked":"Self Repair","floor":1.0},{"not_picked":["Lockon","Cold Snap"],"picked":"Sweeping Beam","floor":3.0},{"not_picked":["Hello World","Cold Snap"],"picked":"Turbo","floor":5.0},{"not_picked":["Streamline","Loop"],"picked":"Conserve Battery","floor":7.0},{"not_picked":["Compile Driver","Cold Snap","Rebound"],"picked":"Electrodynamics","floor":10.0},{"not_picked":["Turbo","Compile Driver+1","Redo"],"picked":"Go for the Eyes+1","floor":11.0},{"not_picked":["Tempest","Self Repair","Sweeping Beam+1"],"picked":"Auto Shields","floor":13.0},{"not_picked":["Reprogram","Capacitor","Sweeping Beam+1"],"picked":"Machine Learning","floor":14.0},{"not_picked":["Buffer","Amplify","Echo Form"],"picked":"Reboot","floor":16.0},{"not_picked":["Ball Lightning+1","Rebound+1","Self Repair+1"],"picked":"Reprogram","floor":18.0},{"not_picked":["Coolheaded+1","Consume+1","Barrage+1"],"picked":"Defragment","floor":19.0},{"not_picked":["Leap+1","Stack+1","Go for the Eyes+1"],"picked":"Hologram","floor":22.0},{"not_picked":["Barrage+1","Sweeping Beam+1","Rip and Tear+1"],"picked":"Glacier","floor":23.0},{"not_picked":["FTL+1","White Noise","Hologram"],"picked":"Echo Form","floor":25.0},{"not_picked":["Barrage+1","Conserve Battery","Streamline+1"],"picked":"Hologram","floor":27.0},{"not_picked":["Melter+1","Conserve Battery","Sweeping Beam+1"],"picked":"Gash+1","floor":28.0},{"not_picked":["Compile Driver+1","Go for the Eyes+1","Streamline+1"],"picked":"Buffer","floor":29.0},{"not_picked":["Stack","Barrage+1","Tempest+1","Hologram"],"picked":"SKIP","floor":30.0},{"not_picked":["Thunder Strike+1","Amplify","Core Surge+1"],"picked":"All For One+1","floor":33.0},{"not_picked":["Cold Snap+1","Conserve Battery","Darkness+1"],"picked":"Double Energy+1","floor":35.0},{"not_picked":["Barrage+1","Sweeping Beam+1","Chaos","Ball Lightning+1"],"picked":"SKIP","floor":36.0},{"not_picked":["Hologram+1","Steam","Stack"],"picked":"Redo+1","floor":39},{"not_picked":["Chill","Storm","Redo+1"],"picked":"Seek","floor":41},{"not_picked":["Streamline+1","Coolheaded+1","Hologram+1"],"picked":"Aggregate","floor":44},{"not_picked":["Barrage+1","Streamline+1","Fusion"],"picked":"Steam Power","floor":46},{"not_picked":["Impatience","Dark Shackles","The Bomb"],"picked":"Secret Weapon","floor":47},{"not_picked":["Forethought","Swift Strike+1","Madness"],"picked":"Mind Blast+1","floor":47},{"not_picked":["Flash of Steel+1","The Bomb","Good Instincts"],"picked":"Chrysalis","floor":47},{"not_picked":["Leap","Self Repair","Hologram"],"picked":"Scrape+1","floor":48}],"player_experience":400256,"relics_obtained":[{"floor":7.0,"key":"Matryoshka"},{"floor":9.0,"key":"Question Card"},{"floor":9.0,"key":"Blue Candle"},{"floor":10.0,"key":"Molten Egg 2"},{"floor":13.0,"key":"Odd Mushroom"},{"floor":23.0,"key":"Smiling Mask"},{"floor":25.0,"key":"Cables"},{"floor":26.0,"key":"Dodecahedron"},{"floor":27.0,"key":"Vajra"},{"floor":29.0,"key":"Red Mask"},{"floor":31.0,"key":"Gremlin Horn"},{"floor":39,"key":"FossilizedHelix"},{"floor":41,"key":"MawBank"},{"floor":43,"key":"Bag of Preparation"},{"floor":48,"key":"The Courier"}],"event_choices":[{"cards_removed":["Strike_B"],"damage_healed":0.0,"max_hp_gain":0.0,"max_hp_loss":0.0,"gold_gain":0.0,"event_name":"The Cleric","player_choice":"Card Removal","floor":2.0,"gold_loss":50.0,"damage_taken":0.0},{"damage_healed":0.0,"max_hp_gain":0.0,"max_hp_loss":0.0,"gold_gain":75.0,"event_name":"World of Goop","player_choice":"Gather Gold","floor":4.0,"gold_loss":0.0,"damage_taken":11.0},{"damage_healed":0.0,"max_hp_gain":0.0,"max_hp_loss":0.0,"gold_gain":0.0,"event_name":"Mushrooms","player_choice":"Fought Mushrooms","floor":13.0,"gold_loss":0.0,"damage_taken":0.0},{"damage_healed":0.0,"max_hp_gain":0.0,"max_hp_loss":0.0,"gold_gain":0.0,"event_name":"Match and Keep!","player_choice":"1 cards matched","floor":20.0,"gold_loss":0.0,"damage_taken":0.0,"cards_obtained":["Sweeping Beam"]},{"damage_healed":0.0,"max_hp_gain":0.0,"max_hp_loss":0.0,"gold_gain":0.0,"event_name":"Masked Bandits","player_choice":"Fought Bandits","floor":29.0,"gold_loss":0.0,"damage_taken":0.0},{"damage_healed":0.0,"max_hp_gain":0.0,"max_hp_loss":0.0,"gold_gain":0.0,"event_name":"Winding Halls","player_choice":"Embrace Madness","floor":38.0,"gold_loss":0.0,"damage_taken":10.0,"cards_obtained":["Madness","Madness"]},{"damage_healed":0,"gold_gain":0,"player_choice":"Fight","damage_taken":0,"max_hp_gain":0,"max_hp_loss":0,"event_name":"Mysterious Sphere","floor":39,"gold_loss":0},{"cards_removed":["Gash"],"damage_healed":0,"gold_gain":0,"player_choice":"Removed Attack","damage_taken":0,"max_hp_gain":0,"max_hp_loss":0,"event_name":"Falling","floor":45,"gold_loss":0},{"damage_healed":0,"gold_gain":0,"player_choice":"Memory 3","damage_taken":10,"max_hp_gain":0,"max_hp_loss":0,"event_name":"SensoryStone","floor":47,"gold_loss":0}],"is_beta":false,"boss_relics":[{"not_picked":["Astrolabe","Busted Crown"],"picked":"Philosopher\u0027s Stone"},{"not_picked":["Snecko Eye","Black Star"],"picked":"White Beast Statue"}],"items_purged_floors":[37],"is_endless":false,"potions_floor_spawned":[1,7,11,19,23,25,35,36,39,41,44,46,48],"ascension_level":1}