{"gold_per_floor":[110,121,132,142,153,187,187,212,212,227,28,28,28,58,58,155,155,172,132,145,165,184,184,184,210,234,234],"floor_reached":27,"playtime":1947,"items_purged":[],"score":357,"play_id":"1b91523d-632d-4ddc-85e5-cc8faaf34986","local_time":"20190820000703","is_ascension_mode":true,"campfire_choices":[{"data":"Limit Break","floor":7.0,"key":"SMITH"},{"floor":12.0,"key":"REST"},{"data":"Bash","floor":15.0,"key":"SMITH"},{"floor":23,"key":"REST"}],"neow_cost":"NONE","seed_source_timestamp":0,"circlet_count":0,"master_deck":["Bash+1","Whirlwind","Inflame","Anger","Limit Break+1","Reckless Charge","Heavy Blade","Disarm","Feel No Pain","Flex","Feed+1","Dark Embrace","Blood for Blood","Flex","Inflame","Pummel","Exhume","Thunderclap","Corruption","Feel No Pain","Rage+1","Inflame+1","Warcry","Juggernaut","Ghostly Armor"],"special_seed":0,"relics":["Burning Blood","NeowsBlessing","Red Skull","Bag of Marbles","Bottled Lightning","Ancient Tea Set","Darkstone Periapt","Pandora\u0027s Box","Frozen Egg 2","Bag of Preparation"],"potions_floor_usage":[21,25,25,25],"damage_taken":[{"damage":0.0,"enemies":"Cultist","floor":1.0,"turns":1.0},{"damage":0.0,"enemies":"2 Louse","floor":2.0,"turns":1.0},{"damage":0.0,"enemies":"Jaw Worm","floor":3.0,"turns":1.0},{"damage":21.0,"enemies":"Lots of Slimes","floor":4.0,"turns":3.0},{"damage":17.0,"enemies":"Looter","floor":5.0,"turns":3.0},{"damage":16.0,"enemies":"Gremlin Nob","floor":6.0,"turns":3.0},{"damage":15.0,"enemies":"Lagavulin","floor":8.0,"turns":5.0},{"damage":7.0,"enemies":"2 Fungi Beasts","floor":10.0,"turns":2.0},{"damage":10.0,"enemies":"Gremlin Nob","floor":14.0,"turns":4.0},{"damage":16.0,"enemies":"Hexaghost","floor":16.0,"turns":5.0},{"damage":44.0,"enemies":"2 Thieves","floor":18.0,"turns":4.0},{"damage":15.0,"enemies":"Chosen","floor":20.0,"turns":5.0},{"damage":2,"enemies":"Centurion and Healer","floor":21,"turns":3},{"damage":15,"enemies":"Snecko","floor":22,"turns":3},{"damage":51,"enemies":"Book of Stabbing","floor":25,"turns":4},{"damage":35,"enemies":"Gremlin Leader","floor":27,"turns":3}],"seed_played":"-3210601373086046208","potions_obtained":[{"floor":1.0,"key":"GamblersBrew"},{"floor":4.0,"key":"Strength Potion"},{"floor":5.0,"key":"Swift Potion"},{"floor":10.0,"key":"Block Potion"},{"floor":20.0,"key":"SneckoOil"},{"floor":22,"key":"SteroidPotion"},{"floor":25,"key":"SpeedPotion"}],"is_trial":false,"path_per_floor":["M","M","M","M","M","E","R","E","T","M","$","R","?","E","R","B",null,"M","?","M","M","M","R","?","E","T","E"],"character_chosen":"IRONCLAD","items_purchased":["Ancient Tea Set","Flex"],"campfire_rested":2,"item_purchase_floors":[11,11],"current_hp_per_floor":[78,80,80,65,54,44,44,35,35,34,34,58,51,47,47,37,69,37,37,28,32,23,48,76,35,35,0],"gold":234,"neow_bonus":"THREE_ENEMY_KILL","is_prod":false,"is_daily":false,"chose_seed":false,"campfire_upgraded":2,"win_rate":0,"timestamp":1566274023,"path_taken":["M","?","M","M","M","E","R","E","T","M","$","R","?","E","R","BOSS","M","?","M","?","M","R","?","E","T","E"],"build_version":"2019-07-17","purchased_purges":0,"victory":false,"max_hp_per_floor":[80,80,80,80,80,80,80,80,80,80,80,80,80,80,80,80,80,86,86,86,86,86,86,86,90,90,90],"card_choices":[{"not_picked":["Armaments","Iron Wave"],"picked":"Whirlwind","floor":1.0},{"not_picked":["Ghostly Armor","Warcry"],"picked":"Inflame","floor":2.0},{"not_picked":["Twin Strike","Entrench"],"picked":"Anger","floor":3.0},{"not_picked":["Perfected Strike","Carnage"],"picked":"Limit Break","floor":4.0},{"not_picked":["Uppercut","Anger"],"picked":"Reckless Charge","floor":5.0},{"not_picked":["Dropkick","Armaments"],"picked":"Heavy Blade","floor":6.0},{"not_picked":["Sentinel","Clash"],"picked":"Disarm","floor":8.0},{"not_picked":["Twin Strike","Rupture"],"picked":"Feel No Pain","floor":10.0},{"not_picked":["Pummel","Ghostly Armor"],"picked":"Feed","floor":14.0},{"not_picked":["Limit Break","Berserk"],"picked":"Dark Embrace","floor":16.0},{"not_picked":["Wild Strike","Clash"],"picked":"Rage+1","floor":18.0},{"not_picked":["Carnage+1","Bloodletting"],"picked":"Inflame+1","floor":20.0},{"not_picked":["Cleave","Headbutt"],"picked":"Warcry","floor":21},{"not_picked":["Second Wind","Warcry"],"picked":"Juggernaut","floor":22},{"not_picked":["Perfected Strike+1","Twin Strike"],"picked":"Ghostly Armor","floor":25}],"player_experience":1152653,"relics_obtained":[{"floor":6.0,"key":"Red Skull"},{"floor":8.0,"key":"Bag of Marbles"},{"floor":9.0,"key":"Bottled Lightning"},{"floor":14.0,"key":"Darkstone Periapt"},{"floor":25,"key":"Frozen Egg 2"},{"floor":26,"key":"Bag of Preparation"}],"event_choices":[{"cards_removed":["Strike_R"],"damage_healed":0.0,"max_hp_gain":0.0,"max_hp_loss":0.0,"gold_gain":0.0,"event_name":"Golden Wing","player_choice":"Card Removal","floor":13.0,"gold_loss":0.0,"damage_taken":7.0},{"damage_healed":0.0,"max_hp_gain":0.0,"max_hp_loss":0.0,"gold_gain":0.0,"event_name":"Designer","player_choice":"Upgrade","floor":19.0,"gold_loss":40.0,"damage_taken":0.0,"cards_upgraded":["Feed"]},{"damage_healed":28,"gold_gain":0,"player_choice":"Heal","damage_taken":0,"max_hp_gain":0,"max_hp_loss":0,"event_name":"The Library","floor":24,"gold_loss":0}],"is_beta":false,"boss_relics":[{"not_picked":["Orrery","Runic Pyramid"],"picked":"Pandora\u0027s Box"}],"items_purged_floors":[],"is_endless":false,"potions_floor_spawned":[1,4,5,10,20,22,25],"killed_by":"Gremlin Leader","ascension_level":8}