{"gold_per_floor":[119,294,27,61,95,145,47,62,85,85,85,85,135,185,185,321,321,333,11,45,45,45,98,98,98,98,98,98,152,152,184,184,184],"floor_reached":33,"playtime":6681,"items_purged":["Writhe"],"score":316,"play_id":"601196f4-6df5-4f26-9431-fccbd26dfa62","local_time":"20190521130443","is_ascension_mode":false,"campfire_choices":[{"data":"Discovery","floor":10.0,"key":"SMITH"},{"data":"Fusion","floor":12.0,"key":"SMITH"},{"data":"Hologram","floor":15.0,"key":"SMITH"},{"floor":24,"key":"REST"},{"data":"Chill","floor":28,"key":"SMITH"},{"data":"Chrysalis","floor":30,"key":"SMITH"},{"data":"Turbo","floor":32,"key":"SMITH"}],"neow_cost":"CURSE","seed_source_timestamp":0,"circlet_count":0,"master_deck":["Defend_B","Defend_B","Defend_B","Zap","Dualcast","Bandage Up","Discovery+1","Steam","HandOfGreed","Conserve Battery","Compile Driver+1","Coolheaded","FTL+1","Hologram+1","Turbo+1","Self Repair","Fusion+1","Amplify","Rebound","Rainbow","Sweeping Beam+1","Chrysalis+1","FTL","Tempest+1","Bite","Bite","Bite","Bite","Bite","Chill+1","Multi-Cast","Tempest"],"special_seed":0,"relics":["Cracked Core","Whetstone","Omamori","Potion Belt","Runic Pyramid","Ornamental Fan","Frozen Egg 2","Pocketwatch","Incense Burner"],"potions_floor_usage":[23,29],"damage_taken":[{"damage":0.0,"enemies":"Small Slimes","floor":1.0,"turns":1.0},{"damage":0.0,"enemies":"Jaw Worm","floor":4.0,"turns":4.0},{"damage":0.0,"enemies":"2 Louse","floor":5.0,"turns":2.0},{"damage":4.0,"enemies":"3 Sentries","floor":6.0,"turns":6.0},{"damage":0.0,"enemies":"2 Fungi Beasts","floor":8.0,"turns":3.0},{"damage":18.0,"enemies":"Lots of Slimes","floor":13.0,"turns":4.0},{"damage":9.0,"enemies":"Lagavulin","floor":14.0,"turns":7.0},{"damage":45.0,"enemies":"Slime Boss","floor":16.0,"turns":12.0},{"damage":20.0,"enemies":"Chosen","floor":18.0,"turns":5.0},{"damage":9.0,"enemies":"Shell Parasite","floor":20.0,"turns":5.0},{"damage":46,"enemies":"Slavers","floor":23,"turns":6},{"damage":32,"enemies":"Book of Stabbing","floor":29,"turns":6},{"damage":23,"enemies":"3 Cultists","floor":31,"turns":8},{"damage":56,"enemies":"Collector","floor":33,"turns":8}],"seed_played":"1556063633197586076","potions_obtained":[{"floor":6.0,"key":"Weak Potion"},{"floor":8.0,"key":"Weak Potion"},{"floor":13.0,"key":"Regen Potion"},{"floor":14.0,"key":"Poison Potion"},{"floor":20.0,"key":"SpeedPotion"}],"is_trial":false,"path_per_floor":["M","?","$","M","M","E","$","M","T","R","?","R","M","E","R","B",null,"M","$","M","?","?","E","R","?","T","?","R","E","R","M","R","B"],"character_chosen":"DEFECT","items_purchased":["HandOfGreed","Conserve Battery","Compile Driver","Turbo","Self Repair","Chrysalis","FTL"],"campfire_rested":1,"item_purchase_floors":[3,3,3,7,7,19,19],"current_hp_per_floor":[75,75,75,75,75,75,75,75,75,75,68,68,61,63,63,44,75,66,66,68,52,52,34,49,49,49,49,49,39,39,44,44,0],"gold":184,"neow_bonus":"RANDOM_COLORLESS_2","is_prod":false,"is_daily":false,"chose_seed":false,"campfire_upgraded":6,"win_rate":0.0,"timestamp":1558469083,"path_taken":["M","?","$","M","M","E","$","M","T","R","?","R","M","E","R","BOSS","M","$","M","?","?","E","R","?","T","?","R","E","R","M","R","BOSS"],"build_version":"2019-01-23","purchased_purges":1,"victory":false,"max_hp_per_floor":[75,75,75,75,75,75,75,75,75,75,75,75,75,75,75,75,75,75,75,75,52,52,52,52,52,52,52,52,52,52,52,52,52],"card_choices":[{"not_picked":["Go for the Eyes","Barrage"],"picked":"Steam","floor":1.0},{"not_picked":["Leap","Skim"],"picked":"Coolheaded","floor":4.0},{"not_picked":["Recycle","Compile Driver"],"picked":"FTL","floor":5.0},{"not_picked":["Chaos","Auto Shields"],"picked":"Hologram","floor":6.0},{"not_picked":["Sunder","Cold Snap"],"picked":"Fusion","floor":8.0},{"not_picked":["Stack","Steam"],"picked":"Amplify","floor":13.0},{"not_picked":["Rip and Tear","Streamline"],"picked":"Rebound","floor":14.0},{"not_picked":["Hyperbeam","Biased Cognition"],"picked":"Rainbow","floor":16.0},{"not_picked":["Conserve Battery","Beam Cell"],"picked":"Sweeping Beam+1","floor":18.0},{"not_picked":["Rebound","Streamline"],"picked":"Tempest+1","floor":20.0},{"not_picked":["Glacier","Loop"],"picked":"Chill","floor":23},{"not_picked":["Steam+1","Barrage"],"picked":"Multi-Cast","floor":29},{"not_picked":["Streamline","Ball Lightning"],"picked":"Tempest","floor":31}],"player_experience":144785,"relics_obtained":[{"floor":6.0,"key":"Whetstone"},{"floor":9.0,"key":"Omamori"},{"floor":14.0,"key":"Potion Belt"},{"floor":23,"key":"Ornamental Fan"},{"floor":26,"key":"Frozen Egg 2"},{"floor":29,"key":"Incense Burner"}],"event_choices":[{"damage_healed":0.0,"max_hp_gain":0.0,"max_hp_loss":0.0,"gold_gain":175.0,"event_name":"Liars Game","player_choice":"AGREE","floor":2.0,"gold_loss":0.0,"damage_taken":0.0,"cards_obtained":["Doubt"]},{"cards_removed":["Doubt"],"damage_healed":0.0,"max_hp_gain":0.0,"max_hp_loss":0.0,"gold_gain":0.0,"event_name":"Golden Wing","player_choice":"Card Removal","floor":11.0,"gold_loss":0.0,"damage_taken":7.0},{"damage_healed":0.0,"max_hp_gain":0.0,"max_hp_loss":23.0,"gold_gain":0.0,"event_name":"Vampires","player_choice":"Became a vampire","floor":21.0,"gold_loss":0.0,"damage_taken":0.0,"cards_obtained":["Bite","Bite","Bite","Bite","Bite"]},{"cards_removed":["Defend_B"],"damage_healed":0.0,"max_hp_gain":0.0,"max_hp_loss":0.0,"gold_gain":0.0,"event_name":"Back to Basics","player_choice":"Elegance","floor":22.0,"gold_loss":0.0,"damage_taken":0.0},{"damage_healed":0,"gold_gain":0,"player_choice":"Ignored","damage_taken":0,"max_hp_gain":0,"max_hp_loss":0,"event_name":"Ghosts","floor":25,"gold_loss":0},{"damage_healed":0,"gold_gain":0,"player_choice":"Stole Relic","damage_taken":0,"relics_obtained":["Pocketwatch"],"max_hp_gain":0,"max_hp_loss":0,"event_name":"Addict","floor":27,"gold_loss":0,"cards_obtained":["Shame"]}],"is_beta":false,"boss_relics":[{"not_picked":["Empty Cage","Sozu"],"picked":"Runic Pyramid"}],"items_purged_floors":[19],"is_endless":false,"potions_floor_spawned":[6,8,13,14,20],"killed_by":"Collector","ascension_level":0}