{"gold_per_floor":[115,115,190,190,205,235,235,254,254,254,59,94,60,60],"floor_reached":14,"playtime":833,"items_purged":[],"score":163,"play_id":"3fadf585-082f-4b63-953c-968cc9bb5497","local_time":"20190711135157","is_ascension_mode":true,"campfire_choices":[{"data":"Dualcast","floor":7,"key":"SMITH"},{"data":"Loop","floor":10,"key":"SMITH"}],"neow_cost":"NONE","seed_source_timestamp":539091712955552,"circlet_count":0,"master_deck":["Strike_B","Strike_B","Strike_B","Defend_B","Defend_B","Defend_B","Defend_B","Zap","Dualcast+1","Self Repair","Loop+1","Doom and Gloom","Capacitor","Loop","Amplify","White Noise","Doom and Gloom"],"relics":["Cracked Core","NeowsBlessing","Incense Burner","Sundial","Bag of Preparation"],"potions_floor_usage":[],"damage_taken":[{"damage":0,"enemies":"Small Slimes","floor":1,"turns":1},{"damage":0,"enemies":"2 Louse","floor":5,"turns":1},{"damage":0,"enemies":"3 Sentries","floor":6,"turns":2},{"damage":0,"enemies":"Cultist","floor":8,"turns":3},{"damage":57,"enemies":"Gremlin Nob","floor":12,"turns":5},{"damage":25,"enemies":"Lagavulin","floor":14,"turns":5}],"seed_played":"2531269150691112201","potions_obtained":[{"floor":1,"key":"SteroidPotion"},{"floor":5,"key":"Dexterity Potion"},{"floor":8,"key":"Explosive Potion"}],"is_trial":false,"path_per_floor":["M","?","?","?","M","E","R","M","T","R","$","E","$","E"],"character_chosen":"DEFECT","items_purchased":["Loop","Amplify","Doom and Gloom"],"campfire_rested":0,"item_purchase_floors":[11,11,13],"current_hp_per_floor":[68,65,54,54,61,61,61,68,68,68,68,18,18,0],"gold":60,"neow_bonus":"THREE_ENEMY_KILL","is_prod":false,"is_daily":false,"chose_seed":false,"campfire_upgraded":2,"win_rate":0,"timestamp":1562867517,"path_taken":["M","?","?","?","M","E","R","M","T","R","$","E","$","E"],"build_version":"2019-07-05","purchased_purges":0,"victory":false,"max_hp_per_floor":[75,75,75,75,75,75,75,75,75,75,75,75,75,75],"card_choices":[{"not_picked":["Gash","Barrage"],"picked":"Self Repair","floor":1},{"not_picked":["Go for the Eyes","Double Energy"],"picked":"Loop","floor":5},{"not_picked":["Compile Driver","Storm"],"picked":"Doom and Gloom","floor":6},{"not_picked":["Sweeping Beam","Redo"],"picked":"Capacitor","floor":8},{"not_picked":["Chaos","Double Energy"],"picked":"White Noise","floor":12}],"player_experience":871329,"relics_obtained":[{"floor":6,"key":"Sundial"},{"floor":12,"key":"Bag of Preparation"}],"event_choices":[{"damage_healed":0,"gold_gain":0,"player_choice":"Success","damage_taken":3,"relics_obtained":["Incense Burner"],"max_hp_gain":0,"max_hp_loss":0,"event_name":"Scrap Ooze","floor":2,"gold_loss":0},{"damage_healed":0,"gold_gain":75,"player_choice":"Gather Gold","damage_taken":11,"max_hp_gain":0,"max_hp_loss":0,"event_name":"World of Goop","floor":3,"gold_loss":0},{"cards_removed":["Strike_B"],"damage_healed":0,"gold_gain":0,"player_choice":"Offered Basic","damage_taken":0,"max_hp_gain":0,"max_hp_loss":0,"event_name":"Bonfire Elementals","floor":4,"gold_loss":0}],"is_beta":false,"boss_relics":[],"items_purged_floors":[],"is_endless":false,"potions_floor_spawned":[1,5,8],"killed_by":"Lagavulin","ascension_level":7}