{"gold_per_floor":[112,122,135,52,52,80,91,91,146,163,163],"floor_reached":11,"playtime":2387,"items_purged":[],"score":83,"play_id":"2a70bb6e-4d16-4efc-ae99-254be38940e4","local_time":"20190606022605","is_ascension_mode":true,"campfire_choices":[{"data":"Neutralize","floor":8,"key":"SMITH"}],"neow_cost":"CURSE","seed_source_timestamp":0,"circlet_count":0,"master_deck":["Defend_G","Defend_G","Defend_G","Defend_G","Defend_G","Strike_G","Strike_G","Strike_G","Strike_G","Survivor","Neutralize+1","Normality","Sucker Punch","Cloak And Dagger","Dagger Spray","Footwork","Acrobatics","Expertise","Envenom","Dagger Spray","Setup"],"special_seed":0,"relics":["Ring of the Snake","Peace Pipe","Darkstone Periapt","Dream Catcher"],"potions_floor_usage":[6,11],"damage_taken":[{"damage":6.0,"enemies":"Small Slimes","floor":1.0,"turns":6.0},{"damage":2.0,"enemies":"Cultist","floor":2.0,"turns":5.0},{"damage":1.0,"enemies":"Jaw Worm","floor":3.0,"turns":6.0},{"damage":32,"enemies":"Gremlin Nob","floor":6,"turns":7},{"damage":8,"enemies":"Blue Slaver","floor":7,"turns":5},{"damage":10,"enemies":"Red Slaver","floor":10,"turns":7},{"damage":11,"enemies":"3 Sentries","floor":11,"turns":2}],"seed_played":"-4858208347102714053","potions_obtained":[{"floor":3.0,"key":"EssenceOfSteel"},{"floor":6,"key":"AttackPotion"},{"floor":10,"key":"LiquidBronze"}],"is_trial":false,"path_per_floor":["M","M","M","$","?","E","M","R","T","M","E"],"character_chosen":"THE_SILENT","items_purchased":["Footwork","Acrobatics"],"campfire_rested":0,"item_purchase_floors":[4,4],"current_hp_per_floor":[64,62,61,61,61,29,21,21,21,11,0],"gold":163,"neow_bonus":"ONE_RARE_RELIC","is_prod":false,"is_daily":false,"chose_seed":false,"campfire_upgraded":1,"win_rate":0,"timestamp":1559813165,"path_taken":["M","M","M","$","?","E","M","R","T","M","E"],"build_version":"2019-01-23","purchased_purges":0,"victory":false,"max_hp_per_floor":[70,70,70,70,70,70,70,70,70,70,70],"card_choices":[{"not_picked":["Bane","Prepared"],"picked":"Sucker Punch","floor":1.0},{"not_picked":["Poisoned Stab","Blade Dance"],"picked":"Cloak And Dagger","floor":2.0},{"not_picked":["Bane","Deflect"],"picked":"Dagger Spray","floor":3.0},{"not_picked":["Concentrate","Sucker Punch"],"picked":"Envenom","floor":6},{"not_picked":["Dodge and Roll","Accuracy"],"picked":"Dagger Spray","floor":7},{"not_picked":["Bane","Dagger Throw"],"picked":"Setup","floor":10}],"player_experience":464769,"relics_obtained":[{"floor":6,"key":"Darkstone Periapt"},{"floor":9,"key":"Dream Catcher"}],"event_choices":[{"damage_healed":0.0,"max_hp_gain":0.0,"max_hp_loss":0.0,"gold_gain":0.0,"cards_transformed":["Strike_G"],"event_name":"Transmorgrifier","player_choice":"Transformed","floor":5.0,"gold_loss":0.0,"damage_taken":0.0,"cards_obtained":["Expertise"]}],"is_beta":false,"boss_relics":[],"items_purged_floors":[],"is_endless":false,"potions_floor_spawned":[3,6,10],"killed_by":"3 Sentries","ascension_level":2}