{"gold_per_floor":[118,118,137,153,153,183,183,213,239,239,259,271,156,185,185,281,281,293,64,64,84,98,133,133,133,187,187,204,222,232,261,261,261],"floor_reached":33,"playtime":3491,"items_purged":[],"score":393,"play_id":"b3db923d-a082-4e43-8ee1-028e2e5cb1fe","local_time":"20190607201929","is_ascension_mode":true,"campfire_choices":[{"data":"Metallicize","floor":7.0,"key":"SMITH"},{"floor":10.0,"key":"REST"},{"data":"Disarm","floor":15.0,"key":"SMITH"},{"data":"Metallicize","floor":24.0,"key":"SMITH"},{"floor":27.0,"key":"REST"},{"data":"Armaments","floor":32.0,"key":"SMITH"}],"neow_cost":"TEN_PERCENT_HP_LOSS","seed_source_timestamp":0,"circlet_count":0,"master_deck":["Defend_R","Defend_R+1","Defend_R+1","Bash+1","Thunderclap","Metallicize+1","Disarm+1","Anger","Body Slam+1","Ghostly Armor","Immolate","Fire Breathing","Rampage","Whirlwind","Metallicize+1","Offering","Injury","Headbutt","Rupture","Reaper","Rage","Bludgeon","Berserk","Bite","Bite","Bite","Bite","Bite","Armaments+1","Thunderclap","Berserk","Dual Wield"],"special_seed":0,"relics":["Burning Blood","Omamori","Whetstone","Darkstone Periapt","Calling Bell","Orichalcum","Paper Frog","Torii","Nloth\u0027s Gift","Bronze Scales","Dream Catcher","Bag of Preparation"],"potions_floor_usage":[33,33],"damage_taken":[{"damage":12.0,"enemies":"2 Louse","floor":1.0,"turns":3.0},{"damage":4.0,"enemies":"Small Slimes","floor":3.0,"turns":3.0},{"damage":14.0,"enemies":"Jaw Worm","floor":4.0,"turns":4.0},{"damage":17.0,"enemies":"3 Sentries","floor":6.0,"turns":9.0},{"damage":19.0,"enemies":"Lagavulin","floor":8.0,"turns":8.0},{"damage":8.0,"enemies":"Lots of Slimes","floor":11.0,"turns":5.0},{"damage":7.0,"enemies":"Large Slime","floor":12.0,"turns":4.0},{"damage":4.0,"enemies":"3 Sentries","floor":14.0,"turns":4.0},{"damage":5.0,"enemies":"Hexaghost","floor":16.0,"turns":11.0},{"damage":7.0,"enemies":"Shell Parasite","floor":18.0,"turns":5.0},{"damage":19.0,"enemies":"Spheric Guardian","floor":21.0,"turns":4.0},{"damage":17.0,"enemies":"Snake Plant","floor":22.0,"turns":9.0},{"damage":16.0,"enemies":"Book of Stabbing","floor":23.0,"turns":6.0},{"damage":7.0,"enemies":"Snecko","floor":28.0,"turns":6.0},{"damage":18.0,"enemies":"Cultist and Chosen","floor":29.0,"turns":5.0},{"damage":25.0,"enemies":"Centurion and Healer","floor":30.0,"turns":7.0},{"damage":28.0,"enemies":"Slavers","floor":31.0,"turns":4.0},{"damage":72,"enemies":"Automaton","floor":33,"turns":10}],"seed_played":"6114570504373471930","potions_obtained":[{"floor":3.0,"key":"GamblersBrew"},{"floor":8.0,"key":"BloodPotion"},{"floor":12.0,"key":"Block Potion"},{"floor":22.0,"key":"Poison Potion"},{"floor":23.0,"key":"BloodPotion"},{"floor":28.0,"key":"Strength Potion"},{"floor":29.0,"key":"Energy Potion"}],"is_trial":false,"path_per_floor":["M","?","M","M","?","E","R","E","T","R","M","M","$","E","R","B",null,"M","$","?","M","M","E","R","?","T","R","M","M","M","E","R","B"],"character_chosen":"IRONCLAD","items_purchased":["Rampage","Whirlwind","Rupture","Reaper"],"campfire_rested":2,"item_purchase_floors":[13,13,19,19],"current_hp_per_floor":[66,52,54,46,46,35,35,22,22,43,41,40,40,42,42,43,78,77,77,77,64,54,44,44,44,44,54,54,47,47,33,33,0],"gold":261,"neow_bonus":"REMOVE_TWO","is_prod":false,"is_daily":false,"chose_seed":false,"campfire_upgraded":4,"win_rate":0,"timestamp":1559963969,"path_taken":["M","?","M","M","?","E","R","E","T","R","M","M","$","E","R","BOSS","M","$","?","M","?","E","R","?","T","R","M","M","M","E","R","BOSS"],"build_version":"2019-01-23","purchased_purges":0,"victory":false,"max_hp_per_floor":[72,72,72,72,72,72,72,72,72,72,72,72,72,72,72,72,78,78,78,78,78,78,78,78,54,54,54,54,54,54,54,54,54],"card_choices":[{"not_picked":["Pommel Strike","Sentinel"],"picked":"Thunderclap","floor":1.0},{"not_picked":["Thunderclap","Flex"],"picked":"Metallicize","floor":3.0},{"not_picked":["Pommel Strike","Shrug It Off"],"picked":"Disarm","floor":4.0},{"not_picked":["Pommel Strike","Clash"],"picked":"Body Slam","floor":6.0},{"not_picked":["Clash","Warcry"],"picked":"Ghostly Armor","floor":8.0},{"not_picked":["Fire Breathing","Shrug It Off"],"picked":"Immolate","floor":11.0},{"not_picked":["Clothesline","Thunderclap"],"picked":"Fire Breathing","floor":12.0},{"not_picked":["Heavy Blade","Reckless Charge"],"picked":"Metallicize","floor":14.0},{"not_picked":["Exhume","Dark Embrace"],"picked":"Offering","floor":16.0},{"not_picked":["Perfected Strike","Body Slam"],"picked":"Headbutt","floor":18.0},{"not_picked":["Havoc+1","Uppercut"],"picked":"Rage","floor":21.0},{"not_picked":["Perfected Strike+1","Sword Boomerang"],"picked":"Bludgeon","floor":22.0},{"not_picked":["Armaments","Flex"],"picked":"Berserk","floor":23.0},{"not_picked":["Havoc","Heavy Blade"],"picked":"Armaments","floor":27.0},{"not_picked":["Clothesline","Headbutt"],"picked":"Thunderclap","floor":28.0},{"not_picked":["True Grit+1","Wild Strike"],"picked":"Berserk","floor":29.0},{"not_picked":["Perfected Strike","True Grit","Anger"],"picked":"SKIP","floor":30.0},{"not_picked":["Sword Boomerang+1","Armaments"],"picked":"Dual Wield","floor":31.0}],"player_experience":486921,"relics_obtained":[{"floor":6.0,"key":"Omamori"},{"floor":8.0,"key":"Whetstone"},{"floor":9.0,"key":"Happy Flower"},{"floor":14.0,"key":"Darkstone Periapt"},{"floor":17.0,"key":"Orichalcum"},{"floor":17.0,"key":"Paper Frog"},{"floor":17.0,"key":"Torii"},{"floor":23.0,"key":"Bronze Scales"},{"floor":26.0,"key":"Dream Catcher"},{"floor":31.0,"key":"Bag of Preparation"}],"event_choices":[{"damage_healed":0.0,"max_hp_gain":0.0,"max_hp_loss":0.0,"gold_gain":0.0,"event_name":"Shining Light","player_choice":"Entered Light","floor":2.0,"gold_loss":0.0,"damage_taken":14.0,"cards_upgraded":["Defend_R","Defend_R"]},{"damage_healed":0.0,"max_hp_gain":0.0,"max_hp_loss":0.0,"gold_gain":0.0,"cards_transformed":["Defend_R"],"event_name":"Living Wall","player_choice":"Change","floor":5.0,"gold_loss":0.0,"damage_taken":0.0,"cards_obtained":["Anger"]},{"damage_healed":0.0,"max_hp_gain":0.0,"max_hp_loss":0.0,"gold_gain":0.0,"event_name":"N\u0027loth","player_choice":"Traded Relic","floor":20.0,"relics_lost":["Happy Flower"],"gold_loss":0.0,"damage_taken":0.0,"relics_obtained":["Nloth\u0027s Gift"]},{"damage_healed":0.0,"max_hp_gain":0.0,"max_hp_loss":24.0,"gold_gain":0.0,"event_name":"Vampires","player_choice":"Became a vampire","floor":25.0,"gold_loss":0.0,"damage_taken":0.0,"cards_obtained":["Bite","Bite","Bite","Bite","Bite"]}],"is_beta":false,"boss_relics":[{"not_picked":["Runic Dome","Black Star"],"picked":"Calling Bell"}],"items_purged_floors":[],"is_endless":false,"potions_floor_spawned":[3,8,12,22,23,28,29],"killed_by":"Automaton","ascension_level":4}