{"gold_per_floor":[219,219,369,444,464,464,478,504,504,42,60,60,71,99,99,176,176,196,207,207,13,33,33,33],"floor_reached":24,"playtime":1488,"items_purged":["Doubt"],"score":343,"play_id":"90122637-bec0-42fd-8c8a-daa816daccdf","local_time":"20190906111607","is_ascension_mode":true,"campfire_choices":[{"floor":6.0,"key":"REST"},{"floor":12.0,"key":"REST"},{"floor":15.0,"key":"REST"},{"floor":23.0,"key":"REST"}],"neow_cost":"NONE","seed_source_timestamp":0,"circlet_count":0,"master_deck":["AscendersBane","Strike_B","Strike_B","Strike_B","Defend_B","Defend_B","Defend_B","Defend_B","Zap","Dualcast","Beam Cell","Streamline","Undo","Conserve Battery","Scrape","Beam Cell","Melter","Static Discharge","Gash","All For One","Reboot","Hologram","Stack","RitualDagger","Turbo","Doom and Gloom"],"special_seed":0,"relics":["Cracked Core","Dodecahedron","Blood Vial","HandDrill","Dream Catcher","Odd Mushroom","Sozu","Medical Kit"],"potions_floor_usage":[],"damage_taken":[{"damage":10.0,"enemies":"2 Louse","floor":1.0,"turns":3.0},{"damage":4.0,"enemies":"Jaw Worm","floor":5.0,"turns":3.0},{"damage":2.0,"enemies":"Small Slimes","floor":7.0,"turns":3.0},{"damage":35.0,"enemies":"3 Sentries","floor":8.0,"turns":8.0},{"damage":13.0,"enemies":"3 Louse","floor":11.0,"turns":3.0},{"damage":8.0,"enemies":"Exordium Thugs","floor":13.0,"turns":4.0},{"damage":20.0,"enemies":"The Mushroom Lair","floor":14.0,"turns":3.0},{"damage":28.0,"enemies":"Hexaghost","floor":16.0,"turns":7.0},{"damage":12.0,"enemies":"Shell Parasite","floor":18.0,"turns":4.0},{"damage":7.0,"enemies":"Chosen","floor":19.0,"turns":4.0},{"damage":36.0,"enemies":"Shelled Parasite and Fungi","floor":22.0,"turns":5.0},{"damage":24,"enemies":"Centurion and Healer","floor":24,"turns":5}],"seed_played":"-1685007236998522904","potions_obtained":[{"floor":1.0,"key":"Regen Potion"},{"floor":13.0,"key":"SpeedPotion"}],"is_trial":false,"path_per_floor":["M","?","?","?","M","R","M","E","T","$","M","R","M","?","R","B",null,"M","M","?","$","M","R","M"],"character_chosen":"DEFECT","items_purchased":["Scrape","HandDrill","Dream Catcher","Medical Kit"],"campfire_rested":4,"item_purchase_floors":[10,10,10,21],"current_hp_per_floor":[54,47,47,36,32,53,51,31,31,31,20,41,35,17,38,12,56,46,41,35,35,1,22,0],"gold":33,"neow_bonus":"HUNDRED_GOLD","is_prod":false,"is_daily":false,"chose_seed":false,"campfire_upgraded":0,"win_rate":0,"timestamp":1567782967,"path_taken":["M","?","?","?","M","R","M","E","T","$","?","R","M","?","R","BOSS","M","M","?","$","M","R","M"],"build_version":"2019-07-17","purchased_purges":1,"victory":false,"max_hp_per_floor":[71,71,71,71,71,71,71,71,71,71,71,71,71,71,71,71,71,71,71,71,71,71,71,71],"card_choices":[{"not_picked":["Reinforced Body","Cold Snap"],"picked":"Beam Cell","floor":1.0},{"not_picked":["Gash","Aggregate"],"picked":"Streamline","floor":5.0},{"not_picked":["Streamline","Turbo"],"picked":"Undo","floor":7.0},{"not_picked":["Streamline","Turbo"],"picked":"Conserve Battery","floor":8.0},{"not_picked":["Hologram","Ball Lightning"],"picked":"Beam Cell","floor":11.0},{"not_picked":["Leap","Hologram"],"picked":"Melter","floor":12.0},{"not_picked":["Fusion","Barrage"],"picked":"Static Discharge","floor":13.0},{"not_picked":["Conserve Battery","Steam"],"picked":"Gash","floor":14.0},{"not_picked":["Defragment","Scrape"],"picked":"All For One","floor":15.0},{"not_picked":["Electrodynamics","Amplify"],"picked":"Reboot","floor":16.0},{"not_picked":["Go for the Eyes","White Noise"],"picked":"Hologram","floor":18.0},{"not_picked":["Turbo","Undo"],"picked":"Stack","floor":19.0},{"not_picked":["Genetic Algorithm","Lockon"],"picked":"Turbo","floor":22.0},{"not_picked":["Conserve Battery","Compile Driver"],"picked":"Doom and Gloom","floor":23.0}],"player_experience":1312567,"relics_obtained":[{"floor":8.0,"key":"Dodecahedron"},{"floor":9.0,"key":"Blood Vial"},{"floor":14.0,"key":"Odd Mushroom"}],"event_choices":[{"cards_removed":["Strike_B"],"damage_healed":0.0,"max_hp_gain":0.0,"max_hp_loss":0.0,"gold_gain":0.0,"event_name":"Golden Wing","player_choice":"Card Removal","floor":2.0,"gold_loss":0.0,"damage_taken":7.0},{"damage_healed":0.0,"max_hp_gain":0.0,"max_hp_loss":0.0,"gold_gain":150.0,"event_name":"Liars Game","player_choice":"AGREE","floor":3.0,"gold_loss":0.0,"damage_taken":0.0,"cards_obtained":["Doubt"]},{"damage_healed":0.0,"max_hp_gain":0.0,"max_hp_loss":0.0,"gold_gain":75.0,"event_name":"World of Goop","player_choice":"Gather Gold","floor":4.0,"gold_loss":0.0,"damage_taken":11.0},{"damage_healed":0.0,"max_hp_gain":0.0,"max_hp_loss":0.0,"gold_gain":0.0,"event_name":"Mushrooms","player_choice":"Fought Mushrooms","floor":14.0,"gold_loss":0.0,"damage_taken":0.0},{"damage_healed":0.0,"max_hp_gain":0.0,"max_hp_loss":0.0,"gold_gain":0.0,"event_name":"Nest","player_choice":"Joined the Cult","floor":20.0,"gold_loss":0.0,"damage_taken":6.0,"cards_obtained":["RitualDagger"]}],"is_beta":false,"boss_relics":[{"not_picked":["Empty Cage","Runic Dome"],"picked":"Sozu"}],"items_purged_floors":[10],"is_endless":false,"potions_floor_spawned":[1,13],"killed_by":"Centurion and Healer","ascension_level":15}