{"gold_per_floor":[118,13,13,29,29,29,29,29,77,77,109,128,157,170,170,268,268,284,15,15,15,15,44,44,70,70,10],"floor_reached":27,"playtime":2815,"items_purged":["Pain"],"score":376,"play_id":"3909e0bf-2b63-49a7-85a3-b166311ee484","local_time":"20190603072859","is_ascension_mode":true,"campfire_choices":[{"data":"Rupture","floor":6,"key":"SMITH"},{"data":"Blood for Blood","floor":8,"key":"SMITH"},{"data":"Bash","floor":10,"key":"SMITH"},{"floor":15,"key":"REST"},{"data":"Limit Break","floor":24,"key":"SMITH"}],"neow_cost":"PERCENT_DAMAGE","seed_source_timestamp":633929945012649,"circlet_count":0,"master_deck":["Defend_R","Defend_R","Defend_R","Bash+1","Cleave","Combust","Blood for Blood+1","Rupture+1","Thunderclap","Iron Wave","Havoc","Pommel Strike","Limit Break+1","Bloodletting","Evolve","Offering","Bite","Bite","Bite","Bite","Bite","Necronomicurse","Sword Boomerang","Sentinel"],"relics":["Black Blood","Bird Faced Urn","GremlinMask","WarpedTongs","Vajra","Pocketwatch","Necronomicon","Bag of Marbles","Pen Nib","Nunchaku"],"potions_floor_usage":[13,18,23,25],"damage_taken":[{"damage":1,"enemies":"2 Louse","floor":1,"turns":4},{"damage":3,"enemies":"Cultist","floor":4,"turns":3},{"damage":17,"enemies":"3 Sentries","floor":11,"turns":4},{"damage":7,"enemies":"Jaw Worm","floor":12,"turns":3},{"damage":25,"enemies":"Lagavulin","floor":13,"turns":6},{"damage":19,"enemies":"Large Slime","floor":14,"turns":4},{"damage":7,"enemies":"Slime Boss","floor":16,"turns":4},{"damage":20,"enemies":"Spheric Guardian","floor":18,"turns":4},{"damage":24,"enemies":"Gremlin Leader","floor":23,"turns":4},{"damage":56,"enemies":"Book of Stabbing","floor":25,"turns":4},{"damage":28,"enemies":"2 Thieves","floor":27,"turns":2}],"seed_played":"-8474669419597581138","potions_obtained":[{"floor":1,"key":"Regen Potion"},{"floor":4,"key":"FairyPotion"},{"floor":13,"key":"Explosive Potion"},{"floor":16,"key":"EssenceOfSteel"},{"floor":18,"key":"EntropicBrew"}],"is_trial":false,"path_per_floor":["M","$","?","M","?","R","$","R","T","R","E","M","E","M","R","B",null,"M","$","?","?","?","E","R","E","T","M"],"character_chosen":"IRONCLAD","items_purchased":["Combust","Blood for Blood","Evolve","Offering"],"campfire_rested":1,"item_purchase_floors":[2,2,19,19],"current_hp_per_floor":[61,61,61,66,66,66,66,66,66,66,59,60,50,41,65,68,80,71,71,56,56,40,42,42,17,17,0],"gold":10,"neow_bonus":"ONE_RARE_RELIC","is_prod":false,"is_daily":false,"chose_seed":false,"campfire_upgraded":4,"win_rate":0,"timestamp":1559572139,"path_taken":["M","$","?","?","?","R","?","R","T","R","E","M","E","M","R","BOSS","M","$","?","?","?","E","R","E","T","M"],"build_version":"2019-01-23","purchased_purges":1,"victory":false,"max_hp_per_floor":[80,80,80,80,80,80,80,80,80,80,80,80,80,80,80,80,80,80,80,56,56,56,56,56,56,56,56],"card_choices":[{"not_picked":["Power Through","Twin Strike"],"picked":"Cleave","floor":1},{"not_picked":["Shockwave","Iron Wave"],"picked":"Rupture","floor":4},{"not_picked":["Perfected Strike","Infernal Blade"],"picked":"Thunderclap","floor":11},{"not_picked":["True Grit","Impervious"],"picked":"Iron Wave","floor":12},{"not_picked":["Body Slam","Wild Strike"],"picked":"Havoc","floor":13},{"not_picked":["Warcry","Metallicize"],"picked":"Pommel Strike","floor":14},{"not_picked":["Barricade","Fiend Fire"],"picked":"Limit Break","floor":16},{"not_picked":["Iron Wave","Thunderclap+1"],"picked":"Bloodletting","floor":18},{"not_picked":["Clothesline","Pommel Strike"],"picked":"Sword Boomerang","floor":23},{"not_picked":["Carnage","Anger"],"picked":"Sentinel","floor":25}],"player_experience":379027,"relics_obtained":[{"floor":11,"key":"Vajra"},{"floor":13,"key":"Pocketwatch"},{"floor":22,"key":"Necronomicon"},{"floor":23,"key":"Bag of Marbles"},{"floor":25,"key":"Pen Nib"},{"floor":26,"key":"Nunchaku"}],"event_choices":[{"damage_healed":0,"gold_gain":0,"player_choice":"Trade","damage_taken":0,"relics_obtained":["GremlinMask"],"max_hp_gain":0,"max_hp_loss":0,"event_name":"FaceTrader","floor":3,"gold_loss":0},{"damage_healed":0,"gold_gain":0,"player_choice":"Rummage","damage_taken":0,"relics_obtained":["WarpedTongs"],"max_hp_gain":0,"max_hp_loss":0,"event_name":"Accursed Blacksmith","floor":5,"gold_loss":0,"cards_obtained":["Pain"]},{"damage_healed":0,"gold_gain":0,"player_choice":"Became a vampire","damage_taken":0,"max_hp_gain":0,"max_hp_loss":24,"event_name":"Vampires","floor":20,"gold_loss":0,"cards_obtained":["Bite","Bite","Bite","Bite","Bite"]},{"cards_removed":["Defend_R"],"damage_healed":0,"gold_gain":0,"player_choice":"Elegance","damage_taken":0,"max_hp_gain":0,"max_hp_loss":0,"event_name":"Back to Basics","floor":21,"gold_loss":0},{"damage_healed":0,"gold_gain":0,"player_choice":"Obtained Book","damage_taken":16,"max_hp_gain":0,"max_hp_loss":0,"event_name":"Cursed Tome","floor":22,"gold_loss":0}],"is_beta":false,"boss_relics":[{"not_picked":["Velvet Choker","Snecko Eye"],"picked":"Black Blood"}],"items_purged_floors":[19],"is_endless":false,"potions_floor_spawned":[1,4,13,16,18,25],"killed_by":"2 Thieves","ascension_level":3}