{"gold_per_floor":[20,20,20,20,33,33,0,28,104,104,104,118,130,143,143,246,246,256,266,266,285,285,285,210,235,235,8,27,27,27,62,62,160,160,175,125,136,150,167,194,194,214,291,391,425,437,437,472,472,472,472,472,9,43,43],"floor_reached":56,"playtime":11040,"items_purged":["Survivor","Strike_G+1"],"score":1760,"play_id":"fc7133fe-b783-43c3-9eb5-17ea38619102","local_time":"20190903041051","is_ascension_mode":true,"campfire_choices":[{"data":"Neutralize","floor":6.0,"key":"SMITH"},{"floor":11.0,"key":"REST"},{"data":"Burst","floor":15.0,"key":"SMITH"},{"data":"Wraith Form v2","floor":23.0,"key":"SMITH"},{"data":"Thinking Ahead","floor":30.0,"key":"SMITH"},{"data":"Adrenaline","floor":32.0,"key":"SMITH"},{"data":"Catalyst","floor":41,"key":"SMITH"},{"floor":47,"key":"RECALL"},{"data":"Envenom","floor":49,"key":"SMITH"},{"data":"Footwork","floor":52,"key":"SMITH"}],"neow_cost":"NO_GOLD","seed_source_timestamp":0,"circlet_count":0,"master_deck":["Strike_G+1","Strike_G+1","Defend_G+1","Defend_G+1","Defend_G+1","Neutralize+1","Terror","Wraith Form v2+1","Backflip","Slice+1","Dagger Spray+1","Blur","Deadly Poison","Dagger Spray","Burst+1","Adrenaline+1","Dash+1","Well Laid Plans","Deadly Poison+1","Finisher+1","Footwork+1","Thinking Ahead+1","Finisher+1","Cloak And Dagger","Adrenaline","Catalyst+1","Deflect+1","Well Laid Plans+1","Footwork+1","Bane+1","Flechettes","Sucker Punch+1","Deflect+1","Heel Hook","Envenom+1","Panacea","Chrysalis","Concentrate+1"],"special_seed":0,"relics":["Ring of the Snake","FossilizedHelix","Paper Crane","Eternal Feather","The Specimen","Mercury Hourglass","Ninja Scroll","Smiling Mask","Black Star","Thread and Needle","Pear","Tingsha","Bag of Marbles","Dodecahedron","Strawberry","Mango","Whetstone","Orichalcum","Ginger"],"potions_floor_usage":[46,50,50],"damage_taken":[{"damage":0.0,"enemies":"2 Louse","floor":1.0,"turns":4.0},{"damage":8.0,"enemies":"Jaw Worm","floor":5.0,"turns":4.0},{"damage":25.0,"enemies":"3 Sentries","floor":8.0,"turns":8.0},{"damage":0.0,"enemies":"Cultist","floor":12.0,"turns":3.0},{"damage":0.0,"enemies":"Looter","floor":13.0,"turns":3.0},{"damage":0.0,"enemies":"3 Louse","floor":14.0,"turns":3.0},{"damage":21.0,"enemies":"Slime Boss","floor":16.0,"turns":12.0},{"damage":0.0,"enemies":"Chosen","floor":18.0,"turns":6.0},{"damage":4.0,"enemies":"2 Thieves","floor":19.0,"turns":4.0},{"damage":27.0,"enemies":"Centurion and Healer","floor":21.0,"turns":7.0},{"damage":5.0,"enemies":"Book of Stabbing","floor":25.0,"turns":7.0},{"damage":0.0,"enemies":"Snecko","floor":28.0,"turns":5.0},{"damage":3.0,"enemies":"Gremlin Leader","floor":31.0,"turns":7.0},{"damage":8.0,"enemies":"Automaton","floor":33.0,"turns":10.0},{"damage":3.0,"enemies":"3 Darklings","floor":35.0,"turns":4.0},{"damage":9.0,"enemies":"3 Shapes","floor":37.0,"turns":4.0},{"damage":0.0,"enemies":"Spire Growth","floor":38.0,"turns":5.0},{"damage":0.0,"enemies":"Transient","floor":39.0,"turns":5.0},{"damage":0,"enemies":"Reptomancer","floor":40,"turns":7},{"damage":0,"enemies":"Jaw Worm Horde","floor":42,"turns":4},{"damage":0,"enemies":"Mind Bloom Boss Battle","floor":44,"turns":6},{"damage":0,"enemies":"Giant Head","floor":45,"turns":7},{"damage":0,"enemies":"Writhing Mass","floor":46,"turns":2},{"damage":14,"enemies":"Nemesis","floor":48,"turns":7},{"damage":70,"enemies":"Awakened One","floor":50,"turns":10},{"damage":12,"enemies":"Shield and Spear","floor":54,"turns":7},{"damage":75,"enemies":"The Heart","floor":55,"turns":11}],"seed_played":"-3830607876164981861","potions_obtained":[{"floor":8.0,"key":"Weak Potion"},{"floor":13.0,"key":"GamblersBrew"},{"floor":14.0,"key":"SmokeBomb"},{"floor":21.0,"key":"SteroidPotion"},{"floor":25.0,"key":"Dexterity Potion"},{"floor":33.0,"key":"AttackPotion"},{"floor":35.0,"key":"GhostInAJar"},{"floor":38.0,"key":"Explosive Potion"},{"floor":39.0,"key":"Block Potion"},{"floor":45,"key":"SteroidPotion"},{"floor":46,"key":"FearPotion"}],"is_trial":false,"path_per_floor":["M","?","?","$","M","R","?","E","T","?","R","M","M","M","R","B",null,"M","M","?","M","?","R","?","E","T","$","M","$","R","E","R","B",null,"M","$","M","M","M","E","R","M","T","?","E","M","R","E","R","B",null,"R","$","E","B",null],"character_chosen":"THE_SILENT","items_purchased":["Footwork","Thinking Ahead","Panacea","Chrysalis","Whetstone"],"campfire_rested":1,"item_purchase_floors":[27,27,53,53,53],"current_hp_per_floor":[63,63,49,49,41,41,41,16,16,9,30,30,30,30,30,9,55,55,51,51,24,24,36,36,31,31,31,31,31,46,43,58,50,65,62,62,53,53,53,63,80,80,80,80,80,80,80,87,101,31,84,101,101,89,14],"gold":43,"neow_bonus":"TRANSFORM_TWO_CARDS","is_prod":false,"is_daily":false,"chose_seed":false,"campfire_upgraded":8,"win_rate":0,"timestamp":1567498251,"path_taken":["M","?","?","?","?","R","?","E","T","?","R","M","M","M","R","BOSS","M","M","?","M","?","R","?","E","T","?","M","$","R","E","R","BOSS","M","$","?","M","M","E","R","M","T","?","E","M","R","E","R","BOSS","R","$","E","BOSS"],"build_version":"2019-07-17","purchased_purges":2,"victory":true,"max_hp_per_floor":[70,70,70,70,70,70,70,70,70,70,70,70,70,70,70,70,70,70,70,70,70,70,70,70,70,70,70,70,70,70,70,70,70,70,70,70,70,70,70,80,80,80,80,80,80,80,80,101,101,101,101,101,101,101,101],"card_choices":[{"not_picked":["Acrobatics","Leg Sweep"],"picked":"Backflip","floor":1.0},{"not_picked":["Backflip","PiercingWail"],"picked":"Dagger Spray","floor":5.0},{"not_picked":["Underhanded Strike","Dagger Throw"],"picked":"Blur","floor":8.0},{"not_picked":["Accuracy","Choke"],"picked":"Deadly Poison","floor":12.0},{"not_picked":["Quick Slash","Deadly Poison"],"picked":"Dagger Spray","floor":13.0},{"not_picked":["Quick Slash","Deadly Poison"],"picked":"Burst","floor":14.0},{"not_picked":["Tools of the Trade","Storm of Steel"],"picked":"Adrenaline","floor":16.0},{"not_picked":["Prepared","Acrobatics"],"picked":"Dash+1","floor":18.0},{"not_picked":["Sucker Punch+1","Outmaneuver"],"picked":"Well Laid Plans","floor":19.0},{"not_picked":["Quick Slash","PiercingWail+1"],"picked":"Deadly Poison+1","floor":21.0},{"not_picked":["Blade Dance","Endless Agony"],"picked":"Finisher+1","floor":25.0},{"not_picked":["Acrobatics","Reflex"],"picked":"Finisher","floor":28.0},{"not_picked":["Accuracy","Concentrate"],"picked":"Cloak And Dagger","floor":31.0},{"not_picked":["Unload","Burst"],"picked":"Adrenaline","floor":33.0},{"not_picked":["Dagger Spray","Underhanded Strike+1"],"picked":"Catalyst","floor":35.0},{"not_picked":["Dodge and Roll","Flying Knee"],"picked":"Deflect+1","floor":37.0},{"not_picked":["Dagger Throw+1","Dagger Spray+1"],"picked":"Well Laid Plans+1","floor":38.0},{"not_picked":["Slice+1","Acrobatics"],"picked":"Footwork+1","floor":39.0},{"not_picked":["Poisoned Stab","Quick Slash"],"picked":"Bane+1","floor":40},{"not_picked":["Sucker Punch","Underhanded Strike"],"picked":"Flechettes","floor":42},{"not_picked":["Flying Knee+1","Dash+1"],"picked":"Sucker Punch+1","floor":44},{"not_picked":["Skewer+1","Cloak And Dagger"],"picked":"Deflect+1","floor":45},{"not_picked":["Flying Knee+1","Finisher+1"],"picked":"Heel Hook","floor":46},{"not_picked":["Choke","Predator+1"],"picked":"Envenom","floor":48},{"not_picked":["Terror","Outmaneuver"],"picked":"Concentrate+1","floor":54}],"player_experience":1276170,"relics_obtained":[{"floor":8.0,"key":"FossilizedHelix"},{"floor":9.0,"key":"Paper Crane"},{"floor":25.0,"key":"Mercury Hourglass"},{"floor":26.0,"key":"Ninja Scroll"},{"floor":31.0,"key":"Smiling Mask"},{"floor":40,"key":"Thread and Needle"},{"floor":40,"key":"Pear"},{"floor":44,"key":"Tingsha"},{"floor":45,"key":"Bag of Marbles"},{"floor":45,"key":"Dodecahedron"},{"floor":48,"key":"Strawberry"},{"floor":48,"key":"Mango"},{"floor":54,"key":"Orichalcum"},{"floor":54,"key":"Ginger"}],"event_choices":[{"damage_healed":0.0,"max_hp_gain":0.0,"max_hp_loss":0.0,"gold_gain":0.0,"cards_transformed":["Defend_G"],"event_name":"Living Wall","player_choice":"Change","floor":2.0,"gold_loss":0.0,"damage_taken":0.0,"cards_obtained":["Slice"]},{"damage_healed":0.0,"max_hp_gain":0.0,"max_hp_loss":0.0,"gold_gain":0.0,"event_name":"Shining Light","player_choice":"Entered Light","floor":3.0,"gold_loss":0.0,"damage_taken":14.0,"cards_upgraded":["Defend_G","Slice"]},{"damage_healed":0.0,"max_hp_gain":0.0,"max_hp_loss":0.0,"gold_gain":0.0,"event_name":"World of Goop","player_choice":"Left Gold","floor":7.0,"gold_loss":33.0,"damage_taken":0.0},{"cards_removed":["Defend_G"],"damage_healed":0.0,"max_hp_gain":0.0,"max_hp_loss":0.0,"gold_gain":0.0,"event_name":"Golden Wing","player_choice":"Card Removal","floor":10.0,"gold_loss":0.0,"damage_taken":7.0},{"damage_healed":0.0,"max_hp_gain":0.0,"max_hp_loss":0.0,"gold_gain":0.0,"event_name":"Addict","player_choice":"Stole Relic","floor":20.0,"gold_loss":0.0,"damage_taken":0.0,"relics_obtained":["The Specimen"],"cards_obtained":["Shame"]},{"damage_healed":0.0,"max_hp_gain":0.0,"max_hp_loss":0.0,"gold_gain":0.0,"event_name":"Back to Basics","player_choice":"Simplicity","floor":22.0,"gold_loss":0.0,"damage_taken":0.0,"cards_upgraded":["Strike_G","Strike_G","Strike_G","Defend_G","Defend_G"]},{"cards_removed":["Shame"],"damage_healed":0.0,"max_hp_gain":0.0,"max_hp_loss":0.0,"gold_gain":0.0,"event_name":"Beggar","player_choice":"Gave Gold","floor":24.0,"gold_loss":75.0,"damage_taken":0.0},{"damage_healed":0,"gold_gain":0,"player_choice":"Fight","damage_taken":0,"max_hp_gain":0,"max_hp_loss":0,"event_name":"MindBloom","floor":44,"gold_loss":0}],"is_beta":false,"boss_relics":[{"not_picked":["Sozu","Fusion Hammer"],"picked":"Eternal Feather"},{"not_picked":["Snecko Eye","Astrolabe"],"picked":"Black Star"}],"items_purged_floors":[36,53],"is_endless":false,"potions_floor_spawned":[8,13,14,21,25,33,35,38,39,45,46],"ascension_level":8}