{"gold_per_floor":[109,284,284,301,19,46,46,76,76,111,111,125,45,117,117,221,221,239,239,514,527,537,537],"floor_reached":23,"playtime":1813,"items_purged":["Regret"],"score":244,"play_id":"cb69b704-7e4a-4074-b67e-f77f60cf4895","local_time":"20190603004049","is_ascension_mode":true,"campfire_choices":[{"data":"Metamorphosis","floor":7.0,"key":"SMITH"},{"data":"Recycle","floor":15,"key":"SMITH"}],"neow_cost":"NONE","seed_source_timestamp":0,"circlet_count":0,"master_deck":["Strike_B","Strike_B","Strike_B","Strike_B","Defend_B","Defend_B","Defend_B","Defend_B","Zap","Dualcast","Turbo","Doubt","Coolheaded","Recycle+1","Metamorphosis+1","Sweeping Beam","Capacitor","Biased Cognition","Go for the Eyes","Auto Shields","Conserve Battery","Buffer","Chill+1","Regret","Aggregate","Conserve Battery"],"special_seed":0,"relics":["Cracked Core","NeowsBlessing","Mummified Hand","Oddly Smooth Stone","Blue Candle","FossilizedHelix","FaceOfCleric","Pantograph","Velvet Choker"],"potions_floor_usage":[10,16,22],"damage_taken":[{"damage":0.0,"enemies":"Jaw Worm","floor":1.0,"turns":1.0},{"damage":0.0,"enemies":"Cultist","floor":4.0,"turns":1.0},{"damage":0.0,"enemies":"Gremlin Nob","floor":6.0,"turns":1.0},{"damage":15.0,"enemies":"3 Sentries","floor":8.0,"turns":6.0},{"damage":29,"enemies":"Gremlin Nob","floor":10,"turns":5},{"damage":0,"enemies":"2 Louse","floor":12,"turns":3},{"damage":14,"enemies":"Slime Boss","floor":16,"turns":7},{"damage":5,"enemies":"Chosen","floor":18,"turns":5},{"damage":5,"enemies":"3 Byrds","floor":21,"turns":5},{"damage":11,"enemies":"Snecko","floor":22,"turns":8},{"damage":52,"enemies":"Gremlin Leader","floor":23,"turns":8}],"seed_played":"-3392618556277089291","potions_obtained":[{"floor":4.0,"key":"Poison Potion"},{"floor":6.0,"key":"Weak Potion"},{"floor":12,"key":"Regen Potion"},{"floor":18,"key":"PowerPotion"},{"floor":22,"key":"Dexterity Potion"}],"is_trial":false,"path_per_floor":["M","?","?","M","$","E","R","E","T","E","?","M","$","T","R","B",null,"M","?","?","M","M","E"],"character_chosen":"DEFECT","items_purchased":["Recycle","Metamorphosis","Auto Shields","Conserve Battery"],"campfire_rested":0,"item_purchase_floors":[5,5,13,13],"current_hp_per_floor":[75,75,75,75,75,75,75,60,60,31,31,32,32,32,32,59,77,73,58,58,54,44,0],"gold":537,"neow_bonus":"THREE_ENEMY_KILL","is_prod":false,"is_daily":false,"chose_seed":false,"campfire_upgraded":2,"win_rate":0,"timestamp":1559547649,"path_taken":["M","?","?","?","$","E","R","E","T","E","?","?","?","?","R","BOSS","M","?","?","M","?","E"],"build_version":"2019-01-23","purchased_purges":1,"victory":false,"max_hp_per_floor":[75,75,75,75,75,75,75,75,75,75,75,76,76,76,76,77,77,78,83,83,84,85,85],"card_choices":[{"not_picked":["Double Energy","Go for the Eyes"],"picked":"Turbo","floor":1.0},{"not_picked":["Ball Lightning","Steam Power"],"picked":"Coolheaded","floor":4.0},{"not_picked":["Conserve Battery","Recycle"],"picked":"Sweeping Beam","floor":6.0},{"not_picked":["Coolheaded","White Noise"],"picked":"Capacitor","floor":8.0},{"not_picked":["Capacitor","FTL"],"picked":"Biased Cognition","floor":10},{"not_picked":["Cold Snap","Stack"],"picked":"Go for the Eyes","floor":12},{"not_picked":["Hyperbeam","Biased Cognition"],"picked":"Buffer","floor":16},{"not_picked":["Steam","Static Discharge"],"picked":"Chill+1","floor":18},{"not_picked":["Ball Lightning+1","Streamline"],"picked":"Aggregate","floor":21},{"not_picked":["Ball Lightning+1","Streamline"],"picked":"Conserve Battery","floor":22}],"player_experience":356784,"relics_obtained":[{"floor":6.0,"key":"Oddly Smooth Stone"},{"floor":8.0,"key":"Blue Candle"},{"floor":10,"key":"FossilizedHelix"},{"floor":14,"key":"Pantograph"}],"event_choices":[{"damage_healed":0.0,"max_hp_gain":0.0,"max_hp_loss":0.0,"gold_gain":175.0,"event_name":"Liars Game","player_choice":"AGREE","floor":2.0,"gold_loss":0.0,"damage_taken":0.0,"cards_obtained":["Doubt"]},{"damage_healed":0.0,"max_hp_gain":0.0,"max_hp_loss":0.0,"gold_gain":0.0,"event_name":"Big Fish","player_choice":"Box","floor":3.0,"gold_loss":0.0,"damage_taken":0.0,"relics_obtained":["Mummified Hand"],"cards_obtained":["Regret"]},{"damage_healed":0,"gold_gain":0,"player_choice":"Trade","damage_taken":0,"relics_obtained":["FaceOfCleric"],"max_hp_gain":0,"max_hp_loss":0,"event_name":"FaceTrader","floor":11,"gold_loss":0},{"damage_healed":0,"gold_gain":0,"player_choice":"Shed Blood","damage_taken":20,"max_hp_gain":5,"max_hp_loss":0,"event_name":"Forgotten Altar","floor":19,"gold_loss":0},{"damage_healed":0,"gold_gain":275,"player_choice":"Desecrate","damage_taken":0,"max_hp_gain":0,"max_hp_loss":0,"event_name":"Golden Shrine","floor":20,"gold_loss":0,"cards_obtained":["Regret"]}],"is_beta":false,"boss_relics":[{"not_picked":["Cursed Key","Busted Crown"],"picked":"Velvet Choker"}],"items_purged_floors":[5],"is_endless":false,"potions_floor_spawned":[4,6,12,18,22],"killed_by":"Gremlin Leader","ascension_level":1}