{"gold_per_floor":[119,194,194,194,2,2,22,53,79,96,124,124,135,147,147,244,244,261,261,277,289,289],"floor_reached":22,"playtime":1318,"items_purged":[],"score":254,"play_id":"be960bd4-cf7b-494c-9dc3-b8025a16165c","local_time":"20190609223306","is_ascension_mode":true,"campfire_choices":[{"data":"Dualcast","floor":6,"key":"SMITH"},{"data":"Coolheaded","floor":12,"key":"SMITH"},{"data":"Steam","floor":15,"key":"SMITH"}],"neow_cost":"NONE","seed_source_timestamp":175453762425417,"circlet_count":0,"master_deck":["Strike_B","Strike_B","Strike_B","Strike_B","Defend_B","Defend_B","Defend_B+1","Defend_B","Zap+1","Dualcast+1","Thunder Strike","Steam+1","Core Surge","Coolheaded+1","Turbo","Doom and Gloom","Gash","Seek","Go for the Eyes+1","Rebound+1","Steam Power"],"relics":["Cracked Core","NeowsBlessing","Centennial Puzzle","War Paint","Tiny Chest","Omamori","Smiling Mask","Pear","Inserter","Frozen Egg 2"],"potions_floor_usage":[11,22],"damage_taken":[{"damage":0,"enemies":"2 Louse","floor":1,"turns":1},{"damage":0,"enemies":"Jaw Worm","floor":7,"turns":1},{"damage":0,"enemies":"Gremlin Nob","floor":8,"turns":1},{"damage":1,"enemies":"Small Slimes","floor":10,"turns":2},{"damage":17,"enemies":"Lagavulin","floor":11,"turns":5},{"damage":6,"enemies":"2 Fungi Beasts","floor":13,"turns":2},{"damage":5,"enemies":"3 Louse","floor":14,"turns":2},{"damage":22,"enemies":"Slime Boss","floor":16,"turns":9},{"damage":49,"enemies":"3 Byrds","floor":18,"turns":5},{"damage":5,"enemies":"Chosen","floor":20,"turns":5},{"damage":20,"enemies":"Shelled Parasite and Fungi","floor":21,"turns":4},{"damage":12,"enemies":"Centurion and Healer","floor":22,"turns":3}],"seed_played":"-2758160915565180824","potions_obtained":[{"floor":8,"key":"FearPotion"},{"floor":16,"key":"SneckoOil"},{"floor":21,"key":"Energy Potion"}],"is_trial":false,"path_per_floor":["M","?","T","?","$","R","M","E","T","M","E","R","M","M","R","B",null,"M","?","M","M","M"],"character_chosen":"DEFECT","items_purchased":["Tiny Chest","Thunder Strike"],"campfire_rested":0,"item_purchase_floors":[5,5],"current_hp_per_floor":[75,64,64,64,64,64,64,64,64,63,56,56,50,45,45,23,85,36,36,31,11,0],"gold":289,"neow_bonus":"THREE_ENEMY_KILL","is_prod":false,"is_daily":false,"chose_seed":false,"campfire_upgraded":3,"win_rate":0,"timestamp":1560144786,"path_taken":["M","?","?","?","$","R","M","E","T","M","E","R","?","M","R","BOSS","M","?","M","M","M"],"build_version":"2019-01-23","purchased_purges":0,"victory":false,"max_hp_per_floor":[75,75,75,75,75,75,75,75,75,75,85,85,85,85,85,85,85,85,85,85,85,85],"card_choices":[{"not_picked":["Beam Cell","Stack"],"picked":"Go for the Eyes","floor":1},{"not_picked":["Hologram","Go for the Eyes"],"picked":"Steam","floor":7},{"not_picked":["Rebound","Recycle"],"picked":"Core Surge","floor":8},{"not_picked":["Rebound","Force Field"],"picked":"Coolheaded","floor":10},{"not_picked":["Ball Lightning","Gash"],"picked":"Turbo","floor":11},{"not_picked":["Turbo","Steam"],"picked":"Doom and Gloom","floor":13},{"not_picked":["Conserve Battery","Turbo"],"picked":"Gash","floor":14},{"not_picked":["Core Surge","Machine Learning"],"picked":"Seek","floor":16},{"not_picked":["Blizzard","Leap"],"picked":"Go for the Eyes+1","floor":18},{"not_picked":["Turbo","Steam"],"picked":"Rebound+1","floor":20},{"not_picked":["Leap","Aggregate"],"picked":"Steam Power","floor":21}],"player_experience":538763,"relics_obtained":[{"floor":3,"key":"Centennial Puzzle"},{"floor":8,"key":"Omamori"},{"floor":9,"key":"Smiling Mask"},{"floor":11,"key":"Pear"}],"event_choices":[{"damage_healed":0,"gold_gain":75,"player_choice":"Gather Gold","damage_taken":11,"max_hp_gain":0,"max_hp_loss":0,"event_name":"World of Goop","floor":2,"gold_loss":0},{"cards_removed":["Go for the Eyes"],"damage_healed":0,"gold_gain":0,"player_choice":"Gave Card","damage_taken":0,"relics_obtained":["War Paint"],"max_hp_gain":0,"max_hp_loss":0,"event_name":"WeMeetAgain","floor":4,"gold_loss":0},{"damage_healed":0,"gold_gain":0,"player_choice":"Opened","damage_taken":0,"relics_obtained":["Frozen Egg 2"],"max_hp_gain":0,"max_hp_loss":0,"event_name":"The Mausoleum","floor":19,"gold_loss":0,"cards_obtained":["Writhe"]}],"is_beta":false,"boss_relics":[{"not_picked":["Coffee Dripper","Ectoplasm"],"picked":"Inserter"}],"items_purged_floors":[],"is_endless":false,"potions_floor_spawned":[8,16,21],"killed_by":"Centurion and Healer","ascension_level":3}