{"gold_per_floor":[110,124,75,85,85,85,118,118,118,129,139,139,158,158,158,253,253,270,287,287,287,287,287,297,309,309,334,367,393,466,494,506,617,629,654,666,59,76,96,96,131,131,185,185,204,216,233,333,333,333,333,333,0,29,29],"floor_reached":55,"playtime":14177,"items_purged":[],"score":766,"play_id":"34950d43-6c21-4f71-b52d-2f1cd19806de","local_time":"20190711131903","is_ascension_mode":false,"campfire_choices":[{"data":"Blind","floor":6.0,"key":"SMITH"},{"data":"Neutralize","floor":8.0,"key":"SMITH"},{"data":"Neutralize","floor":12.0,"key":"SMITH"},{"data":"Well Laid Plans","floor":15.0,"key":"SMITH"},{"data":"Malaise","floor":23.0,"key":"SMITH"},{"data":"Footwork","floor":32.0,"key":"SMITH"},{"data":"Caltrops","floor":40.0,"key":"SMITH"},{"data":"Acrobatics","floor":42.0,"key":"SMITH"},{"data":"Finisher","floor":44.0,"key":"SMITH"},{"floor":49.0,"key":"RECALL"},{"data":"Tactician","floor":52.0,"key":"SMITH"}],"neow_cost":"NONE","seed_source_timestamp":0,"circlet_count":0,"master_deck":["Defend_G","Defend_G","Defend_G","Defend_G","Survivor","Neutralize+1","After Image","Well Laid Plans+1","Noxious Fumes","Bane","Backflip","Blind+1","Neutralize+1","Malaise+1","Heel Hook","Doppelganger","Blur","Acrobatics+1","Unload","PiercingWail","Bite","Bite","Bite","Bite","Bite","Escape Plan","Footwork+1","Catalyst+1","Tools of the Trade","Outmaneuver+1","Tactician+1","Finisher+1","Envenom","Escape Plan+1","Caltrops+1","Concentrate","Doppelganger","Deadly Poison+1","Skewer+1","Parasite","Acrobatics","Poisoned Stab+1","Noxious Fumes+1","Tactician+1","Grand Finale","Caltrops","Deflect+1"],"special_seed":0,"relics":["Ring of the Snake","Letter Opener","Pear","FaceOfCleric","Sozu","Bottled Tornado","MawBank","Tiny Chest","Coffee Dripper","Paper Crane","PreservedInsect","Mummified Hand","Art of War","Prayer Wheel","Medical Kit","Oddly Smooth Stone"],"potions_floor_usage":[],"damage_taken":[{"damage":1.0,"enemies":"Cultist","floor":1.0,"turns":5.0},{"damage":2.0,"enemies":"Jaw Worm","floor":2.0,"turns":5.0},{"damage":3.0,"enemies":"Small Slimes","floor":4.0,"turns":4.0},{"damage":18.0,"enemies":"Gremlin Nob","floor":7.0,"turns":5.0},{"damage":10.0,"enemies":"Gremlin Gang","floor":10.0,"turns":4.0},{"damage":8.0,"enemies":"Looter","floor":11.0,"turns":4.0},{"damage":1.0,"enemies":"2 Fungi Beasts","floor":13.0,"turns":3.0},{"damage":1.0,"enemies":"The Guardian","floor":16.0,"turns":13.0},{"damage":6.0,"enemies":"Spheric Guardian","floor":18.0,"turns":5.0},{"damage":0.0,"enemies":"Shell Parasite","floor":19.0,"turns":5.0},{"damage":0.0,"enemies":"Cultist and Chosen","floor":24.0,"turns":9.0},{"damage":0.0,"enemies":"Shelled Parasite and Fungi","floor":25.0,"turns":7.0},{"damage":48.0,"enemies":"Slavers","floor":28.0,"turns":6.0},{"damage":0.0,"enemies":"3 Cultists","floor":29.0,"turns":5.0},{"damage":0.0,"enemies":"Book of Stabbing","floor":30.0,"turns":9.0},{"damage":0.0,"enemies":"Centurion and Healer","floor":31.0,"turns":8.0},{"damage":7.0,"enemies":"Collector","floor":33.0,"turns":10.0},{"damage":1.0,"enemies":"3 Darklings","floor":35.0,"turns":6.0},{"damage":1.0,"enemies":"3 Shapes","floor":38.0,"turns":4.0},{"damage":0.0,"enemies":"Maw","floor":39.0,"turns":8.0},{"damage":17.0,"enemies":"Nemesis","floor":41.0,"turns":7.0},{"damage":0.0,"enemies":"Writhing Mass","floor":45.0,"turns":5.0},{"damage":1.0,"enemies":"3 Darklings","floor":46.0,"turns":5.0},{"damage":22.0,"enemies":"Jaw Worm Horde","floor":47.0,"turns":5.0},{"damage":1.0,"enemies":"Mind Bloom Boss Battle","floor":48.0,"turns":5.0},{"damage":21.0,"enemies":"Donu and Deca","floor":50.0,"turns":8.0},{"damage":58.0,"enemies":"Shield and Spear","floor":54.0,"turns":5.0},{"damage":35,"enemies":"The Heart","floor":55,"turns":6}],"seed_played":"-8630776110157641223","potions_obtained":[{"floor":1.0,"key":"Energy Potion"},{"floor":7.0,"key":"SteroidPotion"}],"is_trial":false,"path_per_floor":["M","M","$","M","?","R","E","R","T","M","M","R","M","?","R","B",null,"M","M","?","?","?","R","M","M","T","T","E","M","E","M","R","B",null,"M","?","$","M","M","R","E","R","T","R","M","M","M","?","R","B",null,"R","$","E","B"],"character_chosen":"THE_SILENT","items_purchased":["Bane","Paper Crane","PreservedInsect","Caltrops","Concentrate","Doppelganger","Medical Kit","Grand Finale","Caltrops"],"campfire_rested":0,"item_purchase_floors":[3,37,37,37,37,37,53,53,53],"current_hp_per_floor":[69,67,67,64,64,64,46,46,56,46,38,38,37,37,37,37,81,76,77,58,58,58,58,59,60,60,60,25,36,57,64,64,65,65,66,66,66,67,68,68,60,60,60,60,70,71,58,70,70,64,74,74,74,23,0],"gold":29,"neow_bonus":"ONE_RANDOM_RARE_CARD","is_prod":false,"is_daily":false,"chose_seed":false,"campfire_upgraded":10,"win_rate":0,"timestamp":1562865543,"path_taken":["M","?","$","M","?","R","E","R","T","?","M","R","M","?","R","BOSS","M","?","?","?","?","R","M","M","T","?","E","M","E","?","R","BOSS","M","?","$","M","M","R","E","R","T","R","M","M","M","?","R","BOSS","R","$","E","BOSS"],"build_version":"2019-07-05","purchased_purges":0,"victory":false,"max_hp_per_floor":[70,70,70,70,70,70,70,70,80,80,80,80,80,80,80,81,81,82,83,58,58,58,58,59,60,60,60,61,62,63,64,64,65,65,66,66,66,67,68,68,69,69,69,69,70,71,72,73,73,74,74,74,74,75,75],"card_choices":[{"not_picked":["Deflect","Blade Dance"],"picked":"Well Laid Plans","floor":1.0},{"not_picked":["Dodge and Roll","Acrobatics"],"picked":"Noxious Fumes","floor":2.0},{"not_picked":["Blade Dance","Slice"],"picked":"Backflip","floor":4.0},{"not_picked":["Blade Dance","Flying Knee"],"picked":"Doppelganger","floor":7.0},{"not_picked":["Flying Knee","PiercingWail"],"picked":"Blur","floor":10.0},{"not_picked":["Bouncing Flask","PiercingWail"],"picked":"Acrobatics","floor":11.0},{"not_picked":["Slice","Dash","Dagger Spray"],"picked":"SKIP","floor":13.0},{"not_picked":["Wraith Form v2","Glass Knife"],"picked":"Unload","floor":16.0},{"not_picked":["Terror","Infinite Blades","Riddle With Holes"],"picked":"SKIP","floor":18.0},{"not_picked":["Flying Knee","Slice"],"picked":"PiercingWail","floor":19.0},{"not_picked":["Dodge and Roll","Acrobatics"],"picked":"Footwork","floor":24.0},{"not_picked":["Poisoned Stab+1","Prepared"],"picked":"Catalyst+1","floor":25.0},{"not_picked":["All Out Attack+1","Slice"],"picked":"Tools of the Trade","floor":28.0},{"not_picked":["Flechettes","PiercingWail"],"picked":"Outmaneuver+1","floor":29.0},{"not_picked":["PiercingWail","Burst"],"picked":"Tactician+1","floor":30.0},{"not_picked":["Outmaneuver","Masterful Stab+1"],"picked":"Finisher","floor":31.0},{"not_picked":["Tools of the Trade","Bullet Time"],"picked":"Envenom","floor":33.0},{"not_picked":["Setup+1","Cloak And Dagger"],"picked":"Escape Plan+1","floor":35.0},{"not_picked":["Sucker Punch+1","Blade Dance","Dagger Spray"],"picked":"SKIP","floor":38.0},{"not_picked":["Outmaneuver","Dagger Spray"],"picked":"Deadly Poison+1","floor":39.0},{"not_picked":["Unload","Deflect"],"picked":"Skewer+1","floor":41.0},{"not_picked":["Endless Agony+1","Underhanded Strike"],"picked":"Acrobatics","floor":45.0},{"not_picked":["Dagger Throw","Choke"],"picked":"Poisoned Stab+1","floor":46.0},{"not_picked":["Dagger Throw+1","Flying Knee"],"picked":"Noxious Fumes+1","floor":47.0},{"not_picked":["Poisoned Stab+1","Infinite Blades"],"picked":"Tactician","floor":48.0},{"not_picked":["Setup","Endless Agony+1"],"picked":"Deflect+1","floor":54.0}],"player_experience":857152,"relics_obtained":[{"floor":7.0,"key":"Letter Opener"},{"floor":9.0,"key":"Pear"},{"floor":26.0,"key":"Bottled Tornado"},{"floor":28.0,"key":"MawBank"},{"floor":30.0,"key":"Tiny Chest"},{"floor":41.0,"key":"Mummified Hand"},{"floor":43.0,"key":"Art of War"},{"floor":48.0,"key":"Prayer Wheel"},{"floor":54.0,"key":"Oddly Smooth Stone"}],"event_choices":[{"damage_healed":0.0,"max_hp_gain":0.0,"max_hp_loss":0.0,"gold_gain":0.0,"event_name":"Match and Keep!","player_choice":"4 cards matched","floor":5.0,"gold_loss":0.0,"damage_taken":0.0,"cards_obtained":["Blind","Neutralize","Malaise","Heel Hook"]},{"damage_healed":0.0,"max_hp_gain":0.0,"max_hp_loss":0.0,"gold_gain":0.0,"event_name":"FaceTrader","player_choice":"Trade","floor":14.0,"gold_loss":0.0,"damage_taken":0.0,"relics_obtained":["FaceOfCleric"]},{"damage_healed":0.0,"max_hp_gain":0.0,"max_hp_loss":25.0,"gold_gain":0.0,"event_name":"Vampires","player_choice":"Became a vampire","floor":20.0,"gold_loss":0.0,"damage_taken":0.0,"cards_obtained":["Bite","Bite","Bite","Bite","Bite"]},{"damage_healed":0.0,"max_hp_gain":0.0,"max_hp_loss":0.0,"gold_gain":0.0,"event_name":"The Library","player_choice":"Read","floor":21.0,"gold_loss":0.0,"damage_taken":0.0,"cards_obtained":["Escape Plan"]},{"cards_removed":["Defend_G"],"damage_healed":0.0,"max_hp_gain":0.0,"max_hp_loss":0.0,"gold_gain":0.0,"event_name":"Back to Basics","player_choice":"Elegance","floor":22.0,"gold_loss":0.0,"damage_taken":0.0},{"damage_healed":0.0,"max_hp_gain":0.0,"max_hp_loss":0.0,"gold_gain":0.0,"event_name":"Tomb of Lord Red Mask","player_choice":"Ignored","floor":36.0,"gold_loss":0.0,"damage_taken":0.0},{"damage_healed":0.0,"max_hp_gain":0.0,"max_hp_loss":0.0,"gold_gain":0.0,"event_name":"MindBloom","player_choice":"Fight","floor":48.0,"gold_loss":0.0,"damage_taken":0.0}],"is_beta":false,"boss_relics":[{"not_picked":["Velvet Choker","Runic Pyramid"],"picked":"Sozu"},{"not_picked":["Busted Crown","Philosopher\u0027s Stone"],"picked":"Coffee Dripper"}],"items_purged_floors":[],"is_endless":false,"potions_floor_spawned":[1,7,18,24,28,29,41,45,48,54],"killed_by":"The Heart","ascension_level":0}