{"gold_per_floor":[109,125,300,300,317,352,365,365,365,365,365,379,406,425,425,524,524,536,143,155,40,40,73,73,89,116,116,145,158,6,17,17,116,116,136,154,154,2,19,19,50,50,50,70,105,118,118,170,170,170,170,170,10,10],"floor_reached":54,"playtime":5584,"items_purged":["Strike_R"],"score":894,"play_id":"4e383267-a2ec-4e14-9777-8a2df9e84935","local_time":"20190609185001","is_ascension_mode":true,"campfire_choices":[{"floor":10.0,"key":"REST"},{"floor":15.0,"key":"REST"},{"data":"Double Tap","floor":24.0,"key":"SMITH"},{"floor":32.0,"key":"REST"},{"data":"Barricade","floor":40.0,"key":"SMITH"},{"data":"Dark Embrace","floor":42.0,"key":"SMITH"},{"floor":49.0,"key":"RECALL"},{"data":"Offering","floor":52.0,"key":"SMITH"}],"neow_cost":"CURSE","seed_source_timestamp":0,"circlet_count":0,"master_deck":["Strike_R","Defend_R","Defend_R","Defend_R","Defend_R","Bash","Rampage","Pommel Strike","Metallicize","Metallicize","Reaper","Power Through","Offering","Offering","Dark Embrace+1","Headbutt","Thunderclap","Pummel","Double Tap+1","Rupture","Whirlwind","Body Slam","Ghostly Armor","Seeing Red","Flex+1","Demon Form","Barricade+1","Whirlwind+1","Flex+1","Offering+1","Fiend Fire","Metallicize+1","Madness","Madness","Double Tap","Rupture","Flame Barrier"],"special_seed":0,"relics":["Burning Blood","Bird Faced Urn","Matryoshka","Shuriken","Anchor","Gremlin Horn","Potion Belt","Centennial Puzzle","Sozu","Thread and Needle","Singing Bowl","Question Card","Oddly Smooth Stone","Ice Cream","Red Skull","Empty Cage","Dream Catcher","Smiling Mask","Torii"],"potions_floor_usage":[],"damage_taken":[{"damage":14.0,"enemies":"Cultist","floor":1.0,"turns":4.0},{"damage":5.0,"enemies":"2 Louse","floor":2.0,"turns":3.0},{"damage":2.0,"enemies":"Small Slimes","floor":5.0,"turns":3.0},{"damage":52.0,"enemies":"Lagavulin","floor":6.0,"turns":9.0},{"damage":8.0,"enemies":"Red Slaver","floor":7.0,"turns":5.0},{"damage":10.0,"enemies":"2 Fungi Beasts","floor":12.0,"turns":4.0},{"damage":33.0,"enemies":"3 Sentries","floor":13.0,"turns":14.0},{"damage":6.0,"enemies":"Exordium Thugs","floor":14.0,"turns":3.0},{"damage":53.0,"enemies":"Hexaghost","floor":16.0,"turns":12.0},{"damage":36.0,"enemies":"Spheric Guardian","floor":18.0,"turns":8.0},{"damage":12.0,"enemies":"Chosen","floor":20.0,"turns":4.0},{"damage":48.0,"enemies":"Book of Stabbing","floor":23.0,"turns":5.0},{"damage":26.0,"enemies":"Centurion and Healer","floor":25.0,"turns":4.0},{"damage":42.0,"enemies":"Gremlin Leader","floor":28.0,"turns":5.0},{"damage":29.0,"enemies":"Chosen and Byrds","floor":29.0,"turns":5.0},{"damage":22.0,"enemies":"Snake Plant","floor":31.0,"turns":3.0},{"damage":31.0,"enemies":"Champ","floor":33.0,"turns":9.0},{"damage":48.0,"enemies":"Orb Walker","floor":35.0,"turns":6.0},{"damage":12.0,"enemies":"3 Darklings","floor":36.0,"turns":2.0},{"damage":0.0,"enemies":"Transient","floor":37.0,"turns":2.0},{"damage":12.0,"enemies":"Spire Growth","floor":39.0,"turns":2.0},{"damage":39.0,"enemies":"Giant Head","floor":41.0,"turns":6.0},{"damage":18.0,"enemies":"Maw","floor":44.0,"turns":6.0},{"damage":76.0,"enemies":"Nemesis","floor":45.0,"turns":7.0},{"damage":12.0,"enemies":"3 Darklings","floor":46.0,"turns":1.0},{"damage":21.0,"enemies":"2 Orb Walkers","floor":48.0,"turns":3.0},{"damage":91.0,"enemies":"Time Eater","floor":50.0,"turns":9.0},{"damage":111,"enemies":"Shield and Spear","floor":54,"turns":5}],"seed_played":"-1498162454231314477","potions_obtained":[{"floor":2.0,"key":"Strength Potion"},{"floor":5.0,"key":"EssenceOfSteel"},{"floor":7.0,"key":"SpeedPotion"},{"floor":12.0,"key":"SmokeBomb"},{"floor":16.0,"key":"Block Potion"}],"is_trial":false,"path_per_floor":["M","M","?","?","M","E","M","?","T","R","?","M","E","M","R","B",null,"M","$","M","$","?","E","R","M","T","?","E","M","$","M","R","B",null,"M","M","M","$","M","R","E","R","T","M","E","M","?","?","R","B",null,"R","$","E"],"character_chosen":"IRONCLAD","items_purchased":["Thread and Needle","Thunderclap","Pummel","Rupture","Whirlwind","Red Skull","Offering","Rupture","Flame Barrier"],"campfire_rested":3,"item_purchase_floors":[19,19,19,21,21,30,38,53,53],"current_hp_per_floor":[72,73,73,55,59,15,17,17,17,41,41,49,38,47,71,32,80,63,63,68,68,68,42,42,56,56,56,36,30,30,22,46,70,80,54,54,79,79,79,79,58,58,58,84,44,86,75,86,86,30,86,86,86,0],"gold":10,"neow_bonus":"ONE_RARE_RELIC","is_prod":false,"is_daily":false,"chose_seed":false,"campfire_upgraded":4,"win_rate":0,"timestamp":1560131401,"path_taken":["M","M","?","?","M","E","M","?","T","R","?","M","E","?","R","BOSS","M","$","M","$","?","E","R","?","T","?","E","?","?","M","R","BOSS","M","?","M","$","M","R","E","R","T","M","E","M","?","?","R","BOSS","R","$","E"],"build_version":"2019-01-23","purchased_purges":1,"victory":false,"max_hp_per_floor":[80,80,80,80,80,80,80,80,80,80,80,80,80,80,80,80,80,80,80,80,80,80,80,80,80,80,80,80,80,80,80,80,80,80,80,80,80,80,82,82,82,82,82,84,84,86,86,86,86,86,86,86,86,86],"card_choices":[{"not_picked":["Armaments","Wild Strike"],"picked":"Rampage","floor":1.0},{"not_picked":["Twin Strike","Sword Boomerang"],"picked":"Pommel Strike","floor":2.0},{"not_picked":["Havoc","Pommel Strike"],"picked":"Metallicize","floor":5.0},{"not_picked":["Twin Strike","Warcry"],"picked":"Metallicize","floor":6.0},{"not_picked":["Thunderclap","Feel No Pain"],"picked":"Reaper","floor":7.0},{"not_picked":["Clash","Pommel Strike"],"picked":"Power Through","floor":12.0},{"not_picked":["Pommel Strike","Infernal Blade"],"picked":"Offering","floor":13.0},{"not_picked":["Wild Strike","Armaments"],"picked":"Offering","floor":14.0},{"not_picked":["Immolate","Offering"],"picked":"Dark Embrace","floor":16.0},{"not_picked":["Warcry","Anger"],"picked":"Headbutt","floor":18.0},{"not_picked":["Sever Soul","Twin Strike"],"picked":"Double Tap","floor":20.0},{"not_picked":["Shockwave+1","Sentinel"],"picked":"Body Slam","floor":23.0},{"not_picked":["Heavy Blade+1","Inflame"],"picked":"Ghostly Armor","floor":25.0},{"not_picked":["Pommel Strike","Armaments","Reckless Charge"],"picked":"Seeing Red","floor":28.0},{"not_picked":["Warcry+1","Perfected Strike","Heavy Blade+1"],"picked":"Flex+1","floor":29.0},{"not_picked":["Ghostly Armor+1","Heavy Blade","Anger"],"picked":"Demon Form","floor":31.0},{"not_picked":["Exhume","Juggernaut","Dark Embrace"],"picked":"Barricade","floor":33.0},{"not_picked":["Twin Strike+1","Burning Pact+1","Perfected Strike+1"],"picked":"Whirlwind+1","floor":35.0},{"not_picked":["Headbutt","Carnage+1","Iron Wave"],"picked":"Flex+1","floor":36.0},{"not_picked":["Twin Strike+1","Dropkick+1","Disarm","Iron Wave+1"],"picked":"Singing Bowl","floor":39.0},{"not_picked":["Flex","Sword Boomerang+1","Hemokinesis+1"],"picked":"Fiend Fire","floor":41.0},{"not_picked":["Flex+1","Shrug It Off","Reckless Charge+1","Thunderclap+1"],"picked":"Singing Bowl","floor":44.0},{"not_picked":["Bloodletting","Impervious","Wild Strike+1"],"picked":"Metallicize+1","floor":45.0},{"not_picked":["Heavy Blade","Warcry","Perfected Strike","Blood for Blood"],"picked":"Singing Bowl","floor":46.0},{"not_picked":["Pummel","Pommel Strike+1","Uppercut"],"picked":"Double Tap","floor":48.0}],"player_experience":523449,"relics_obtained":[{"floor":6.0,"key":"Shuriken"},{"floor":9.0,"key":"Anchor"},{"floor":9.0,"key":"Gremlin Horn"},{"floor":13.0,"key":"Centennial Puzzle"},{"floor":23.0,"key":"Singing Bowl"},{"floor":26.0,"key":"Question Card"},{"floor":26.0,"key":"Oddly Smooth Stone"},{"floor":28.0,"key":"Ice Cream"},{"floor":41.0,"key":"Dream Catcher"},{"floor":45.0,"key":"Smiling Mask"},{"floor":48.0,"key":"Torii"}],"event_choices":[{"damage_healed":0.0,"max_hp_gain":0.0,"max_hp_loss":0.0,"gold_gain":175.0,"event_name":"Liars Game","player_choice":"AGREE","floor":3.0,"gold_loss":0.0,"damage_taken":0.0,"cards_obtained":["Doubt"]},{"damage_healed":0.0,"max_hp_gain":0.0,"max_hp_loss":0.0,"gold_gain":0.0,"event_name":"Scrap Ooze","player_choice":"Success","floor":4.0,"gold_loss":0.0,"damage_taken":18.0,"relics_obtained":["Matryoshka"]},{"cards_removed":["Pain"],"damage_healed":0.0,"max_hp_gain":0.0,"max_hp_loss":0.0,"gold_gain":0.0,"event_name":"Living Wall","player_choice":"Forget","floor":8.0,"gold_loss":0.0,"damage_taken":0.0},{"damage_healed":0.0,"max_hp_gain":0.0,"max_hp_loss":0.0,"gold_gain":0.0,"event_name":"WeMeetAgain","player_choice":"Gave Potion","floor":11.0,"gold_loss":0.0,"damage_taken":0.0,"relics_obtained":["Potion Belt"]},{"cards_removed":["Doubt"],"damage_healed":0.0,"max_hp_gain":0.0,"max_hp_loss":0.0,"gold_gain":0.0,"event_name":"Purifier","player_choice":"Purged","floor":22.0,"gold_loss":0.0,"damage_taken":0.0},{"cards_removed":["Strike_R"],"damage_healed":0.0,"max_hp_gain":0.0,"max_hp_loss":0.0,"gold_gain":0.0,"event_name":"Bonfire Elementals","player_choice":"Offered Basic","floor":27.0,"gold_loss":0.0,"damage_taken":0.0},{"damage_healed":0.0,"max_hp_gain":0.0,"max_hp_loss":0.0,"gold_gain":0.0,"event_name":"Winding Halls","player_choice":"Embrace Madness","floor":47.0,"gold_loss":0.0,"damage_taken":11.0,"cards_obtained":["Madness","Madness"]},{"damage_healed":0.0,"max_hp_gain":0.0,"max_hp_loss":0.0,"gold_gain":0.0,"event_name":"Mysterious Sphere","player_choice":"Fight","floor":48.0,"gold_loss":0.0,"damage_taken":0.0}],"is_beta":false,"boss_relics":[{"not_picked":["Snecko Eye","Mark of Pain"],"picked":"Sozu"},{"not_picked":["Calling Bell","White Beast Statue"],"picked":"Empty Cage"}],"items_purged_floors":[53],"is_endless":false,"potions_floor_spawned":[2,5,7,12,16,20,25,31,36,37,46,48],"killed_by":"Shield and Spear","ascension_level":4}