{"gold_per_floor":[119,194,194,207,0,0,26,42,90,119,119,133,151,181,181,277,277,288,110,110,125,145,145],"floor_reached":23,"playtime":1328,"items_purged":[],"score":327,"play_id":"f872c0b5-a5e0-471c-bc54-5b408e644744","local_time":"20190818115203","is_ascension_mode":true,"campfire_choices":[{"data":"Apotheosis","floor":6,"key":"SMITH"},{"floor":11,"key":"REST"},{"floor":15,"key":"REST"}],"neow_cost":"NONE","seed_source_timestamp":900487205992,"circlet_count":0,"master_deck":["AscendersBane","Strike_B","Strike_B","Strike_B","Strike_B","Defend_B","Defend_B","Defend_B+1","Defend_B","Zap","Dualcast+1","Beam Cell","Apotheosis+1","White Noise","Genetic Algorithm","Steam","Sunder","Self Repair","Turbo","Gash","Conserve Battery","Electrodynamics","Biased Cognition","Hologram","Secret Technique","Auto Shields","Beam Cell"],"relics":["Inserter","Happy Flower","Dodecahedron","Dream Catcher","Unceasing Top","War Paint","Black Star"],"potions_floor_usage":[7,12,16,21],"damage_taken":[{"damage":2,"enemies":"2 Louse","floor":1,"turns":2},{"damage":3,"enemies":"Jaw Worm","floor":4,"turns":4},{"damage":15,"enemies":"3 Sentries","floor":7,"turns":5},{"damage":0,"enemies":"Cultist","floor":8,"turns":4},{"damage":15,"enemies":"Lagavulin","floor":10,"turns":8},{"damage":0,"enemies":"Large Slime","floor":12,"turns":4},{"damage":8,"enemies":"3 Louse","floor":13,"turns":4},{"damage":12,"enemies":"3 Sentries","floor":14,"turns":4},{"damage":20,"enemies":"Slime Boss","floor":16,"turns":6},{"damage":25,"enemies":"2 Thieves","floor":18,"turns":5},{"damage":17,"enemies":"Chosen","floor":21,"turns":5},{"damage":22,"enemies":"3 Cultists","floor":22,"turns":4},{"damage":25,"enemies":"Slavers","floor":23,"turns":4}],"seed_played":"7422715271582185752","potions_obtained":[{"floor":4,"key":"AttackPotion"},{"floor":7,"key":"Explosive Potion"},{"floor":10,"key":"FocusPotion"},{"floor":12,"key":"EntropicBrew"},{"floor":14,"key":"FocusPotion"},{"floor":16,"key":"Strength Potion"},{"floor":21,"key":"FearPotion"},{"floor":22,"key":"SpeedPotion"}],"is_trial":false,"path_per_floor":["M","?","?","M","$","R","E","M","T","E","R","M","M","E","R","B",null,"M","$","?","M","M","E"],"character_chosen":"DEFECT","items_purchased":["Apotheosis","White Noise","Secret Technique"],"campfire_rested":2,"item_purchase_floors":[5,5,19],"current_hp_per_floor":[66,55,55,52,52,52,37,37,37,22,44,51,50,48,70,60,71,53,53,39,32,20,0],"gold":145,"neow_bonus":"BOSS_RELIC","is_prod":false,"is_daily":false,"chose_seed":false,"campfire_upgraded":1,"win_rate":0,"timestamp":1566143523,"path_taken":["M","?","?","M","$","R","E","M","T","E","R","M","M","E","R","BOSS","M","?","?","M","M","E"],"build_version":"2019-07-17","purchased_purges":0,"victory":false,"max_hp_per_floor":[75,75,75,75,75,75,75,75,75,75,75,75,75,75,75,75,75,75,75,80,80,80,80],"card_choices":[{"not_picked":["Turbo","Sweeping Beam"],"picked":"Conserve Battery","floor":1},{"not_picked":["Cold Snap","Lockon"],"picked":"Beam Cell","floor":4},{"not_picked":["Turbo","Sweeping Beam"],"picked":"Genetic Algorithm","floor":7},{"not_picked":["Loop","Tempest"],"picked":"Steam","floor":8},{"not_picked":["Thunder Strike","Coolheaded"],"picked":"Sunder","floor":10},{"not_picked":["Compile Driver","Recycle"],"picked":"Self Repair","floor":11},{"not_picked":["Streamline","Rebound"],"picked":"Turbo","floor":12},{"not_picked":["Compile Driver","Leap"],"picked":"Gash","floor":13},{"not_picked":["Storm","Leap"],"picked":"Conserve Battery","floor":14},{"not_picked":["Rebound","Go for the Eyes"],"picked":"Electrodynamics","floor":15},{"not_picked":["Hyperbeam","Thunder Strike"],"picked":"Biased Cognition","floor":16},{"not_picked":["Rip and Tear","Steam+1"],"picked":"Hologram","floor":18},{"not_picked":["Cold Snap","Conserve Battery"],"picked":"Auto Shields","floor":21},{"not_picked":["Cold Snap","Tempest"],"picked":"Beam Cell","floor":22}],"player_experience":1148518,"relics_obtained":[{"floor":7,"key":"Dodecahedron"},{"floor":9,"key":"Dream Catcher"},{"floor":10,"key":"Unceasing Top"},{"floor":14,"key":"War Paint"}],"event_choices":[{"damage_healed":0,"gold_gain":75,"player_choice":"Gather Gold","damage_taken":11,"max_hp_gain":0,"max_hp_loss":0,"event_name":"World of Goop","floor":2,"gold_loss":0},{"cards_removed":["Conserve Battery"],"damage_healed":0,"gold_gain":0,"player_choice":"Gave Card","damage_taken":0,"relics_obtained":["Happy Flower"],"max_hp_gain":0,"max_hp_loss":0,"event_name":"WeMeetAgain","floor":3,"gold_loss":0},{"damage_healed":0,"gold_gain":0,"player_choice":"Shed Blood","damage_taken":19,"max_hp_gain":5,"max_hp_loss":0,"event_name":"Forgotten Altar","floor":20,"gold_loss":0}],"is_beta":false,"boss_relics":[{"not_picked":["Pandora\u0027s Box","Runic Pyramid"],"picked":"Black Star"}],"items_purged_floors":[],"is_endless":false,"potions_floor_spawned":[4,7,10,12,14,16,21,22],"killed_by":"Slavers","ascension_level":11}