{"gold_per_floor":[117,292,13,13,23,48,48,123,123,123,158,158,169,169],"floor_reached":14,"playtime":1669,"items_purged":[],"score":135,"play_id":"804d457e-9322-4712-b64e-d171aa24b48e","local_time":"20190603085844","is_ascension_mode":true,"campfire_choices":[{"floor":10.0,"key":"REST"},{"floor":12.0,"key":"REST"}],"neow_cost":"NONE","seed_source_timestamp":0,"circlet_count":0,"master_deck":["Bash","Sword Boomerang","Dark Embrace","Reckless Charge","Searing Blow","Infernal Blade","Corruption","Feed","Rage","Dark Embrace","Thunderclap","Doubt","Feel No Pain","Exhume","Dropkick","Spot Weakness","Flame Barrier","Double Tap","Cleave"],"special_seed":0,"relics":["Pandora\u0027s Box","Bronze Scales","Pen Nib"],"potions_floor_usage":[14],"damage_taken":[{"damage":8.0,"enemies":"Small Slimes","floor":1.0,"turns":3.0},{"damage":8.0,"enemies":"Cultist","floor":5.0,"turns":4.0},{"damage":38.0,"enemies":"Gremlin Nob","floor":6.0,"turns":4.0},{"damage":39.0,"enemies":"Lagavulin","floor":11.0,"turns":6.0},{"damage":18.0,"enemies":"2 Louse","floor":13.0,"turns":3.0},{"damage":27,"enemies":"3 Sentries","floor":14,"turns":8}],"seed_played":"3826386888823279716","potions_obtained":[{"floor":4.0,"key":"AttackPotion"},{"floor":4.0,"key":"EssenceOfSteel"},{"floor":4.0,"key":"Dexterity Potion"},{"floor":6.0,"key":"SpeedPotion"}],"is_trial":false,"path_per_floor":["M","?","$","?","M","E","?","?","T","R","E","R","M","E"],"character_chosen":"IRONCLAD","items_purchased":["Feel No Pain","Exhume","Dropkick"],"campfire_rested":2,"item_purchase_floors":[3,3,3],"current_hp_per_floor":[75,75,75,75,70,32,32,21,21,46,10,36,24,0],"gold":169,"neow_bonus":"BOSS_RELIC","is_prod":false,"is_daily":false,"chose_seed":false,"campfire_upgraded":0,"win_rate":0,"timestamp":1559577524,"path_taken":["M","?","$","?","?","E","?","?","T","R","E","R","M","E"],"build_version":"2019-01-23","purchased_purges":0,"victory":false,"max_hp_per_floor":[83,83,83,83,86,86,86,86,86,86,89,89,95,98],"card_choices":[{"not_picked":["Cleave","Perfected Strike"],"picked":"Thunderclap","floor":1.0},{"not_picked":["Sword Boomerang","Headbutt"],"picked":"Spot Weakness","floor":5.0},{"not_picked":["Entrench","Iron Wave"],"picked":"Flame Barrier","floor":6.0},{"not_picked":["Armaments","Hemokinesis"],"picked":"Double Tap","floor":11.0},{"not_picked":["Fire Breathing","Wild Strike"],"picked":"Cleave","floor":13.0}],"player_experience":384442,"relics_obtained":[{"floor":6.0,"key":"Bronze Scales"},{"floor":11.0,"key":"Pen Nib"}],"event_choices":[{"damage_healed":0.0,"max_hp_gain":0.0,"max_hp_loss":0.0,"gold_gain":175.0,"event_name":"Liars Game","player_choice":"AGREE","floor":2.0,"gold_loss":0.0,"damage_taken":0.0,"cards_obtained":["Doubt"]},{"damage_healed":0.0,"max_hp_gain":0.0,"max_hp_loss":0.0,"gold_gain":0.0,"event_name":"Lab","player_choice":"Got Potions","floor":4.0,"gold_loss":0.0,"damage_taken":0.0},{"damage_healed":0.0,"max_hp_gain":0.0,"max_hp_loss":0.0,"gold_gain":0.0,"event_name":"Shining Light","player_choice":"Ignored","floor":7.0,"gold_loss":0.0,"damage_taken":0.0},{"damage_healed":0.0,"max_hp_gain":0.0,"max_hp_loss":0.0,"gold_gain":75.0,"event_name":"World of Goop","player_choice":"Gather Gold","floor":8.0,"gold_loss":0.0,"damage_taken":11.0}],"is_beta":false,"boss_relics":[],"items_purged_floors":[],"is_endless":false,"potions_floor_spawned":[6],"killed_by":"3 Sentries","ascension_level":3}