{"gold_per_floor":[114,133,15,15,29,29,64,31,31,31,41,72,72,92,92,92],"floor_reached":16,"playtime":1321,"items_purged":[],"score":143,"play_id":"6896d10f-5415-4e91-9fc0-c3746c19c6d4","local_time":"20190703204446","is_ascension_mode":true,"campfire_choices":[{"data":"Dualcast","floor":6.0,"key":"SMITH"},{"floor":13.0,"key":"REST"},{"floor":15.0,"key":"DIG"}],"neow_cost":"CURSE","seed_source_timestamp":0,"circlet_count":0,"master_deck":["Strike_B","Strike_B","Strike_B","Strike_B","Defend_B","Defend_B","Defend_B","Defend_B","Zap","Dualcast+1","Clumsy","Seek+1","Gash","Double Energy","Flash of Steel","Barrage","Glacier","Gash","Capacitor","Stack","Beam Cell"],"special_seed":0,"relics":["Cracked Core","Ginger","Bag of Marbles","Shovel","Vajra","Orichalcum"],"potions_floor_usage":[],"damage_taken":[{"damage":6.0,"enemies":"Jaw Worm","floor":1.0,"turns":4.0},{"damage":16.0,"enemies":"Small Slimes","floor":2.0,"turns":4.0},{"damage":4.0,"enemies":"2 Louse","floor":5.0,"turns":3.0},{"damage":24.0,"enemies":"3 Sentries","floor":7.0,"turns":8.0},{"damage":2.0,"enemies":"Blue Slaver","floor":11.0,"turns":4.0},{"damage":7.0,"enemies":"Lagavulin","floor":12.0,"turns":7.0},{"damage":15.0,"enemies":"Gremlin Gang","floor":14.0,"turns":3.0},{"damage":11,"enemies":"The Guardian","floor":16,"turns":4}],"seed_played":"-2616205698649080926","potions_obtained":[{"floor":5.0,"key":"SpeedPotion"},{"floor":12.0,"key":"SteroidPotion"},{"floor":14.0,"key":"Block Potion"}],"is_trial":false,"path_per_floor":["M","M","$","?","M","R","E","?","T","?","M","E","R","M","R","B"],"character_chosen":"DEFECT","items_purchased":["Flash of Steel","Barrage"],"campfire_rested":1,"item_purchase_floors":[3,3],"current_hp_per_floor":[62,46,46,39,35,35,11,11,11,11,9,2,24,9,9,0],"gold":92,"neow_bonus":"THREE_RARE_CARDS","is_prod":false,"is_daily":false,"chose_seed":false,"campfire_upgraded":1,"win_rate":0,"timestamp":1562201086,"path_taken":["M","M","$","?","M","R","E","?","T","?","M","E","R","M","R","BOSS"],"build_version":"2019-07-01","purchased_purges":0,"victory":false,"max_hp_per_floor":[75,75,75,75,75,75,75,75,75,75,75,75,75,75,75,75],"card_choices":[{"not_picked":["Buffer","Biased Cognition"],"picked":"Seek","floor":0.0},{"not_picked":["Ball Lightning","Leap"],"picked":"Gash","floor":1.0},{"not_picked":["Ball Lightning","Barrage"],"picked":"Double Energy","floor":2.0},{"not_picked":["Cold Snap","Loop"],"picked":"Glacier","floor":5.0},{"not_picked":["Stack","Aggregate"],"picked":"Gash","floor":7.0},{"not_picked":["Cold Snap","Consume"],"picked":"Capacitor","floor":11.0},{"not_picked":["Blizzard","Hyperbeam"],"picked":"Stack","floor":12.0},{"not_picked":["Undo","Compile Driver"],"picked":"Beam Cell","floor":14.0}],"player_experience":774109,"relics_obtained":[{"floor":7.0,"key":"Bag of Marbles"},{"floor":9.0,"key":"Shovel"},{"floor":12.0,"key":"Vajra"},{"floor":15.0,"key":"Orichalcum"}],"event_choices":[{"damage_healed":0.0,"max_hp_gain":0.0,"max_hp_loss":0.0,"gold_gain":0.0,"event_name":"Scrap Ooze","player_choice":"Success","floor":4.0,"gold_loss":0.0,"damage_taken":7.0,"relics_obtained":["Ginger"]},{"damage_healed":0.0,"max_hp_gain":0.0,"max_hp_loss":0.0,"gold_gain":0.0,"event_name":"World of Goop","player_choice":"Left Gold","floor":8.0,"gold_loss":33.0,"damage_taken":0.0},{"damage_healed":0.0,"max_hp_gain":0.0,"max_hp_loss":0.0,"gold_gain":0.0,"event_name":"Living Wall","player_choice":"Grow","floor":10.0,"gold_loss":0.0,"damage_taken":0.0,"cards_upgraded":["Seek"]}],"is_beta":false,"boss_relics":[],"items_purged_floors":[],"is_endless":false,"potions_floor_spawned":[5,12,14],"killed_by":"The Guardian","ascension_level":6}