{"gold_per_floor":[115,7,22,197,197,226,237,237,307,324,274,308,324,337,337,441,441,458,37,55,55,71,71,105,105,129,139,139,157,169,185,185,284,284,296,296,312,46,64,64,30,30,30,30,30],"floor_reached":45,"playtime":5759,"items_purged":["Barrage"],"score":521,"play_id":"661c0a2b-fccc-486a-be45-fc795235c705","local_time":"20190603042344","is_ascension_mode":true,"campfire_choices":[{"data":"Dualcast","floor":8.0,"key":"SMITH"},{"floor":15.0,"key":"REST"},{"data":"Hologram","floor":23.0,"key":"SMITH"},{"data":"Defragment","floor":25.0,"key":"SMITH"},{"floor":32.0,"key":"REST"},{"data":"Secret Weapon","floor":40.0,"key":"SMITH"},{"data":"Redo","floor":42.0,"key":"SMITH"},{"data":"Hologram","floor":44.0,"key":"SMITH"}],"neow_cost":"NONE","seed_source_timestamp":0,"circlet_count":0,"master_deck":["Zap","Dualcast+1","Genetic Algorithm+1","Defragment","Doom and Gloom","Defragment+1","Coolheaded","Auto Shields","Go for the Eyes","Biased Cognition","Redo+1","Echo Form","Stack","Glacier","Rainbow","Aggregate","Rebound","Loop","All For One","Conserve Battery","Hologram+1","White Noise","Hologram+1","Blizzard","Redo","Turbo","Buffer","Cold Snap","Blind","Reprogram","BootSequence","Amplify","Reboot","Turbo+1","Stack+1","Secret Weapon+1","Compile Driver","Melter","Injury"],"special_seed":0,"relics":["Cracked Core","NeowsBlessing","Orichalcum","Bottled Flame","Pandora\u0027s Box","Letter Opener","Kunai","Art of War","Cursed Key","GremlinMask","Pen Nib"],"potions_floor_usage":[45],"damage_taken":[{"damage":0.0,"enemies":"Cultist","floor":1.0,"turns":1.0},{"damage":0.0,"enemies":"2 Louse","floor":3.0,"turns":1.0},{"damage":0.0,"enemies":"3 Sentries","floor":6.0,"turns":1.0},{"damage":9.0,"enemies":"Small Slimes","floor":7.0,"turns":2.0},{"damage":24.0,"enemies":"Exordium Wildlife","floor":10.0,"turns":8.0},{"damage":17.0,"enemies":"Lagavulin","floor":12.0,"turns":7.0},{"damage":1.0,"enemies":"Blue Slaver","floor":13.0,"turns":3.0},{"damage":0.0,"enemies":"Red Slaver","floor":14.0,"turns":4.0},{"damage":22.0,"enemies":"Slime Boss","floor":16.0,"turns":12.0},{"damage":19.0,"enemies":"3 Byrds","floor":18.0,"turns":4.0},{"damage":0.0,"enemies":"Chosen","floor":20.0,"turns":3.0},{"damage":0.0,"enemies":"Snecko","floor":22.0,"turns":4.0},{"damage":9.0,"enemies":"Book of Stabbing","floor":24.0,"turns":7.0},{"damage":7.0,"enemies":"Snake Plant","floor":27.0,"turns":4.0},{"damage":0.0,"enemies":"Cultist and Chosen","floor":29.0,"turns":12.0},{"damage":31.0,"enemies":"3 Cultists","floor":30.0,"turns":7.0},{"damage":0.0,"enemies":"Chosen and Byrds","floor":31.0,"turns":5.0},{"damage":19.0,"enemies":"Automaton","floor":33.0,"turns":10.0},{"damage":0.0,"enemies":"3 Shapes","floor":35.0,"turns":5.0},{"damage":0.0,"enemies":"Orb Walker","floor":37.0,"turns":4.0},{"damage":13.0,"enemies":"Transient","floor":39.0,"turns":5.0},{"damage":72,"enemies":"2 Orb Walkers","floor":45,"turns":4}],"seed_played":"-3802428740757145456","potions_obtained":[{"floor":3.0,"key":"PowerPotion"},{"floor":6.0,"key":"Dexterity Potion"},{"floor":12.0,"key":"Dexterity Potion"},{"floor":13.0,"key":"GamblersBrew"},{"floor":20.0,"key":"SkillPotion"},{"floor":22.0,"key":"SkillPotion"},{"floor":31.0,"key":"FocusPotion"},{"floor":39.0,"key":"Weak Potion"}],"is_trial":false,"path_per_floor":["M","$","M","?","?","E","M","R","T","M","?","E","M","M","R","B",null,"M","$","M","?","M","R","E","R","T","M","?","M","M","M","R","B",null,"M","?","M","$","M","R","$","R","T","R","?"],"character_chosen":"DEFECT","items_purchased":["Defragment","Doom and Gloom","Letter Opener","White Noise","Hologram","Blizzard","Secret Weapon","Melter"],"campfire_rested":2,"item_purchase_floors":[2,2,19,19,19,19,38,41],"current_hp_per_floor":[75,75,75,75,75,75,66,66,66,42,42,25,24,24,46,24,75,56,56,56,56,56,56,47,47,47,40,40,40,9,9,31,12,75,75,75,75,75,62,62,62,62,62,62,0],"gold":30,"neow_bonus":"THREE_ENEMY_KILL","is_prod":false,"is_daily":false,"chose_seed":false,"campfire_upgraded":6,"win_rate":0,"timestamp":1559561024,"path_taken":["M","$","M","?","?","E","M","R","T","M","?","E","M","?","R","BOSS","M","$","M","?","M","R","E","R","T","M","?","M","M","?","R","BOSS","M","?","M","?","M","R","$","R","T","R","?"],"build_version":"2019-01-23","purchased_purges":1,"victory":false,"max_hp_per_floor":[75,75,75,75,75,75,75,75,75,75,75,75,75,75,75,75,75,75,75,75,75,75,75,75,75,75,75,75,75,75,75,75,75,75,75,75,75,75,75,75,75,75,75,75,75],"card_choices":[{"not_picked":["Ball Lightning","Barrage"],"picked":"Genetic Algorithm","floor":1.0},{"not_picked":["Rip and Tear","Sunder"],"picked":"Defragment","floor":3.0},{"not_picked":["White Noise","Go for the Eyes"],"picked":"Coolheaded","floor":6.0},{"not_picked":["Defragment","Fusion"],"picked":"Auto Shields","floor":7.0},{"not_picked":["Steam","Scrape"],"picked":"Go for the Eyes","floor":10.0},{"not_picked":["Fusion","Blizzard"],"picked":"Biased Cognition","floor":12.0},{"not_picked":["Gash","Ball Lightning"],"picked":"Barrage","floor":13.0},{"not_picked":["Rebound","Conserve Battery"],"picked":"Redo","floor":14.0},{"not_picked":["Creative AI","Machine Learning"],"picked":"Echo Form","floor":16.0},{"not_picked":["Gash","Turbo"],"picked":"Hologram","floor":18.0},{"not_picked":["Consume","Hologram+1"],"picked":"Redo","floor":20.0},{"not_picked":["Gash","Glacier"],"picked":"Turbo","floor":22.0},{"not_picked":["Tempest","Double Energy"],"picked":"Buffer","floor":24.0},{"not_picked":["Barrage","Beam Cell"],"picked":"Cold Snap","floor":27.0},{"not_picked":["Rebound+1","Aggregate"],"picked":"Reprogram","floor":29.0},{"not_picked":["Glacier","Steam"],"picked":"BootSequence","floor":30.0},{"not_picked":["Go for the Eyes","Streamline"],"picked":"Amplify","floor":31.0},{"not_picked":["Hyperbeam","Buffer"],"picked":"Reboot","floor":33.0},{"not_picked":["Go for the Eyes+1","Fusion+1"],"picked":"Turbo+1","floor":35.0},{"not_picked":["Fusion","Go for the Eyes"],"picked":"Stack+1","floor":37.0},{"not_picked":["Auto Shields+1","Blizzard"],"picked":"Compile Driver","floor":39.0}],"player_experience":365725,"relics_obtained":[{"floor":6.0,"key":"Orichalcum"},{"floor":12.0,"key":"Bottled Flame"},{"floor":24.0,"key":"Kunai"},{"floor":26.0,"key":"Art of War"},{"floor":43.0,"key":"Pen Nib"}],"event_choices":[{"damage_healed":0.0,"max_hp_gain":0.0,"max_hp_loss":0.0,"gold_gain":175.0,"event_name":"Liars Game","player_choice":"AGREE","floor":4.0,"gold_loss":0.0,"damage_taken":0.0,"cards_obtained":["Doubt"]},{"damage_healed":0.0,"max_hp_gain":0.0,"max_hp_loss":0.0,"gold_gain":0.0,"event_name":"Living Wall","player_choice":"Grow","floor":5.0,"gold_loss":0.0,"damage_taken":0.0,"cards_upgraded":["Genetic Algorithm"]},{"cards_removed":["Doubt"],"damage_healed":0.0,"max_hp_gain":0.0,"max_hp_loss":0.0,"gold_gain":0.0,"event_name":"The Cleric","player_choice":"Card Removal","floor":11.0,"gold_loss":50.0,"damage_taken":0.0},{"damage_healed":0.0,"max_hp_gain":0.0,"max_hp_loss":0.0,"gold_gain":0.0,"event_name":"Beggar","player_choice":"Ignored","floor":21.0,"gold_loss":0.0,"damage_taken":0.0},{"damage_healed":0.0,"max_hp_gain":0.0,"max_hp_loss":0.0,"gold_gain":0.0,"event_name":"Match and Keep!","player_choice":"1 cards matched","floor":28.0,"gold_loss":0.0,"damage_taken":0.0,"cards_obtained":["Blind"]},{"damage_healed":0.0,"max_hp_gain":0.0,"max_hp_loss":0.0,"gold_gain":0.0,"event_name":"FaceTrader","player_choice":"Trade","floor":36.0,"gold_loss":0.0,"damage_taken":0.0,"relics_obtained":["GremlinMask"]},{"damage_healed":0,"gold_gain":0,"player_choice":"Fight","damage_taken":0,"max_hp_gain":0,"max_hp_loss":0,"event_name":"Mysterious Sphere","floor":45,"gold_loss":0}],"is_beta":false,"boss_relics":[{"not_picked":["Sozu","Astrolabe"],"picked":"Pandora\u0027s Box"},{"not_picked":["Orrery","Velvet Choker"],"picked":"Cursed Key"}],"items_purged_floors":[38],"is_endless":false,"potions_floor_spawned":[3,6,12,13,20,22,31,39],"killed_by":"2 Orb Walkers","ascension_level":1}