{"gold_per_floor":[115,128,128,148,118,157,172,213,264,299,299,318,334,334,334,453,453,478,494,10,10,10,50,13,13,38,76,76,12,27,61,61,191,191,215,215,236,236],"floor_reached":38,"playtime":9787,"items_purged":["Strike_B"],"score":693,"play_id":"fb03f35a-954b-4f09-abf6-238a491f7fdc","local_time":"20190718205913","is_ascension_mode":true,"campfire_choices":[{"floor":11.0,"key":"REST"},{"floor":15.0,"key":"REST"},{"floor":28.0,"key":"REST"},{"floor":32.0,"key":"REST"}],"neow_cost":"NONE","seed_source_timestamp":0,"circlet_count":0,"master_deck":["Strike_B","Strike_B+1","Strike_B","Defend_B","Defend_B","Zap","Dualcast","Turbo","Sunder+1","Auto Shields","Coolheaded","Streamline","Conserve Battery","Rebound","Buffer","Skim","Echo Form","Defragment+1","Biased Cognition","Enlightenment","Hologram","Recycle","Melter","Hologram","Defragment","Beam Cell","Turbo","Sunder","Chill","Capacitor","Fission","Sunder+1","Madness","Madness","Undo+1"],"special_seed":0,"relics":["FrozenCore","NeowsBlessing","Golden Idol","Darkstone Periapt","Bottled Lightning","Whetstone","Oddly Smooth Stone","Membership Card","Tiny Chest","Kunai","Enchiridion","Dodecahedron","DataDisk","Regal Pillow","PreservedInsect","Philosopher\u0027s Stone"],"potions_floor_usage":[],"damage_taken":[{"damage":0.0,"enemies":"Cultist","floor":1.0,"turns":1.0},{"damage":0.0,"enemies":"Small Slimes","floor":2.0,"turns":1.0},{"damage":0.0,"enemies":"2 Louse","floor":4.0,"turns":1.0},{"damage":21.0,"enemies":"Lagavulin","floor":6.0,"turns":6.0},{"damage":0.0,"enemies":"2 Fungi Beasts","floor":7.0,"turns":4.0},{"damage":37.0,"enemies":"3 Sentries","floor":8.0,"turns":9.0},{"damage":0.0,"enemies":"Gremlin Nob","floor":10.0,"turns":3.0},{"damage":7.0,"enemies":"Exordium Wildlife","floor":12.0,"turns":4.0},{"damage":1.0,"enemies":"Looter","floor":13.0,"turns":2.0},{"damage":12.0,"enemies":"Slime Boss","floor":16.0,"turns":13.0},{"damage":18.0,"enemies":"2 Thieves","floor":18.0,"turns":5.0},{"damage":0.0,"enemies":"Spheric Guardian","floor":19.0,"turns":5.0},{"damage":16.0,"enemies":"Book of Stabbing","floor":23.0,"turns":6.0},{"damage":11.0,"enemies":"Slavers","floor":27.0,"turns":6.0},{"damage":5.0,"enemies":"Centurion and Healer","floor":30.0,"turns":7.0},{"damage":18.0,"enemies":"Gremlin Leader","floor":31.0,"turns":9.0},{"damage":25.0,"enemies":"Collector","floor":33.0,"turns":13.0},{"damage":0.0,"enemies":"3 Shapes","floor":35.0,"turns":4.0},{"damage":41.0,"enemies":"3 Darklings","floor":37.0,"turns":6.0},{"damage":34,"enemies":"Spire Growth","floor":38,"turns":5}],"seed_played":"-8572742729414171860","potions_obtained":[{"floor":1.0,"key":"AttackPotion"},{"floor":2.0,"key":"SmokeBomb"},{"floor":5.0,"key":"SteroidPotion"},{"floor":5.0,"key":"Regen Potion"},{"floor":6.0,"key":"Fire Potion"},{"floor":10.0,"key":"Swift Potion"},{"floor":19.0,"key":"SkillPotion"},{"floor":23.0,"key":"FearPotion"},{"floor":33.0,"key":"Explosive Potion"}],"is_trial":false,"path_per_floor":["M","M","?","M","?","E","M","E","T","E","R","M","M","?","R","B",null,"M","M","$","?","?","E","$","T","T","E","R","$","M","E","R","B",null,"M","?","M","M"],"character_chosen":"DEFECT","items_purchased":["Membership Card","Tiny Chest","Kunai","Enlightenment","Hologram","Defragment","Turbo","Sunder"],"campfire_rested":4,"item_purchase_floors":[20,20,20,20,20,24,29,29],"current_hp_per_floor":[68,68,50,50,50,29,29,7,7,7,29,22,21,26,50,38,70,52,52,52,36,36,20,20,20,20,9,48,48,43,25,64,39,70,70,60,19,0],"gold":236,"neow_bonus":"THREE_ENEMY_KILL","is_prod":false,"is_daily":false,"chose_seed":false,"campfire_upgraded":0,"win_rate":0,"timestamp":1563497953,"path_taken":["M","?","?","M","?","E","M","E","T","E","R","?","M","?","R","BOSS","M","M","$","?","?","E","?","?","T","E","R","$","M","E","R","BOSS","M","?","M","M"],"build_version":"2019-07-17","purchased_purges":1,"victory":false,"max_hp_per_floor":[75,75,75,75,75,75,75,75,75,75,75,75,75,80,80,80,80,80,80,80,80,80,80,80,80,80,80,80,80,80,80,80,80,80,80,80,80,80],"card_choices":[{"not_picked":["White Noise","Melter"],"picked":"Turbo","floor":1.0},{"not_picked":["Reinforced Body","Stack"],"picked":"Sunder","floor":2.0},{"not_picked":["Cold Snap","Conserve Battery"],"picked":"Auto Shields","floor":4.0},{"not_picked":["Aggregate","Blizzard"],"picked":"Coolheaded","floor":6.0},{"not_picked":["Barrage","Stack"],"picked":"Streamline","floor":7.0},{"not_picked":["Leap","Double Energy"],"picked":"Conserve Battery","floor":8.0},{"not_picked":["Storm","Streamline"],"picked":"Rebound","floor":10.0},{"not_picked":["Lockon","Conserve Battery"],"picked":"Buffer","floor":12.0},{"not_picked":["Barrage","Steam"],"picked":"Skim","floor":13.0},{"not_picked":["Meteor Strike","Seek"],"picked":"Echo Form","floor":16.0},{"not_picked":["Streamline","Sweeping Beam+1"],"picked":"Defragment+1","floor":18.0},{"not_picked":["Turbo","Sweeping Beam+1"],"picked":"Biased Cognition","floor":19.0},{"not_picked":["Streamline+1","Redo"],"picked":"Hologram","floor":23.0},{"not_picked":["Force Field+1","Lockon+1"],"picked":"Beam Cell","floor":27.0},{"not_picked":["Chaos","Go for the Eyes"],"picked":"Chill","floor":30.0},{"not_picked":["Core Surge","Streamline"],"picked":"Capacitor","floor":31.0},{"not_picked":["Thunder Strike","Machine Learning"],"picked":"Fission","floor":33.0},{"not_picked":["Stack+1","Redo"],"picked":"Sunder+1","floor":35.0},{"not_picked":["Aggregate","Steam"],"picked":"Undo+1","floor":37}],"player_experience":992878,"relics_obtained":[{"floor":6.0,"key":"Darkstone Periapt"},{"floor":8.0,"key":"Bottled Lightning"},{"floor":9.0,"key":"Whetstone"},{"floor":10.0,"key":"Oddly Smooth Stone"},{"floor":21.0,"key":"Enchiridion"},{"floor":23.0,"key":"Dodecahedron"},{"floor":25.0,"key":"DataDisk"},{"floor":27.0,"key":"Regal Pillow"},{"floor":31.0,"key":"PreservedInsect"}],"event_choices":[{"damage_healed":0.0,"max_hp_gain":0.0,"max_hp_loss":0.0,"gold_gain":0.0,"event_name":"Golden Idol","player_choice":"Take Damage","floor":3.0,"gold_loss":0.0,"damage_taken":18.0,"relics_obtained":["Golden Idol"]},{"damage_healed":0.0,"max_hp_gain":0.0,"max_hp_loss":0.0,"gold_gain":0.0,"event_name":"The Woman in Blue","player_choice":"Bought 2 Potions","floor":5.0,"gold_loss":0.0,"damage_taken":0.0},{"damage_healed":0.0,"max_hp_gain":5.0,"max_hp_loss":0.0,"gold_gain":0.0,"event_name":"Big Fish","player_choice":"Donut","floor":14.0,"gold_loss":0.0,"damage_taken":0.0},{"damage_healed":0.0,"max_hp_gain":0.0,"max_hp_loss":0.0,"gold_gain":0.0,"event_name":"Cursed Tome","player_choice":"Obtained Book","floor":21.0,"gold_loss":0.0,"damage_taken":16.0},{"damage_healed":0.0,"max_hp_gain":0.0,"max_hp_loss":0.0,"gold_gain":0.0,"cards_transformed":["Defend_B","Defend_B"],"event_name":"Drug Dealer","player_choice":"Became Test Subject","floor":22.0,"gold_loss":0.0,"damage_taken":0.0,"cards_obtained":["Recycle","Melter"]},{"damage_healed":0.0,"max_hp_gain":0.0,"max_hp_loss":0.0,"gold_gain":0.0,"event_name":"Winding Halls","player_choice":"Embrace Madness","floor":36.0,"gold_loss":0.0,"damage_taken":10.0,"cards_obtained":["Madness","Madness"]}],"is_beta":false,"boss_relics":[{"not_picked":["Calling Bell","Runic Dome"],"picked":"FrozenCore"},{"not_picked":["Pandora\u0027s Box","Lizard Tail"],"picked":"Philosopher\u0027s Stone"}],"items_purged_floors":[20],"is_endless":false,"potions_floor_spawned":[1,2,6,10,19,23,33],"killed_by":"Spire Growth","ascension_level":8}