{"gold_per_floor":[118,118,118,136,61,88,88,103,130,130,148,148,68,80,80,176,176,191,191,167,167,201,201,201,214,214,214,214,243,255,283,283,388,388,408,508,557,213,15,15,40,69,69,6,48,86,86,86,86,86,86,86,11,71,71],"floor_reached":55,"playtime":11555,"items_purged":["Shame","Writhe","Normality","Shame"],"score":752,"play_id":"612d7df1-37f6-486c-8c79-d6d85c27f7c5","local_time":"20190629001155","is_ascension_mode":false,"campfire_choices":[{"floor":7.0,"key":"REST"},{"data":"Footwork","floor":10.0,"key":"SMITH"},{"data":"Well Laid Plans","floor":12.0,"key":"SMITH"},{"floor":15.0,"key":"REST"},{"data":"Bullet Time","floor":23.0,"key":"SMITH"},{"floor":27.0,"key":"REST"},{"floor":32.0,"key":"REST"},{"data":"RitualDagger","floor":40.0,"key":"SMITH"},{"floor":47.0,"key":"REST"},{"floor":49.0,"key":"RECALL"},{"data":"Burst","floor":52.0,"key":"SMITH"}],"neow_cost":"NONE","seed_source_timestamp":0,"circlet_count":0,"master_deck":["Defend_G","Defend_G","Defend_G","Defend_G","Strike_G+1","Strike_G+1","Survivor","Neutralize+1","Purity","Footwork+1","Backflip","Blur","Deadly Poison","Bane","Well Laid Plans+1","Noxious Fumes","Burst+1","Bullet Time+1","Cloak And Dagger+1","Night Terror+1","Acrobatics+1","Escape Plan+1","RitualDagger+1","Deflect","Eviscerate+1","Deflect","Caltrops","Setup+1","Adrenaline","Underhanded Strike+1","All Out Attack+1","HandOfGreed+1","Noxious Fumes","Dagger Throw+1","Escape Plan","Accuracy+1","After Image+1","Dodge and Roll","Madness","Madness","Outmaneuver+1"],"special_seed":0,"relics":["Ring of the Snake","Whetstone","PreservedInsect","Astrolabe","Red Mask","Molten Egg 2","Gremlin Horn","Gambling Chip","Ornamental Fan","Cursed Key","Incense Burner","Prayer Wheel","Membership Card","Tough Bandages","Blood Vial","Frozen Egg 2","Potion Belt","Mummified Hand"],"potions_floor_usage":[],"damage_taken":[{"damage":7.0,"enemies":"Jaw Worm","floor":1.0,"turns":6.0},{"damage":0.0,"enemies":"Cultist","floor":4.0,"turns":7.0},{"damage":52.0,"enemies":"Gremlin Nob","floor":6.0,"turns":9.0},{"damage":0.0,"enemies":"2 Louse","floor":8.0,"turns":3.0},{"damage":0.0,"enemies":"Blue Slaver","floor":11.0,"turns":5.0},{"damage":7.0,"enemies":"Looter","floor":14.0,"turns":3.0},{"damage":39.0,"enemies":"Slime Boss","floor":16.0,"turns":12.0},{"damage":5.0,"enemies":"3 Byrds","floor":18.0,"turns":6.0},{"damage":46.0,"enemies":"Masked Bandits","floor":22.0,"turns":6.0},{"damage":6.0,"enemies":"Chosen","floor":25.0,"turns":5.0},{"damage":0.0,"enemies":"Gremlin Leader","floor":29.0,"turns":8.0},{"damage":0.0,"enemies":"Snecko","floor":30.0,"turns":7.0},{"damage":8.0,"enemies":"Slavers","floor":31.0,"turns":7.0},{"damage":21.0,"enemies":"Champ","floor":33.0,"turns":12.0},{"damage":11.0,"enemies":"Orb Walker","floor":35.0,"turns":3.0},{"damage":11.0,"enemies":"Mind Bloom Boss Battle","floor":36.0,"turns":8.0},{"damage":13.0,"enemies":"2 Orb Walkers","floor":37.0,"turns":5.0},{"damage":18.0,"enemies":"Nemesis","floor":42.0,"turns":5.0},{"damage":7.0,"enemies":"3 Shapes","floor":45.0,"turns":4.0},{"damage":0.0,"enemies":"Jaw Worm Horde","floor":46.0,"turns":3.0},{"damage":6.0,"enemies":"Donu and Deca","floor":50.0,"turns":12.0},{"damage":60.0,"enemies":"Shield and Spear","floor":54.0,"turns":6.0},{"damage":31,"enemies":"The Heart","floor":55,"turns":5}],"seed_played":"-344071321705513815","potions_obtained":[{"floor":1.0,"key":"AttackPotion"},{"floor":11.0,"key":"Regen Potion"},{"floor":16.0,"key":"Regen Potion"},{"floor":22.0,"key":"SkillPotion"},{"floor":25.0,"key":"Fruit Juice"},{"floor":31.0,"key":"Strength Potion"},{"floor":42.0,"key":"SkillPotion"},{"floor":45.0,"key":"SteroidPotion"}],"is_trial":false,"path_per_floor":["M","?","$","M","$","E","R","M","T","R","M","R","$","M","R","B",null,"M","?","$","?","?","R","?","M","T","R","?","E","M","E","R","B",null,"M","?","?","$","$","R","T","E","T","$","M","M","R","?","R","B",null,"R","$","E","B"],"character_chosen":"THE_SILENT","items_purchased":["Blur","Noxious Fumes","Deflect","Membership Card","HandOfGreed+1","Noxious Fumes","Tough Bandages"],"campfire_rested":5,"item_purchase_floors":[5,13,20,38,38,38,39],"current_hp_per_floor":[63,63,63,63,63,11,32,32,32,32,32,32,32,25,46,22,70,65,59,59,59,28,28,28,22,22,49,49,49,49,41,63,42,75,64,53,40,40,40,40,40,24,24,24,19,21,43,34,34,30,75,75,75,15,0],"gold":71,"neow_bonus":"RANDOM_COLORLESS","is_prod":false,"is_daily":false,"chose_seed":false,"campfire_upgraded":5,"win_rate":0,"timestamp":1561781515,"path_taken":["M","?","$","M","?","E","R","M","T","R","M","R","$","M","R","BOSS","M","?","$","?","?","R","?","M","T","R","?","E","?","E","R","BOSS","M","?","?","?","$","R","?","E","T","$","M","?","R","?","R","BOSS","R","$","E","BOSS"],"build_version":"2019-01-23","purchased_purges":4,"victory":false,"max_hp_per_floor":[70,70,70,70,70,70,70,70,70,70,70,70,70,70,70,70,70,70,70,70,70,70,70,70,70,70,75,75,75,75,75,75,75,75,75,75,75,75,75,75,75,75,75,75,75,75,75,75,75,75,75,75,75,75,75],"card_choices":[{"not_picked":["Slice","Blade Dance"],"picked":"Footwork","floor":1.0},{"not_picked":["PiercingWail","Bane"],"picked":"Backflip","floor":4.0},{"not_picked":["Bane","Poisoned Stab"],"picked":"Deadly Poison","floor":6.0},{"not_picked":["Predator","Deadly Poison"],"picked":"Bane","floor":8.0},{"not_picked":["Prepared","Deadly Poison"],"picked":"Well Laid Plans","floor":11.0},{"not_picked":["Cloak And Dagger","Eviscerate"],"picked":"Burst","floor":14.0},{"not_picked":["Malaise","Storm of Steel"],"picked":"Bullet Time","floor":16.0},{"not_picked":["Dodge and Roll","Deadly Poison+1"],"picked":"Escape Plan+1","floor":18.0},{"not_picked":["Slice","Acrobatics+1"],"picked":"Eviscerate+1","floor":22.0},{"not_picked":["Slice+1","PiercingWail+1"],"picked":"Deflect","floor":25.0},{"not_picked":["Flying Knee+1","Poisoned Stab+1","Bouncing Flask+1"],"picked":"SKIP","floor":29.0},{"not_picked":["Flying Knee+1","Masterful Stab+1"],"picked":"Caltrops","floor":30.0},{"not_picked":["Backflip","Noxious Fumes"],"picked":"Setup+1","floor":31.0},{"not_picked":["Envenom","Phantasmal Killer"],"picked":"Adrenaline","floor":33.0},{"not_picked":["Bouncing Flask+1","Deadly Poison"],"picked":"Underhanded Strike+1","floor":35.0},{"not_picked":["Sucker Punch+1","Flying Knee+1"],"picked":"All Out Attack+1","floor":37.0},{"not_picked":["Outmaneuver","PiercingWail+1"],"picked":"Dagger Throw+1","floor":42.0},{"not_picked":["Distraction+1","Deadly Poison"],"picked":"Escape Plan","floor":45.0},{"not_picked":["Deflect","Endless Agony+1"],"picked":"Accuracy+1","floor":45.0},{"not_picked":["Dagger Throw+1","Backflip"],"picked":"After Image+1","floor":46.0},{"not_picked":["Noxious Fumes+1","Setup"],"picked":"Dodge and Roll","floor":46.0},{"not_picked":["Quick Slash+1","Bane+1"],"picked":"Outmaneuver+1","floor":54.0}],"player_experience":666906,"relics_obtained":[{"floor":6.0,"key":"Whetstone"},{"floor":9.0,"key":"PreservedInsect"},{"floor":22.0,"key":"Red Mask"},{"floor":29.0,"key":"Gambling Chip"},{"floor":31.0,"key":"Ornamental Fan"},{"floor":36.0,"key":"Incense Burner"},{"floor":37.0,"key":"Prayer Wheel"},{"floor":41.0,"key":"Blood Vial"},{"floor":42.0,"key":"Frozen Egg 2"},{"floor":43.0,"key":"Potion Belt"},{"floor":54.0,"key":"Mummified Hand"}],"event_choices":[{"damage_healed":0.0,"max_hp_gain":0.0,"max_hp_loss":0.0,"gold_gain":0.0,"event_name":"Upgrade Shrine","player_choice":"Upgraded","floor":2.0,"gold_loss":0.0,"damage_taken":0.0,"cards_upgraded":["Neutralize"]},{"damage_healed":0.0,"max_hp_gain":0.0,"max_hp_loss":0.0,"gold_gain":0.0,"event_name":"Nest","player_choice":"Joined the Cult","floor":19.0,"gold_loss":0.0,"damage_taken":6.0,"cards_obtained":["RitualDagger"]},{"cards_removed":["Strike_G"],"damage_healed":0.0,"max_hp_gain":0.0,"max_hp_loss":0.0,"gold_gain":0.0,"event_name":"Back to Basics","player_choice":"Elegance","floor":21.0,"gold_loss":0.0,"damage_taken":0.0},{"damage_healed":0.0,"max_hp_gain":0.0,"max_hp_loss":0.0,"gold_gain":0.0,"event_name":"Masked Bandits","player_choice":"Fought Bandits","floor":22.0,"gold_loss":0.0,"damage_taken":0.0},{"damage_healed":0.0,"max_hp_gain":0.0,"max_hp_loss":0.0,"gold_gain":0.0,"event_name":"Addict","player_choice":"Stole Relic","floor":24.0,"gold_loss":0.0,"damage_taken":0.0,"relics_obtained":["Molten Egg 2"],"cards_obtained":["Shame"]},{"damage_healed":0.0,"max_hp_gain":0.0,"max_hp_loss":0.0,"gold_gain":0.0,"event_name":"The Mausoleum","player_choice":"Opened","floor":28.0,"gold_loss":0.0,"damage_taken":0.0,"relics_obtained":["Gremlin Horn"],"cards_obtained":["Writhe"]},{"damage_healed":0.0,"max_hp_gain":0.0,"max_hp_loss":0.0,"gold_gain":0.0,"event_name":"MindBloom","player_choice":"Fight","floor":36.0,"gold_loss":0.0,"damage_taken":0.0},{"damage_healed":0.0,"max_hp_gain":0.0,"max_hp_loss":0.0,"gold_gain":0.0,"event_name":"Mysterious Sphere","player_choice":"Fight","floor":37.0,"gold_loss":0.0,"damage_taken":0.0},{"damage_healed":0.0,"max_hp_gain":0.0,"max_hp_loss":0.0,"gold_gain":0.0,"event_name":"Winding Halls","player_choice":"Embrace Madness","floor":48.0,"gold_loss":0.0,"damage_taken":9.0,"cards_obtained":["Madness","Madness"]}],"is_beta":false,"boss_relics":[{"not_picked":["Runic Pyramid","Velvet Choker"],"picked":"Astrolabe"},{"not_picked":["Fusion Hammer","Tiny House"],"picked":"Cursed Key"}],"items_purged_floors":[38,39,44,53],"is_endless":false,"potions_floor_spawned":[1,11,16,22,25,31,42,45],"killed_by":"The Heart","ascension_level":0}