{"gold_per_floor":[116,116,191,53,73,106,106,133,187,187],"floor_reached":10,"playtime":323,"items_purged":[],"score":139,"play_id":"059a0c36-2232-43f6-a4cf-ce699cf46047","local_time":"20190715211502","is_ascension_mode":true,"campfire_choices":[{"data":"Self Repair","floor":7,"key":"SMITH"}],"neow_cost":"NONE","seed_source_timestamp":0,"circlet_count":0,"master_deck":["Strike_B","Strike_B+1","Strike_B","Strike_B","Defend_B","Defend_B","Defend_B","Defend_B","Zap","Dualcast+1","Self Repair+1","Multi-Cast","Auto Shields","Barrage","Coolheaded"],"relics":["Cracked Core","NeowsBlessing","Lantern","Oddly Smooth Stone","Orichalcum"],"potions_floor_usage":[8],"damage_taken":[{"damage":0,"enemies":"Small Slimes","floor":1,"turns":1},{"damage":0,"enemies":"2 Louse","floor":5,"turns":1},{"damage":0,"enemies":"3 Sentries","floor":6,"turns":1},{"damage":35,"enemies":"Lagavulin","floor":8,"turns":6},{"damage":27,"enemies":"Gremlin Nob","floor":10,"turns":4}],"seed_played":"450405226329354883","potions_obtained":[{"floor":1,"key":"PowerPotion"}],"is_trial":false,"path_per_floor":["M","?","?","$","M","E","R","E","T","E"],"character_chosen":"DEFECT","items_purchased":["Multi-Cast"],"campfire_rested":0,"item_purchase_floors":[4],"current_hp_per_floor":[68,53,42,42,49,49,49,24,24,0],"gold":187,"neow_bonus":"THREE_ENEMY_KILL","is_prod":false,"is_daily":false,"chose_seed":true,"campfire_upgraded":1,"win_rate":0,"timestamp":1563239702,"path_taken":["M","?","?","$","M","E","R","E","T","E"],"build_version":"2019-07-05","purchased_purges":0,"victory":false,"max_hp_per_floor":[75,75,75,75,75,75,75,75,75,75],"card_choices":[{"not_picked":["Skim","Gash"],"picked":"Self Repair","floor":1},{"not_picked":["Ball Lightning","Rip and Tear"],"picked":"Auto Shields","floor":5},{"not_picked":["Lockon","Leap"],"picked":"Barrage","floor":6},{"not_picked":["Beam Cell","Aggregate"],"picked":"Coolheaded","floor":8}],"player_experience":948844,"relics_obtained":[{"floor":6,"key":"Lantern"},{"floor":8,"key":"Oddly Smooth Stone"},{"floor":9,"key":"Orichalcum"}],"event_choices":[{"damage_healed":0,"gold_gain":0,"player_choice":"Entered Light","damage_taken":15,"max_hp_gain":0,"max_hp_loss":0,"event_name":"Shining Light","floor":2,"gold_loss":0,"cards_upgraded":["Strike_B","Dualcast"]},{"damage_healed":0,"gold_gain":75,"player_choice":"Gather Gold","damage_taken":11,"max_hp_gain":0,"max_hp_loss":0,"event_name":"World of Goop","floor":3,"gold_loss":0}],"is_beta":false,"boss_relics":[],"items_purged_floors":[],"is_endless":false,"potions_floor_spawned":[1],"killed_by":"Gremlin Nob","ascension_level":8}