{"gold_per_floor":[119,12,12,26,56,56,66,66,66,98,118,151,151,169,169,271,271,288,288,288,305,39,67,67,67],"floor_reached":25,"playtime":3249,"items_purged":[],"score":229,"play_id":"297a8d7e-41b6-42cd-a8d4-1d750774f6a5","local_time":"20190521142832","is_ascension_mode":false,"campfire_choices":[{"floor":6.0,"key":"REST"},{"data":"Hologram","floor":8,"key":"SMITH"},{"data":"Double Energy","floor":13,"key":"SMITH"},{"floor":15,"key":"REST"},{"data":"Hologram","floor":24,"key":"SMITH"}],"neow_cost":"NONE","seed_source_timestamp":0,"circlet_count":0,"master_deck":["Strike_B","Strike_B","Strike_B","Strike_B","Defend_B","Defend_B","Defend_B","Defend_B","Zap","Dualcast+1","Cold Snap","Double Energy+1","Loop+1","Hologram+1","Go for the Eyes","Auto Shields","Rebound","All For One","Beam Cell","Rainbow","Hologram+1","Glacier","Magnetism","Melter","Redo"],"special_seed":0,"relics":["Cracked Core","Tiny Chest","Mummified Hand","Matryoshka","Omamori","Snecko Eye","Question Card","Unceasing Top"],"potions_floor_usage":[12,12,16,25],"damage_taken":[{"damage":1.0,"enemies":"Cultist","floor":1.0,"turns":4.0},{"damage":5.0,"enemies":"2 Louse","floor":4.0,"turns":3.0},{"damage":3,"enemies":"Small Slimes","floor":7,"turns":3},{"damage":16,"enemies":"Lagavulin","floor":10,"turns":7},{"damage":0,"enemies":"Looter","floor":11,"turns":3},{"damage":16,"enemies":"3 Sentries","floor":12,"turns":8},{"damage":17,"enemies":"Exordium Thugs","floor":14,"turns":3},{"damage":50,"enemies":"Slime Boss","floor":16,"turns":15},{"damage":0,"enemies":"Chosen","floor":18,"turns":2},{"damage":2,"enemies":"2 Thieves","floor":21,"turns":2},{"damage":31,"enemies":"Slavers","floor":23,"turns":9},{"damage":38,"enemies":"Book of Stabbing","floor":25,"turns":7}],"seed_played":"-6241663066476064603","potions_obtained":[{"floor":4.0,"key":"Regen Potion"},{"floor":10,"key":"EssenceOfSteel"},{"floor":11,"key":"SteroidPotion"},{"floor":16,"key":"Fire Potion"},{"floor":21,"key":"SpeedPotion"},{"floor":23,"key":"GamblersBrew"}],"is_trial":false,"path_per_floor":["M","$","?","M","?","R","M","R","T","E","M","E","R","M","R","B",null,"M","?","?","M","$","E","R","E"],"character_chosen":"DEFECT","items_purchased":["Double Energy","Loop","Magnetism","Melter"],"campfire_rested":2,"item_purchase_floors":[2,2,22,22],"current_hp_per_floor":[81,81,65,60,42,66,63,63,63,47,47,46,46,29,53,3,82,82,66,66,64,64,33,33,0],"gold":67,"neow_bonus":"TEN_PERCENT_HP_BONUS","is_prod":false,"is_daily":false,"chose_seed":false,"campfire_upgraded":3,"win_rate":0.0,"timestamp":1558474112,"path_taken":["M","$","?","M","?","R","M","R","T","E","M","E","R","M","R","BOSS","M","?","?","M","$","E","R","E"],"build_version":"2019-01-23","purchased_purges":0,"victory":false,"max_hp_per_floor":[82,82,82,82,82,82,82,82,82,82,82,82,82,82,82,82,82,82,87,87,87,87,87,87,87],"card_choices":[{"not_picked":["Steam","Hologram"],"picked":"Cold Snap","floor":1.0},{"not_picked":["Compile Driver","Barrage"],"picked":"Hologram","floor":4.0},{"not_picked":["Stack","Rip and Tear"],"picked":"Go for the Eyes","floor":7},{"not_picked":["Barrage","Cold Snap"],"picked":"Auto Shields","floor":10},{"not_picked":["Sunder","Conserve Battery"],"picked":"Rebound","floor":11},{"not_picked":["Beam Cell","Double Energy"],"picked":"All For One","floor":12},{"not_picked":["BootSequence","Double Energy"],"picked":"Beam Cell","floor":14},{"not_picked":["Multi-Cast","Fission"],"picked":"Rainbow","floor":16},{"not_picked":["Barrage","Leap"],"picked":"Hologram","floor":18},{"not_picked":["FTL","Compile Driver","Steam+1"],"picked":"Glacier","floor":21},{"not_picked":["Hologram","Reinforced Body","Glacier"],"picked":"Redo","floor":23}],"player_experience":152880,"relics_obtained":[{"floor":9,"key":"Mummified Hand"},{"floor":10,"key":"Matryoshka"},{"floor":12,"key":"Omamori"},{"floor":23,"key":"Unceasing Top"}],"event_choices":[{"damage_healed":0.0,"max_hp_gain":0.0,"max_hp_loss":0.0,"gold_gain":0.0,"event_name":"Shining Light","player_choice":"Entered Light","floor":3.0,"gold_loss":0.0,"damage_taken":16.0,"cards_upgraded":["Dualcast","Loop"]},{"damage_healed":0.0,"max_hp_gain":0.0,"max_hp_loss":0.0,"gold_gain":0.0,"event_name":"Scrap Ooze","player_choice":"Success","floor":5.0,"gold_loss":0.0,"damage_taken":18.0,"relics_obtained":["Tiny Chest"]},{"damage_healed":0,"gold_gain":0,"player_choice":"Shed Blood","damage_taken":21,"max_hp_gain":5,"max_hp_loss":0,"event_name":"Forgotten Altar","floor":19,"gold_loss":0},{"damage_healed":0,"gold_gain":0,"player_choice":"Gave Potion","damage_taken":0,"relics_obtained":["Question Card"],"max_hp_gain":0,"max_hp_loss":0,"event_name":"WeMeetAgain","floor":20,"gold_loss":0}],"is_beta":false,"boss_relics":[{"not_picked":["FrozenCore","Ectoplasm"],"picked":"Snecko Eye"}],"items_purged_floors":[],"is_endless":false,"potions_floor_spawned":[4,10,11,16,21,23],"killed_by":"Book of Stabbing","ascension_level":0}