{"gold_per_floor":[113,24,24,24,40,65,65,98,98,130,130,146,146,156,156,253,253,267,285,45,45,63,96,96,164,187,199,199,217,217,231,231,335,335,345,345,255,269,285,285,51,51,51,51,151,151,200,200,200,200],"floor_reached":50,"playtime":6487,"items_purged":["Strike_R"],"score":626,"play_id":"df6ee6c3-8780-4fd6-8d9a-93121d358f3f","local_time":"20190603064138","is_ascension_mode":true,"campfire_choices":[{"data":"Perfected Strike","floor":7.0,"key":"SMITH"},{"floor":11.0,"key":"REST"},{"data":"Juggernaut","floor":13.0,"key":"SMITH"},{"floor":15.0,"key":"REST"},{"floor":28.0,"key":"REST"},{"floor":32.0,"key":"REST"},{"data":"Rupture","floor":40.0,"key":"SMITH"},{"data":"Corruption","floor":44.0,"key":"SMITH"},{"data":"Feel No Pain","floor":46,"key":"SMITH"},{"floor":49,"key":"RECALL"}],"neow_cost":"NONE","seed_source_timestamp":0,"circlet_count":0,"master_deck":["Strike_R+1","Strike_R+1","Strike_R+1","Defend_R","Defend_R","Defend_R","Defend_R","Bash","Perfected Strike+1","Thunderclap","Combust","Seeing Red+1","Armaments+1","Demon Form","Juggernaut+1","Inflame","Dual Wield+1","Offering+1","Pommel Strike+1","Clash+1","Offering+1","Feel No Pain+1","Flex+1","Ghostly+1","Ghostly+1","Ghostly+1","Ghostly+1","Ghostly+1","Clash+1","Rupture+1","Sword Boomerang+1","Warcry+1","Decay","Headbutt+1","Limit Break+1","Rampage+1","Rage+1","Metallicize+1","Mind Blast+1","Corruption+1","Madness+1","Madness+1","Double Tap+1","Pommel Strike+1"],"special_seed":0,"relics":["Burning Blood","NeowsBlessing","Toxic Egg 2","Molten Egg 2","Du-Vu Doll","Mercury Hourglass","Whetstone","Philosopher\u0027s Stone","Bottled Flame","Art of War","Shuriken","Velvet Choker","Gremlin Horn","Turnip","Thread and Needle","Paper Frog"],"potions_floor_usage":[],"damage_taken":[{"damage":0.0,"enemies":"Jaw Worm","floor":1.0,"turns":1.0},{"damage":0.0,"enemies":"Small Slimes","floor":5.0,"turns":1.0},{"damage":0.0,"enemies":"Lagavulin","floor":6.0,"turns":1.0},{"damage":32.0,"enemies":"Gremlin Nob","floor":8.0,"turns":4.0},{"damage":39.0,"enemies":"Lagavulin","floor":10.0,"turns":5.0},{"damage":2.0,"enemies":"2 Louse","floor":12.0,"turns":2.0},{"damage":19.0,"enemies":"Blue Slaver","floor":14.0,"turns":4.0},{"damage":19.0,"enemies":"The Guardian","floor":16.0,"turns":9.0},{"damage":26.0,"enemies":"3 Byrds","floor":18.0,"turns":3.0},{"damage":27.0,"enemies":"Shell Parasite","floor":19.0,"turns":3.0},{"damage":20.0,"enemies":"Cultist and Chosen","floor":22.0,"turns":4.0},{"damage":9.0,"enemies":"Slavers","floor":23.0,"turns":5.0},{"damage":15.0,"enemies":"Shelled Parasite and Fungi","floor":27.0,"turns":3.0},{"damage":21.0,"enemies":"3 Cultists","floor":29.0,"turns":3.0},{"damage":2.0,"enemies":"Snake Plant","floor":31.0,"turns":2.0},{"damage":13.0,"enemies":"Collector","floor":33.0,"turns":6.0},{"damage":5.0,"enemies":"3 Shapes","floor":35.0,"turns":4.0},{"damage":15.0,"enemies":"Orb Walker","floor":38.0,"turns":3.0},{"damage":4.0,"enemies":"4 Shapes","floor":39.0,"turns":6.0},{"damage":6,"enemies":"Mind Bloom Boss Battle","floor":45,"turns":6},{"damage":14,"enemies":"2 Orb Walkers","floor":47,"turns":3},{"damage":20,"enemies":"Awakened One","floor":50,"turns":2}],"seed_played":"-4912809362102626787","potions_obtained":[{"floor":6.0,"key":"FearPotion"},{"floor":12.0,"key":"Fire Potion"},{"floor":16.0,"key":"Energy Potion"},{"floor":18.0,"key":"Ancient Potion"},{"floor":27.0,"key":"BloodPotion"},{"floor":38.0,"key":"Explosive Potion"},{"floor":39.0,"key":"Ancient Potion"},{"floor":47,"key":"Swift Potion"}],"is_trial":false,"path_per_floor":["M","$","?","?","M","E","R","E","T","E","R","M","R","M","R","B",null,"M","M","$","?","M","E","?","T","T","M","R","M","?","M","R","B",null,"M","?","?","M","M","R","$","?","T","R","?","R","?","T","R","B"],"character_chosen":"IRONCLAD","items_purchased":["Thunderclap","Combust","Offering+1","Feel No Pain","Flex+1","Mind Blast+1","Corruption"],"campfire_rested":4,"item_purchase_floors":[2,2,20,20,20,41,41],"current_hp_per_floor":[80,80,80,80,80,80,80,54,54,21,45,49,49,36,60,47,80,60,39,39,39,25,22,22,22,22,13,25,10,10,14,26,23,40,40,40,40,31,33,33,33,28,28,28,28,28,20,20,20,0],"gold":200,"neow_bonus":"THREE_ENEMY_KILL","is_prod":false,"is_daily":false,"chose_seed":false,"campfire_upgraded":5,"win_rate":0,"timestamp":1559569298,"path_taken":["M","$","?","?","M","E","R","E","T","E","R","M","R","M","R","BOSS","M","M","$","?","M","E","?","?","T","M","R","M","?","M","R","BOSS","M","?","?","?","M","R","$","?","T","R","?","R","?","?","R","BOSS"],"build_version":"2019-01-23","purchased_purges":1,"victory":false,"max_hp_per_floor":[80,80,80,80,80,80,80,80,80,80,80,80,80,80,80,80,80,80,80,80,40,40,40,40,40,40,40,40,40,40,40,40,40,40,40,40,40,40,40,40,40,40,40,40,40,40,40,40,40,40],"card_choices":[{"not_picked":["Sword Boomerang","Shockwave"],"picked":"Perfected Strike","floor":1.0},{"not_picked":["Thunderclap","Anger"],"picked":"Seeing Red+1","floor":5.0},{"not_picked":["Cleave","Thunderclap"],"picked":"Armaments+1","floor":6.0},{"not_picked":["Bloodletting+1","Thunderclap+1"],"picked":"Demon Form","floor":8.0},{"not_picked":["Perfected Strike+1","True Grit+1"],"picked":"Juggernaut","floor":10.0},{"not_picked":["Second Wind+1","Shrug It Off+1"],"picked":"Inflame","floor":12.0},{"not_picked":["Perfected Strike+1","Clash+1"],"picked":"Dual Wield+1","floor":14.0},{"not_picked":["Dark Embrace","Exhume+1"],"picked":"Offering+1","floor":16.0},{"not_picked":["Armaments+1","Cleave+1"],"picked":"Pommel Strike+1","floor":18.0},{"not_picked":["Perfected Strike+1","Headbutt+1"],"picked":"Clash+1","floor":19.0},{"not_picked":["Flex+1","Carnage+1"],"picked":"Clash+1","floor":22.0},{"not_picked":["Iron Wave+1","Thunderclap+1"],"picked":"Rupture","floor":23.0},{"not_picked":["Cleave+1","Bloodletting+1"],"picked":"Sword Boomerang+1","floor":27.0},{"not_picked":["Sever Soul+1","Perfected Strike+1"],"picked":"Warcry+1","floor":29.0},{"not_picked":["Rampage+1","Sentinel+1"],"picked":"Headbutt+1","floor":31.0},{"not_picked":["Dark Embrace","Juggernaut"],"picked":"Limit Break+1","floor":33.0},{"not_picked":["Shrug It Off+1","Infernal Blade+1"],"picked":"Rampage+1","floor":35.0},{"not_picked":["Combust+1","Perfected Strike+1"],"picked":"Rage+1","floor":38.0},{"not_picked":["Fire Breathing","Heavy Blade+1"],"picked":"Metallicize+1","floor":39.0},{"not_picked":["Havoc+1","True Grit+1"],"picked":"Double Tap+1","floor":45},{"not_picked":["Anger+1","Fire Breathing"],"picked":"Pommel Strike+1","floor":47}],"player_experience":372540,"relics_obtained":[{"floor":6.0,"key":"Molten Egg 2"},{"floor":8.0,"key":"Du-Vu Doll"},{"floor":9.0,"key":"Mercury Hourglass"},{"floor":10.0,"key":"Whetstone"},{"floor":23.0,"key":"Bottled Flame"},{"floor":25.0,"key":"Shuriken"},{"floor":43.0,"key":"Gremlin Horn"},{"floor":45,"key":"Turnip"},{"floor":47,"key":"Thread and Needle"},{"floor":48,"key":"Paper Frog"}],"event_choices":[{"damage_healed":0.0,"max_hp_gain":0.0,"max_hp_loss":0.0,"gold_gain":0.0,"event_name":"Big Fish","player_choice":"Box","floor":3.0,"gold_loss":0.0,"damage_taken":0.0,"relics_obtained":["Toxic Egg 2"],"cards_obtained":["Regret"]},{"cards_removed":["Regret"],"damage_healed":0.0,"max_hp_gain":0.0,"max_hp_loss":0.0,"gold_gain":0.0,"event_name":"Living Wall","player_choice":"Forget","floor":4.0,"gold_loss":0.0,"damage_taken":0.0},{"damage_healed":0.0,"max_hp_gain":0.0,"max_hp_loss":40.0,"gold_gain":0.0,"event_name":"Ghosts","player_choice":"Became a Ghost","floor":21.0,"gold_loss":0.0,"damage_taken":0.0,"cards_obtained":["Ghostly","Ghostly","Ghostly","Ghostly","Ghostly"]},{"damage_healed":0.0,"max_hp_gain":0.0,"max_hp_loss":0.0,"gold_gain":0.0,"event_name":"The Mausoleum","player_choice":"Opened","floor":24.0,"gold_loss":0.0,"damage_taken":0.0,"relics_obtained":["Art of War"]},{"damage_healed":0.0,"max_hp_gain":0.0,"max_hp_loss":0.0,"gold_gain":0.0,"event_name":"Forgotten Altar","player_choice":"Smashed Altar","floor":30.0,"gold_loss":0.0,"damage_taken":0.0,"cards_obtained":["Decay"]},{"damage_healed":0.0,"max_hp_gain":0.0,"max_hp_loss":0.0,"gold_gain":0.0,"event_name":"Tomb of Lord Red Mask","player_choice":"Ignored","floor":36.0,"gold_loss":0.0,"damage_taken":0.0},{"cards_removed":["Strike_R"],"damage_healed":0.0,"max_hp_gain":0.0,"max_hp_loss":0.0,"gold_gain":0.0,"event_name":"Designer","player_choice":"Upgrade and Remove","floor":37.0,"gold_loss":90.0,"damage_taken":0.0,"cards_upgraded":["Strike_R"]},{"damage_healed":0.0,"max_hp_gain":0.0,"max_hp_loss":0.0,"gold_gain":0.0,"event_name":"Winding Halls","player_choice":"Embrace Madness","floor":42.0,"gold_loss":0.0,"damage_taken":5.0,"cards_obtained":["Madness","Madness"]},{"damage_healed":0,"gold_gain":0,"player_choice":"Fight","damage_taken":0,"max_hp_gain":0,"max_hp_loss":0,"event_name":"MindBloom","floor":45,"gold_loss":0},{"damage_healed":0,"gold_gain":0,"player_choice":"Fight","damage_taken":0,"max_hp_gain":0,"max_hp_loss":0,"event_name":"Mysterious Sphere","floor":47,"gold_loss":0}],"is_beta":false,"boss_relics":[{"not_picked":["Runic Dome","Runic Pyramid"],"picked":"Philosopher\u0027s Stone"},{"not_picked":["Calling Bell","Coffee Dripper"],"picked":"Velvet Choker"}],"items_purged_floors":[41],"is_endless":false,"potions_floor_spawned":[6,12,16,18,27,38,39,47],"killed_by":"Awakened One","ascension_level":3}