{"gold_per_floor":[118,130,148,160,170,203,263,263,263,263,263,283,309,326,326,431,431,450,467,72,90,100,100],"floor_reached":23,"playtime":6958,"items_purged":["Strike_G"],"score":232,"play_id":"ae7fd16d-2f86-41fc-91db-f22305665429","local_time":"20190527163310","is_ascension_mode":false,"campfire_choices":[{"floor":8.0,"key":"REST"},{"floor":11.0,"key":"REST"},{"floor":15.0,"key":"REST"}],"neow_cost":"NONE","seed_source_timestamp":0,"circlet_count":0,"master_deck":["Defend_G","Defend_G","Defend_G","Defend_G","Defend_G","Strike_G","Strike_G","Strike_G","Strike_G","Survivor","Neutralize","Blur","Well Laid Plans+1","All Out Attack","Calculated Gamble","Reflex","Heel Hook","Blade Dance","Caltrops","Blade Dance","Blade Dance","A Thousand Cuts","Blade Dance","Backflip+1","Acrobatics","Quick Slash","Deep Breath","Eviscerate+1","Dagger Throw+1"],"special_seed":0,"relics":["Ring of the Snake","Pen Nib","Shuriken","Gremlin Horn","Matryoshka","HoveringKite","Vajra"],"potions_floor_usage":[],"damage_taken":[{"damage":0.0,"enemies":"Cultist","floor":1.0,"turns":5.0},{"damage":0.0,"enemies":"Small Slimes","floor":2.0,"turns":5.0},{"damage":0.0,"enemies":"2 Louse","floor":3.0,"turns":4.0},{"damage":4.0,"enemies":"Gremlin Gang","floor":4.0,"turns":8.0},{"damage":0.0,"enemies":"Exordium Wildlife","floor":5.0,"turns":6.0},{"damage":17.0,"enemies":"Lagavulin","floor":6.0,"turns":13.0},{"damage":39.0,"enemies":"Gremlin Nob","floor":7.0,"turns":6.0},{"damage":2.0,"enemies":"Exordium Thugs","floor":12.0,"turns":4.0},{"damage":28.0,"enemies":"Gremlin Nob","floor":13.0,"turns":4.0},{"damage":0.0,"enemies":"Lots of Slimes","floor":14.0,"turns":1.0},{"damage":28.0,"enemies":"Hexaghost","floor":16.0,"turns":8.0},{"damage":13.0,"enemies":"Shell Parasite","floor":18.0,"turns":5.0},{"damage":15.0,"enemies":"Chosen","floor":19.0,"turns":4.0},{"damage":6.0,"enemies":"Shelled Parasite and Fungi","floor":21.0,"turns":3.0},{"damage":2.0,"enemies":"Cultist and Chosen","floor":22.0,"turns":4.0},{"damage":41,"enemies":"Book of Stabbing","floor":23,"turns":5}],"seed_played":"-3129876837693584694","potions_obtained":[{"floor":1.0,"key":"SkillPotion"},{"floor":3.0,"key":"Weak Potion"},{"floor":5.0,"key":"AttackPotion"},{"floor":12.0,"key":"Explosive Potion"},{"floor":13.0,"key":"Explosive Potion"},{"floor":14.0,"key":"Energy Potion"},{"floor":19.0,"key":"EssenceOfSteel"}],"is_trial":false,"path_per_floor":["M","M","M","M","M","E","?","R","T","?","R","M","E","M","R","B",null,"M","M","$","M","M","E"],"character_chosen":"THE_SILENT","items_purchased":["Vajra","Acrobatics","Quick Slash","Deep Breath"],"campfire_rested":3,"item_purchase_floors":[20,20,20,20],"current_hp_per_floor":[77,77,77,73,73,56,17,40,40,40,63,61,33,33,56,28,77,64,49,49,43,41,0],"gold":100,"neow_bonus":"TEN_PERCENT_HP_BONUS","is_prod":false,"is_daily":false,"chose_seed":false,"campfire_upgraded":0,"win_rate":0.0,"timestamp":1558999990,"path_taken":["M","?","M","M","M","E","?","R","T","?","R","M","E","M","R","BOSS","M","M","$","M","M","E"],"build_version":"2019-01-23","purchased_purges":1,"victory":false,"max_hp_per_floor":[77,77,77,77,77,77,77,77,77,77,77,77,77,77,77,77,77,77,77,77,77,77,77],"card_choices":[{"not_picked":["Calculated Gamble","Acrobatics"],"picked":"Blur","floor":1.0},{"not_picked":["Distraction","Dodge and Roll"],"picked":"Well Laid Plans","floor":2.0},{"not_picked":["Dagger Throw","Crippling Poison"],"picked":"All Out Attack","floor":3.0},{"not_picked":["All Out Attack","Eviscerate"],"picked":"Calculated Gamble","floor":4.0},{"not_picked":["Deflect","Blade Dance"],"picked":"Reflex","floor":5.0},{"not_picked":["Backstab","Predator"],"picked":"Heel Hook","floor":6.0},{"not_picked":["Dodge and Roll","Flechettes"],"picked":"Blade Dance","floor":7.0},{"not_picked":["Leg Sweep","PiercingWail"],"picked":"Caltrops","floor":12.0},{"not_picked":["Backflip","Calculated Gamble"],"picked":"Blade Dance","floor":13.0},{"not_picked":["Sucker Punch","Eviscerate"],"picked":"Blade Dance","floor":14.0},{"not_picked":["Malaise","Venomology"],"picked":"A Thousand Cuts","floor":16.0},{"not_picked":["Deadly Poison","Dagger Throw"],"picked":"Blade Dance","floor":18.0},{"not_picked":["Escape Plan+1","Outmaneuver"],"picked":"Backflip+1","floor":19.0},{"not_picked":["Deflect","Prepared"],"picked":"Eviscerate+1","floor":21.0},{"not_picked":["Heel Hook","Deflect"],"picked":"Dagger Throw+1","floor":22.0}],"player_experience":199669,"relics_obtained":[{"floor":6.0,"key":"Pen Nib"},{"floor":7.0,"key":"Shuriken"},{"floor":9.0,"key":"Gremlin Horn"},{"floor":13.0,"key":"Matryoshka"}],"event_choices":[{"damage_healed":0.0,"max_hp_gain":0.0,"max_hp_loss":0.0,"gold_gain":30.0,"event_name":"Dead Adventurer","player_choice":"Searched \u00272\u0027 times","floor":7.0,"gold_loss":0.0,"damage_taken":0.0},{"damage_healed":0.0,"max_hp_gain":0.0,"max_hp_loss":0.0,"gold_gain":0.0,"event_name":"Upgrade Shrine","player_choice":"Upgraded","floor":10.0,"gold_loss":0.0,"damage_taken":0.0,"cards_upgraded":["Well Laid Plans"]}],"is_beta":false,"boss_relics":[{"not_picked":["Tiny House","Coffee Dripper"],"picked":"HoveringKite"}],"items_purged_floors":[20],"is_endless":false,"potions_floor_spawned":[1,3,5,12,13,14,19],"killed_by":"Book of Stabbing","ascension_level":0}