{"gold_per_floor":[115,115,130,144,21,50,50,64,90,90,90,365,377,391,391,494,494,494],"floor_reached":18,"playtime":1196,"items_purged":[],"score":162,"play_id":"541b8e2a-86b4-4895-bdcc-48ee3899fc20","local_time":"20190523173753","is_ascension_mode":false,"campfire_choices":[{"data":"Static Discharge","floor":7.0,"key":"SMITH"},{"data":"Defragment","floor":10.0,"key":"SMITH"},{"floor":15.0,"key":"REST"}],"neow_cost":"NONE","seed_source_timestamp":0,"circlet_count":0,"master_deck":["Strike_B","Strike_B","Strike_B","Defend_B","Defend_B","Defend_B","Defend_B","Zap","Dualcast","Conserve Battery","Static Discharge+1","Steam","Meteor Strike","Conserve Battery","Beam Cell","Defragment+1","Regret","Redo","Hologram","Fission"],"special_seed":0,"relics":["Cracked Core","NeowsBlessing","Lantern","Strawberry","Smiling Mask","Eternal Feather"],"potions_floor_usage":[],"damage_taken":[{"damage":0.0,"enemies":"2 Louse","floor":1.0,"turns":1.0},{"damage":0.0,"enemies":"Small Slimes","floor":3.0,"turns":1.0},{"damage":0.0,"enemies":"Cultist","floor":4.0,"turns":1.0},{"damage":31.0,"enemies":"Lagavulin","floor":6.0,"turns":7.0},{"damage":3.0,"enemies":"Looter","floor":8.0,"turns":3.0},{"damage":9.0,"enemies":"2 Fungi Beasts","floor":13.0,"turns":4.0},{"damage":3.0,"enemies":"3 Louse","floor":14.0,"turns":2.0},{"damage":34.0,"enemies":"The Guardian","floor":16.0,"turns":8.0},{"damage":0,"enemies":"Chosen","floor":18,"turns":1}],"seed_played":"4609822031638784986","potions_obtained":[{"floor":1.0,"key":"Ancient Potion"},{"floor":3.0,"key":"SteroidPotion"},{"floor":13.0,"key":"Block Potion"},{"floor":16.0,"key":"Fire Potion"}],"is_trial":false,"path_per_floor":["M","?","M","M","$","E","R","M","T","R","?","?","M","M","R","B",null,"M"],"character_chosen":"DEFECT","items_purchased":["Meteor Strike","Conserve Battery"],"campfire_rested":1,"item_purchase_floors":[5,5],"current_hp_per_floor":[75,68,68,68,68,44,44,41,41,41,34,34,25,22,46,12,82,82],"gold":494,"neow_bonus":"THREE_ENEMY_KILL","is_prod":false,"is_daily":false,"chose_seed":false,"campfire_upgraded":2,"win_rate":0.0,"timestamp":1558658273,"path_taken":["M","?","M","M","$","E","R","M","T","R","?","?","M","M","R","BOSS","M"],"build_version":"2019-01-23","purchased_purges":0,"victory":false,"max_hp_per_floor":[75,75,75,75,75,82,82,82,82,82,82,82,82,82,82,82,82,82],"card_choices":[{"not_picked":["Recycle","Double Energy"],"picked":"Conserve Battery","floor":1.0},{"not_picked":["Genetic Algorithm","Redo"],"picked":"Static Discharge","floor":3.0},{"not_picked":["Stack","Ball Lightning"],"picked":"Steam","floor":4.0},{"not_picked":["Barrage","Seek"],"picked":"Beam Cell","floor":6.0},{"not_picked":["Compile Driver","Steam"],"picked":"Defragment","floor":8.0},{"not_picked":["Conserve Battery","Auto Shields"],"picked":"Redo","floor":13.0},{"not_picked":["Redo","Compile Driver"],"picked":"Hologram","floor":14.0},{"not_picked":["Echo Form","Biased Cognition"],"picked":"Fission","floor":16.0}],"player_experience":168571,"relics_obtained":[{"floor":6.0,"key":"Strawberry"},{"floor":9.0,"key":"Smiling Mask"}],"event_choices":[{"damage_healed":0.0,"max_hp_gain":0.0,"max_hp_loss":0.0,"gold_gain":0.0,"event_name":"Scrap Ooze","player_choice":"Success","floor":2.0,"gold_loss":0.0,"damage_taken":7.0,"relics_obtained":["Lantern"]},{"cards_removed":["Strike_B"],"damage_healed":0.0,"max_hp_gain":0.0,"max_hp_loss":0.0,"gold_gain":0.0,"event_name":"Golden Wing","player_choice":"Card Removal","floor":11.0,"gold_loss":0.0,"damage_taken":7.0},{"damage_healed":0.0,"max_hp_gain":0.0,"max_hp_loss":0.0,"gold_gain":275.0,"event_name":"Golden Shrine","player_choice":"Desecrate","floor":12.0,"gold_loss":0.0,"damage_taken":0.0,"cards_obtained":["Regret"]}],"is_beta":false,"boss_relics":[{"not_picked":["Lizard Tail","Ectoplasm"],"picked":"Eternal Feather"}],"items_purged_floors":[],"is_endless":false,"potions_floor_spawned":[1,3,13,16],"killed_by":"Chosen","ascension_level":0}