{"gold_per_floor":[119,119,119,119,19,54,54,88,88,103,119,133,133,150,150,254,254,268,268,25,25,25,25,45,45],"floor_reached":25,"playtime":1260,"items_purged":["Defend_B"],"score":240,"play_id":"aa6063fe-f9b6-4e41-b712-8492f56bbef9","local_time":"20190608015112","is_ascension_mode":true,"campfire_choices":[{"data":"Redo","floor":7,"key":"SMITH"},{"floor":15,"key":"REST"},{"data":"RitualDagger","floor":23,"key":"SMITH"}],"neow_cost":"TEN_PERCENT_HP_LOSS","seed_source_timestamp":14597326579152,"circlet_count":0,"master_deck":["Strike_B","Defend_B+1","Defend_B","Zap+1","Dualcast+1","Redo+1","BootSequence","Leap","Coolheaded","Doom and Gloom","Turbo","White Noise","Go for the Eyes","Blizzard","Go for the Eyes","Electrodynamics","Stack+1","J.A.X.","RitualDagger+1","Turbo+1"],"relics":["Cracked Core","Darkstone Periapt","Art of War","Bottled Lightning","Cursed Key","NlothsMask","Mummified Hand"],"potions_floor_usage":[16,16,25],"damage_taken":[{"damage":1,"enemies":"Cultist","floor":1,"turns":3},{"damage":4,"enemies":"Lagavulin","floor":6,"turns":9},{"damage":22,"enemies":"Gremlin Nob","floor":8,"turns":4},{"damage":0,"enemies":"Small Slimes","floor":10,"turns":2},{"damage":0,"enemies":"2 Louse","floor":11,"turns":2},{"damage":2,"enemies":"Lots of Slimes","floor":12,"turns":3},{"damage":7,"enemies":"Blue Slaver","floor":14,"turns":3},{"damage":12,"enemies":"Slime Boss","floor":16,"turns":6},{"damage":14,"enemies":"Chosen","floor":18,"turns":5},{"damage":15,"enemies":"3 Byrds","floor":24,"turns":3},{"damage":38,"enemies":"Slavers","floor":25,"turns":4}],"seed_played":"-274893741855619385","potions_obtained":[{"floor":6,"key":"Swift Potion"},{"floor":12,"key":"Regen Potion"},{"floor":14,"key":"Ancient Potion"},{"floor":16,"key":"Dexterity Potion"},{"floor":18,"key":"FearPotion"}],"is_trial":false,"path_per_floor":["M","?","?","?","$","E","R","E","T","M","M","M","?","M","R","B",null,"M","?","$","?","?","R","M","E"],"character_chosen":"DEFECT","items_purchased":["Coolheaded","Mummified Hand"],"campfire_rested":1,"item_purchase_floors":[5,20],"current_hp_per_floor":[67,53,46,46,46,42,42,20,20,20,20,18,18,11,31,34,68,54,54,54,54,48,48,33,0],"gold":45,"neow_bonus":"TRANSFORM_TWO_CARDS","is_prod":false,"is_daily":false,"chose_seed":false,"campfire_upgraded":2,"win_rate":0,"timestamp":1559983872,"path_taken":["M","?","?","?","$","E","R","E","T","M","?","M","?","M","R","BOSS","M","?","?","?","?","R","M","E"],"build_version":"2019-01-23","purchased_purges":1,"victory":false,"max_hp_per_floor":[68,68,68,68,68,68,68,68,68,68,68,68,68,68,68,68,68,68,68,68,68,68,68,68,68],"card_choices":[{"not_picked":["Melter","Compile Driver"],"picked":"Leap","floor":1},{"not_picked":["Turbo","Lockon"],"picked":"Doom and Gloom","floor":6},{"not_picked":["Sweeping Beam","Cold Snap"],"picked":"Turbo","floor":8},{"not_picked":["Skim","Rebound"],"picked":"White Noise","floor":10},{"not_picked":["Genetic Algorithm","Beam Cell"],"picked":"Go for the Eyes","floor":11},{"not_picked":["Barrage","Stack"],"picked":"Blizzard","floor":12},{"not_picked":["FTL","Ball Lightning"],"picked":"Go for the Eyes","floor":14},{"not_picked":["Seek","Reboot"],"picked":"Electrodynamics","floor":16},{"not_picked":["Turbo","Redo"],"picked":"Stack+1","floor":18},{"not_picked":["Gash","Conserve Battery"],"picked":"Turbo+1","floor":24}],"player_experience":497874,"relics_obtained":[{"floor":6,"key":"Darkstone Periapt"},{"floor":8,"key":"Art of War"},{"floor":9,"key":"Bottled Lightning"}],"event_choices":[{"damage_healed":0,"gold_gain":0,"player_choice":"Entered Light","damage_taken":14,"max_hp_gain":0,"max_hp_loss":0,"event_name":"Shining Light","floor":2,"gold_loss":0,"cards_upgraded":["Defend_B","Zap"]},{"cards_removed":["Defend_B"],"damage_healed":0,"gold_gain":0,"player_choice":"Card Removal","damage_taken":7,"max_hp_gain":0,"max_hp_loss":0,"event_name":"Golden Wing","floor":3,"gold_loss":0},{"damage_healed":0,"gold_gain":0,"player_choice":"Upgraded","damage_taken":0,"max_hp_gain":0,"max_hp_loss":0,"event_name":"Upgrade Shrine","floor":4,"gold_loss":0,"cards_upgraded":["Dualcast"]},{"cards_removed":["Strike_B"],"damage_healed":0,"gold_gain":0,"player_choice":"Offered Basic","damage_taken":0,"max_hp_gain":0,"max_hp_loss":0,"event_name":"Bonfire Elementals","floor":13,"gold_loss":0},{"damage_healed":0,"gold_gain":0,"player_choice":"Trade","damage_taken":0,"relics_obtained":["NlothsMask"],"max_hp_gain":0,"max_hp_loss":0,"event_name":"FaceTrader","floor":19,"gold_loss":0},{"damage_healed":0,"gold_gain":0,"player_choice":"Obtain J.A.X.","damage_taken":0,"max_hp_gain":0,"max_hp_loss":0,"event_name":"Drug Dealer","floor":21,"gold_loss":0,"cards_obtained":["J.A.X."]},{"damage_healed":0,"gold_gain":0,"player_choice":"Joined the Cult","damage_taken":6,"max_hp_gain":0,"max_hp_loss":0,"event_name":"Nest","floor":22,"gold_loss":0,"cards_obtained":["RitualDagger"]}],"is_beta":false,"boss_relics":[{"not_picked":["Empty Cage","Sozu"],"picked":"Cursed Key"}],"items_purged_floors":[5],"is_endless":false,"potions_floor_spawned":[6,12,14,16,18],"killed_by":"Slavers","ascension_level":3}