{"gold_per_floor":[16,26,26,26,26,60,80,5,5,5,24,43,78,88,88,187,187,206,206,131,48,66,66,91,91,91,105,105,123,133,161,161,259,259,278,289,300,300,310,310,310],"floor_reached":41,"playtime":4399,"items_purged":["Regret"],"score":515,"play_id":"86349ae0-028e-44c3-b96c-3fe0d3b27bc8","local_time":"20190604224356","is_ascension_mode":true,"campfire_choices":[{"floor":15.0,"key":"REST"},{"data":"Dualcast","floor":23.0,"key":"SMITH"},{"data":"Seek","floor":25.0,"key":"SMITH"},{"data":"Hologram","floor":28.0,"key":"SMITH"},{"data":"Double Energy","floor":32.0,"key":"SMITH"},{"data":"Forethought","floor":40.0,"key":"SMITH"}],"neow_cost":"NO_GOLD","seed_source_timestamp":0,"circlet_count":0,"master_deck":["Defend_B","Defend_B","Zap","Dualcast+1","Conserve Battery","Turbo","Auto Shields","Rebound","Beam Cell","Beam Cell","Reinforced Body","Doom and Gloom","Seek+1","Electrodynamics+1","Sunder+1","Static Discharge+1","Self Repair","Ghostly","Ghostly","Ghostly","Ghostly","Ghostly","Forethought+1","Melter","Hologram+1","Sweeping Beam","Double Energy+1","Scrape+1","Meteor Strike","Defragment","Redo+1"],"special_seed":0,"relics":["Cracked Core","Ornamental Fan","Ancient Tea Set","Matryoshka","Vajra","Astrolabe","Omamori","Strawberry","Singing Bowl","Juzu Bracelet","Eternal Feather"],"potions_floor_usage":[],"damage_taken":[{"damage":3.0,"enemies":"Small Slimes","floor":1.0,"turns":3.0},{"damage":0.0,"enemies":"2 Louse","floor":2.0,"turns":2.0},{"damage":27.0,"enemies":"3 Sentries","floor":6.0,"turns":5.0},{"damage":2.0,"enemies":"Cultist","floor":7.0,"turns":4.0},{"damage":8.0,"enemies":"Red Slaver","floor":11.0,"turns":4.0},{"damage":2.0,"enemies":"2 Fungi Beasts","floor":12.0,"turns":3.0},{"damage":15.0,"enemies":"Gremlin Nob","floor":13.0,"turns":5.0},{"damage":6.0,"enemies":"Looter","floor":14.0,"turns":2.0},{"damage":35.0,"enemies":"The Guardian","floor":16.0,"turns":14.0},{"damage":12.0,"enemies":"Spheric Guardian","floor":18.0,"turns":4.0},{"damage":3.0,"enemies":"2 Thieves","floor":22.0,"turns":3.0},{"damage":5.0,"enemies":"Slavers","floor":24.0,"turns":4.0},{"damage":0.0,"enemies":"Snake Plant","floor":27.0,"turns":2.0},{"damage":2.0,"enemies":"Chosen and Byrds","floor":29.0,"turns":4.0},{"damage":5.0,"enemies":"Snecko","floor":30.0,"turns":5.0},{"damage":5.0,"enemies":"Book of Stabbing","floor":31.0,"turns":5.0},{"damage":32.0,"enemies":"Champ","floor":33.0,"turns":10.0},{"damage":3.0,"enemies":"Orb Walker","floor":35.0,"turns":4.0},{"damage":8.0,"enemies":"3 Shapes","floor":36.0,"turns":2.0},{"damage":40.0,"enemies":"Spire Growth","floor":37.0,"turns":4.0},{"damage":15.0,"enemies":"Writhing Mass","floor":39.0,"turns":7.0},{"damage":55,"enemies":"Giant Head","floor":41,"turns":8}],"seed_played":"5847423245985567377","potions_obtained":[{"floor":1.0,"key":"Explosive Potion"},{"floor":5.0,"key":"PowerPotion"},{"floor":5.0,"key":"EssenceOfSteel"},{"floor":6.0,"key":"Regen Potion"},{"floor":12.0,"key":"Fire Potion"},{"floor":14.0,"key":"Ancient Potion"},{"floor":22.0,"key":"Fire Potion"},{"floor":24.0,"key":"Block Potion"},{"floor":29.0,"key":"Swift Potion"},{"floor":31.0,"key":"SpeedPotion"},{"floor":35.0,"key":"PowerPotion"},{"floor":39.0,"key":"Fire Potion"}],"is_trial":false,"path_per_floor":["M","M","?","?","?","E","M","$","T","?","M","M","E","M","R","B",null,"M","?","?","$","M","R","E","R","T","M","R","M","M","E","R","B",null,"M","M","M","?","M","R","E"],"character_chosen":"DEFECT","items_purchased":["Forethought"],"campfire_rested":1,"item_purchase_floors":[21],"current_hp_per_floor":[72,72,72,72,72,45,43,43,43,40,44,42,27,21,43,8,75,63,37,37,37,34,34,36,36,43,44,44,44,41,43,43,11,46,48,47,9,44,36,44,0],"gold":310,"neow_bonus":"REMOVE_TWO","is_prod":false,"is_daily":false,"chose_seed":false,"campfire_upgraded":5,"win_rate":0,"timestamp":1559713436,"path_taken":["M","M","?","?","?","E","?","?","T","?","M","M","E","M","R","BOSS","M","?","?","?","M","R","E","R","T","M","R","?","M","E","R","BOSS","M","M","M","?","M","R","E"],"build_version":"2019-01-23","purchased_purges":1,"victory":false,"max_hp_per_floor":[75,75,75,75,75,75,75,75,75,75,75,75,75,75,75,75,75,75,37,37,37,37,37,37,37,44,44,44,44,46,46,46,46,46,48,48,50,44,44,44,44],"card_choices":[{"not_picked":["Defragment","Static Discharge"],"picked":"Conserve Battery","floor":1.0},{"not_picked":["Darkness","Consume"],"picked":"Turbo","floor":2.0},{"not_picked":["Go for the Eyes","Rip and Tear"],"picked":"Auto Shields","floor":6.0},{"not_picked":["Consume","Conserve Battery"],"picked":"Rebound","floor":7.0},{"not_picked":["Tempest","Leap"],"picked":"Beam Cell","floor":11.0},{"not_picked":["Barrage","Storm"],"picked":"Beam Cell","floor":12.0},{"not_picked":["Coolheaded","Recycle"],"picked":"Reinforced Body","floor":13.0},{"not_picked":["Redo","Reinforced Body"],"picked":"Doom and Gloom","floor":14.0},{"not_picked":["Thunder Strike","Core Surge"],"picked":"Seek","floor":16.0},{"not_picked":["Darkness","Go for the Eyes"],"picked":"Self Repair","floor":18.0},{"not_picked":["Redo+1","Cold Snap"],"picked":"Melter","floor":22.0},{"not_picked":["Consume","Cold Snap"],"picked":"Hologram","floor":24.0},{"not_picked":["Redo","Cold Snap"],"picked":"Sweeping Beam","floor":27.0},{"not_picked":["Beam Cell+1","Barrage+1"],"picked":"Double Energy","floor":29.0},{"not_picked":["Sweeping Beam","Leap","Ball Lightning"],"picked":"Singing Bowl","floor":30.0},{"not_picked":["Capacitor","Rainbow"],"picked":"Scrape+1","floor":31.0},{"not_picked":["Machine Learning","Multi-Cast"],"picked":"Meteor Strike","floor":33.0},{"not_picked":["Stack+1","Conserve Battery","Go for the Eyes"],"picked":"Singing Bowl","floor":35.0},{"not_picked":["Cold Snap+1","Ball Lightning+1"],"picked":"Defragment","floor":36.0},{"not_picked":["Leap","Rebound+1","Redo"],"picked":"Singing Bowl","floor":37.0},{"not_picked":["Leap","Auto Shields+1"],"picked":"Redo+1","floor":39.0}],"player_experience":412801,"relics_obtained":[{"floor":6.0,"key":"Ancient Tea Set"},{"floor":13.0,"key":"Vajra"},{"floor":24.0,"key":"Omamori"},{"floor":26.0,"key":"Strawberry"},{"floor":26.0,"key":"Singing Bowl"},{"floor":31.0,"key":"Juzu Bracelet"}],"event_choices":[{"damage_healed":0.0,"max_hp_gain":0.0,"max_hp_loss":0.0,"gold_gain":0.0,"event_name":"The Cleric","player_choice":"Leave","floor":3.0,"gold_loss":0.0,"damage_taken":0.0},{"damage_healed":0.0,"max_hp_gain":0.0,"max_hp_loss":0.0,"gold_gain":0.0,"event_name":"Big Fish","player_choice":"Box","floor":4.0,"gold_loss":0.0,"damage_taken":0.0,"relics_obtained":["Ornamental Fan"],"cards_obtained":["Regret"]},{"damage_healed":0.0,"max_hp_gain":0.0,"max_hp_loss":0.0,"gold_gain":0.0,"event_name":"Lab","player_choice":"Got Potions","floor":5.0,"gold_loss":0.0,"damage_taken":0.0},{"damage_healed":0.0,"max_hp_gain":0.0,"max_hp_loss":0.0,"gold_gain":0.0,"event_name":"Scrap Ooze","player_choice":"Success","floor":10.0,"gold_loss":0.0,"damage_taken":3.0,"relics_obtained":["Matryoshka"]},{"damage_healed":0.0,"max_hp_gain":0.0,"max_hp_loss":38.0,"gold_gain":0.0,"event_name":"Ghosts","player_choice":"Became a Ghost","floor":19.0,"gold_loss":0.0,"damage_taken":0.0,"cards_obtained":["Ghostly","Ghostly","Ghostly","Ghostly","Ghostly"]},{"cards_removed":["Defend_B"],"damage_healed":0.0,"max_hp_gain":0.0,"max_hp_loss":0.0,"gold_gain":0.0,"event_name":"Beggar","player_choice":"Gave Gold","floor":20.0,"gold_loss":75.0,"damage_taken":0.0},{"damage_healed":44.0,"max_hp_gain":0.0,"max_hp_loss":6.0,"gold_gain":0.0,"event_name":"The Moai Head","player_choice":"Heal","floor":38.0,"gold_loss":0.0,"damage_taken":0.0}],"is_beta":false,"boss_relics":[{"not_picked":["Lizard Tail","Tiny House"],"picked":"Astrolabe"},{"not_picked":["Runic Dome","Empty Cage"],"picked":"Eternal Feather"}],"items_purged_floors":[8],"is_endless":false,"potions_floor_spawned":[1,6,12,14,22,24,29,31,35,39],"killed_by":"Giant Head","ascension_level":2}