{"gold_per_floor":[113,113,133,208,222,173,199,213,260,260,277,49,49,117,117,117],"floor_reached":16,"playtime":750,"items_purged":[],"score":115,"play_id":"bbbe6094-9ea8-4cf7-811e-566de62368fd","local_time":"20190607124820","is_ascension_mode":true,"campfire_choices":[{"floor":10,"key":"REST"},{"floor":13,"key":"REST"},{"floor":15,"key":"REST"}],"neow_cost":"NONE","seed_source_timestamp":327541156062523,"circlet_count":0,"master_deck":["Strike_B","Strike_B","Strike_B+1","Strike_B","Defend_B","Defend_B","Defend_B","Defend_B","Zap+1","Dualcast","Beam Cell","Hologram","Rebound","Turbo","Steam","Sweeping Beam+1","Sweeping Beam+1","Steam Power","Compile Driver+1","Turbo"],"relics":["Cracked Core","NeowsBlessing","Molten Egg 2","PreservedInsect","Dream Catcher","Meat on the Bone"],"potions_floor_usage":[16],"damage_taken":[{"damage":0,"enemies":"2 Louse","floor":1,"turns":1},{"damage":0,"enemies":"Jaw Worm","floor":3,"turns":1},{"damage":0,"enemies":"Cultist","floor":5,"turns":1},{"damage":40,"enemies":"3 Sentries","floor":7,"turns":8},{"damage":7,"enemies":"2 Fungi Beasts","floor":8,"turns":2},{"damage":12,"enemies":"Exordium Thugs","floor":11,"turns":3},{"damage":57,"enemies":"The Guardian","floor":16,"turns":9}],"seed_played":"1063423226496146069","potions_obtained":[{"floor":7,"key":"Explosive Potion"},{"floor":11,"key":"Energy Potion"}],"is_trial":false,"path_per_floor":["M","?","M","?","M","$","E","M","T","R","M","$","R","T","R","B"],"character_chosen":"DEFECT","items_purchased":["Turbo","Dream Catcher","Steam Power"],"campfire_rested":3,"item_purchase_floors":[6,12,12],"current_hp_per_floor":[75,60,60,49,49,49,9,2,2,24,12,12,34,34,56,0],"gold":117,"neow_bonus":"THREE_ENEMY_KILL","is_prod":false,"is_daily":false,"chose_seed":false,"campfire_upgraded":0,"win_rate":0,"timestamp":1559936900,"path_taken":["M","?","M","?","M","$","E","M","T","R","M","$","R","?","R","BOSS"],"build_version":"2019-01-23","purchased_purges":0,"victory":false,"max_hp_per_floor":[75,75,75,75,75,75,75,75,75,75,75,75,75,75,75,75],"card_choices":[{"not_picked":["Conserve Battery","Melter"],"picked":"Beam Cell","floor":1},{"not_picked":["Coolheaded","Skim"],"picked":"Hologram","floor":3},{"not_picked":["Beam Cell","Darkness"],"picked":"Rebound","floor":5},{"not_picked":["Compile Driver","Hello World"],"picked":"Steam","floor":7},{"not_picked":["Beam Cell+1","Fusion"],"picked":"Sweeping Beam+1","floor":8},{"not_picked":["Loop","Thunder Strike+1"],"picked":"Sweeping Beam+1","floor":11},{"not_picked":["Doom and Gloom+1","Conserve Battery"],"picked":"Compile Driver+1","floor":13},{"not_picked":["Defragment","Lockon+1"],"picked":"Turbo","floor":15}],"player_experience":474268,"relics_obtained":[{"floor":7,"key":"Molten Egg 2"},{"floor":9,"key":"PreservedInsect"},{"floor":14,"key":"Meat on the Bone"}],"event_choices":[{"damage_healed":0,"gold_gain":0,"player_choice":"Entered Light","damage_taken":15,"max_hp_gain":0,"max_hp_loss":0,"event_name":"Shining Light","floor":2,"gold_loss":0,"cards_upgraded":["Strike_B","Zap"]},{"damage_healed":0,"gold_gain":75,"player_choice":"Gather Gold","damage_taken":11,"max_hp_gain":0,"max_hp_loss":0,"event_name":"World of Goop","floor":4,"gold_loss":0}],"is_beta":false,"boss_relics":[],"items_purged_floors":[],"is_endless":false,"potions_floor_spawned":[7,11],"killed_by":"The Guardian","ascension_level":3}