{"gold_per_floor":[10,21,21,21,40,66,66,79,79,58,122,122,122,147,147,147],"floor_reached":16,"playtime":896,"items_purged":[],"score":118,"play_id":"78794472-e8de-4046-b74e-402c7783a966","local_time":"20191021173528","is_ascension_mode":false,"campfire_choices":[{"floor":13,"key":"REST"},{"floor":15,"key":"REST"}],"neow_cost":"NO_GOLD","seed_source_timestamp":137380457000,"circlet_count":0,"master_deck":["Strike_B","Strike_B","Defend_B","Defend_B","Zap","Dualcast","Streamline","Go for the Eyes","Conserve Battery","Gash","Heatsinks+1"],"relics":["Cracked Core","Dodecahedron","Frozen Egg 2","Tiny Chest","Bottled Flame"],"potions_floor_usage":[6,16],"damage_taken":[{"damage":2,"enemies":"2 Louse","floor":1,"turns":2},{"damage":1,"enemies":"Cultist","floor":2,"turns":3},{"damage":4,"enemies":"Small Slimes","floor":5,"turns":3},{"damage":23,"enemies":"3 Sentries","floor":6,"turns":6},{"damage":5,"enemies":"Looter","floor":8,"turns":3},{"damage":24,"enemies":"Lagavulin","floor":11,"turns":6},{"damage":23,"enemies":"Gremlin Nob","floor":14,"turns":4},{"damage":17,"enemies":"Hexaghost","floor":16,"turns":9}],"seed_played":"27166435304724667","potions_obtained":[{"floor":5,"key":"Poison Potion"},{"floor":14,"key":"Dexterity Potion"}],"is_trial":false,"path_per_floor":["M","M","$","?","M","E","?","M","T","?","E","?","R","E","R","B"],"character_chosen":"DEFECT","items_purchased":[],"campfire_rested":2,"item_purchase_floors":[],"current_hp_per_floor":[73,72,72,72,68,45,45,40,40,40,16,16,38,15,37,20],"gold":147,"neow_bonus":"REMOVE_TWO","is_prod":false,"is_daily":false,"chose_seed":false,"campfire_upgraded":0,"win_rate":0.0,"timestamp":1571693728,"path_taken":["M","M","$","?","?","E","?","M","T","?","E","?","R","E","R","BOSS"],"build_version":"2019-07-17","purchased_purges":0,"victory":false,"max_hp_per_floor":[75,75,75,75,75,75,75,75,75,75,75,75,75,75,75,75],"card_choices":[{"not_picked":["Stack","Capacitor"],"picked":"Streamline","floor":1},{"not_picked":["Hello World","Cold Snap"],"picked":"Go for the Eyes","floor":2},{"not_picked":["Compile Driver","Coolheaded","Fusion"],"picked":"SKIP","floor":5},{"not_picked":["Ball Lightning","Glacier"],"picked":"Conserve Battery","floor":6},{"not_picked":["Conserve Battery","Sweeping Beam"],"picked":"Gash","floor":8},{"not_picked":["Defragment+1","Reinforced Body"],"picked":"Heatsinks+1","floor":11},{"not_picked":["Redo","Consume","Sweeping Beam"],"picked":"SKIP","floor":14}],"player_experience":51207,"relics_obtained":[{"floor":6,"key":"Dodecahedron"},{"floor":9,"key":"Frozen Egg 2"},{"floor":11,"key":"Tiny Chest"},{"floor":14,"key":"Bottled Flame"}],"event_choices":[{"cards_removed":["Strike_B"],"damage_healed":0,"gold_gain":0,"player_choice":"Card Removal","damage_taken":0,"max_hp_gain":0,"max_hp_loss":0,"event_name":"Wheel of Change","floor":4,"gold_loss":0},{"damage_healed":0,"gold_gain":0,"player_choice":"Ignored","damage_taken":0,"max_hp_gain":0,"max_hp_loss":0,"event_name":"Golden Idol","floor":7,"gold_loss":0},{"damage_healed":0,"gold_gain":0,"player_choice":"Left Gold","damage_taken":0,"max_hp_gain":0,"max_hp_loss":0,"event_name":"World of Goop","floor":10,"gold_loss":21},{"cards_removed":["Defend_B"],"damage_healed":0,"gold_gain":0,"player_choice":"Forget","damage_taken":0,"max_hp_gain":0,"max_hp_loss":0,"event_name":"Living Wall","floor":12,"gold_loss":0}],"is_beta":false,"boss_relics":[],"items_purged_floors":[],"is_endless":false,"potions_floor_spawned":[5,14],"killed_by":"Hexaghost","ascension_level":0}