{"gold_per_floor":[111,129,149,165,62,88,104,104,104,104,120,139,159,192,192,291,291,301,35,50,65,65,65],"floor_reached":23,"playtime":6259,"items_purged":[],"score":232,"play_id":"a9c8e5ce-b1d1-4671-8edf-b9cdb2dbd476","local_time":"20190527133029","is_ascension_mode":false,"campfire_choices":[{"floor":8.0,"key":"REST"},{"floor":15.0,"key":"REST"}],"neow_cost":"NONE","seed_source_timestamp":0,"circlet_count":0,"master_deck":["Defend_G","Defend_G","Defend_G","Defend_G","Defend_G","Strike_G","Strike_G+1","Strike_G","Strike_G","Strike_G","Survivor","Neutralize+1","Bullet Time","Quick Slash","Flying Knee","Finisher","Masterful Stab","Slice","Infinite Blades","Sucker Punch","Noxious Fumes+1","Acrobatics","Outmaneuver","Noxious Fumes","Burst","Burst","Calculated Gamble+1","Corpse Explosion","Backflip","Forethought","Night Terror","Deadly Poison"],"special_seed":0,"relics":["Ring of the Snake","Whetstone","FossilizedHelix","Frozen Egg 2","Black Star"],"potions_floor_usage":[22],"damage_taken":[{"damage":4.0,"enemies":"2 Louse","floor":1.0,"turns":4.0},{"damage":0.0,"enemies":"Cultist","floor":2.0,"turns":4.0},{"damage":2.0,"enemies":"Small Slimes","floor":3.0,"turns":4.0},{"damage":0.0,"enemies":"2 Fungi Beasts","floor":4.0,"turns":3.0},{"damage":28.0,"enemies":"Gremlin Nob","floor":6.0,"turns":4.0},{"damage":0.0,"enemies":"Large Slime","floor":7.0,"turns":4.0},{"damage":0.0,"enemies":"3 Louse","floor":11.0,"turns":2.0},{"damage":0.0,"enemies":"Lots of Slimes","floor":12.0,"turns":2.0},{"damage":5.0,"enemies":"Blue Slaver","floor":13.0,"turns":4.0},{"damage":3.0,"enemies":"Lagavulin","floor":14.0,"turns":6.0},{"damage":28.0,"enemies":"The Guardian","floor":16.0,"turns":7.0},{"damage":12.0,"enemies":"Chosen","floor":18.0,"turns":5.0},{"damage":27.0,"enemies":"Shell Parasite","floor":20.0,"turns":7.0},{"damage":0.0,"enemies":"3 Cultists","floor":21.0,"turns":3.0},{"damage":30,"enemies":"Colosseum Slavers","floor":22,"turns":5},{"damage":1,"enemies":"Cultist and Chosen","floor":23,"turns":3}],"seed_played":"1082003876361312174","potions_obtained":[{"floor":2.0,"key":"Block Potion"},{"floor":3.0,"key":"Dexterity Potion"},{"floor":6.0,"key":"SkillPotion"},{"floor":7.0,"key":"Explosive Potion"},{"floor":13.0,"key":"GamblersBrew"},{"floor":21.0,"key":"Block Potion"}],"is_trial":false,"path_per_floor":["M","M","M","M","$","E","M","R","T","?","M","M","M","E","R","B",null,"M","$","M","M","?","M"],"character_chosen":"THE_SILENT","items_purchased":["Slice","Infinite Blades","Corpse Explosion","Backflip","Forethought"],"campfire_rested":2,"item_purchase_floors":[5,5,19,19,19],"current_hp_per_floor":[66,66,64,64,64,36,36,57,57,57,57,57,52,49,70,42,70,58,58,31,31,1,0],"gold":65,"neow_bonus":"ONE_RANDOM_RARE_CARD","is_prod":false,"is_daily":false,"chose_seed":false,"campfire_upgraded":0,"win_rate":0.0,"timestamp":1558989029,"path_taken":["M","M","M","M","$","E","M","R","T","?","?","M","M","E","R","BOSS","M","$","M","M","?","M"],"build_version":"2019-01-23","purchased_purges":0,"victory":false,"max_hp_per_floor":[70,70,70,70,70,70,70,70,70,70,70,70,70,70,70,70,70,70,70,70,70,70,70],"card_choices":[{"not_picked":["Sucker Punch","Endless Agony"],"picked":"Quick Slash","floor":1.0},{"not_picked":["Backflip","Quick Slash"],"picked":"Flying Knee","floor":2.0},{"not_picked":["Prepared","Dodge and Roll"],"picked":"Finisher","floor":3.0},{"not_picked":["Outmaneuver","Deflect"],"picked":"Masterful Stab","floor":4.0},{"not_picked":["Leg Sweep","Underhanded Strike"],"picked":"Sucker Punch","floor":6.0},{"not_picked":["Prepared","Acrobatics"],"picked":"Noxious Fumes","floor":7.0},{"not_picked":["Wraith Form v2","Underhanded Strike"],"picked":"Acrobatics","floor":11.0},{"not_picked":["Blade Dance","Acrobatics"],"picked":"Outmaneuver","floor":12.0},{"not_picked":["Slice","Outmaneuver"],"picked":"Noxious Fumes","floor":13.0},{"not_picked":["Backflip","Doppelganger"],"picked":"Burst","floor":14.0},{"not_picked":["Phantasmal Killer","Tools of the Trade+1"],"picked":"Burst","floor":16.0},{"not_picked":["Slice","Poisoned Stab"],"picked":"Calculated Gamble+1","floor":18.0},{"not_picked":["Outmaneuver","Dodge and Roll+1"],"picked":"Night Terror","floor":20.0},{"not_picked":["PiercingWail","Acrobatics"],"picked":"Deadly Poison","floor":21.0}],"player_experience":191934,"relics_obtained":[{"floor":6.0,"key":"Whetstone"},{"floor":9.0,"key":"FossilizedHelix"},{"floor":14.0,"key":"Frozen Egg 2"}],"event_choices":[{"damage_healed":0.0,"max_hp_gain":0.0,"max_hp_loss":0.0,"gold_gain":0.0,"event_name":"Upgrade Shrine","player_choice":"Upgraded","floor":10.0,"gold_loss":0.0,"damage_taken":0.0,"cards_upgraded":["Noxious Fumes"]},{"damage_healed":0,"gold_gain":0,"player_choice":"Fight","damage_taken":0,"max_hp_gain":0,"max_hp_loss":0,"event_name":"Colosseum","floor":22,"gold_loss":0},{"damage_healed":0,"gold_gain":0,"player_choice":"Fled From Nobs","damage_taken":0,"max_hp_gain":0,"max_hp_loss":0,"event_name":"Colosseum","floor":22,"gold_loss":0}],"is_beta":false,"boss_relics":[{"not_picked":["Tiny House","Velvet Choker"],"picked":"Black Star"}],"items_purged_floors":[],"is_endless":false,"potions_floor_spawned":[2,3,6,7,13,21,22],"killed_by":"Cultist and Chosen","ascension_level":0}