{"gold_per_floor":[119,119,135,135,150,150,182,182,182,192,224,224,242,28,28,123,123,133,171,171,188,188,188,231,156,208,208,61,81,81,110,110,211,211,228,628,628,705,705,705,719,732,732,0,0,25,43,62,62,87,87,87,0,31,31],"floor_reached":55,"playtime":5905,"items_purged":["Defend_R"],"score":845,"play_id":"fae0043a-a549-4198-b5f0-4a8a2c26064e","local_time":"20190601003454","is_ascension_mode":true,"campfire_choices":[{"data":"Bash","floor":6,"key":"SMITH"},{"data":"Barricade","floor":8,"key":"SMITH"},{"data":"Inflame","floor":15,"key":"SMITH"},{"data":"Blind","floor":23,"key":"SMITH"},{"data":"Armaments","floor":27,"key":"SMITH"},{"data":"Rupture","floor":30,"key":"SMITH"},{"floor":32,"key":"RECALL"},{"data":"Infernal Blade","floor":40,"key":"SMITH"},{"data":"Secret Weapon","floor":49,"key":"SMITH"},{"data":"Madness","floor":52,"key":"SMITH"}],"neow_cost":"NONE","seed_source_timestamp":433193637076450,"circlet_count":0,"master_deck":["Defend_R","Defend_R","Bash+1","Thunderclap","Cleave","Barricade+1","Evolve","Reaper","Armaments+1","Inflame+1","Shrug It Off","HandOfGreed+1","Searing Blow+1","Reaper+1","Clash+1","Hemokinesis+1","Flash of Steel+1","Finesse","Blind+1","Rupture+1","Bite+1","Bite+1","Bite+1","Bite+1","Bite+1","Rupture+1","Immolate+1","Infernal Blade+1","Thunderclap+1","Immolate+1","Flex+1","Feel No Pain+1","Thunderclap+1","Inflame+1","Rage","Seeing Red","Secret Weapon+1","Corruption","Exhume","Reaper+1","Madness+1","Madness","Seeing Red+1","Combust+1","Bloodletting+1"],"relics":["Burning Blood","Lantern","Gremlin Horn","Bottled Tornado","Molten Egg 2","Philosopher\u0027s Stone","Bag of Preparation","Runic Cube","Old Coin","Dead Branch","Pantograph","Membership Card","Potion Belt","Omamori","Bottled Lightning","Boot"],"potions_floor_usage":[7,11,11,16,16,18,31,33,42,44,46,47,50,50,54,55,55,55,55],"damage_taken":[{"damage":1,"enemies":"2 Louse","floor":1,"turns":3},{"damage":9,"enemies":"Jaw Worm","floor":3,"turns":4},{"damage":8,"enemies":"Small Slimes","floor":5,"turns":4},{"damage":15,"enemies":"Gremlin Nob","floor":7,"turns":4},{"damage":23,"enemies":"Gremlin Gang","floor":10,"turns":3},{"damage":27,"enemies":"3 Sentries","floor":11,"turns":7},{"damage":21,"enemies":"Blue Slaver","floor":13,"turns":4},{"damage":25,"enemies":"Slime Boss","floor":16,"turns":8},{"damage":12,"enemies":"Spheric Guardian","floor":18,"turns":3},{"damage":4,"enemies":"Chosen","floor":19,"turns":3},{"damage":35,"enemies":"Shelled Parasite and Fungi","floor":21,"turns":4},{"damage":40,"enemies":"Centurion and Healer","floor":24,"turns":5},{"damage":9,"enemies":"Sentry and Sphere","floor":29,"turns":3},{"damage":32,"enemies":"Book of Stabbing","floor":31,"turns":3},{"damage":106,"enemies":"Automaton","floor":33,"turns":9},{"damage":16,"enemies":"Orb Walker","floor":35,"turns":3},{"damage":0,"enemies":"Mind Bloom Boss Battle","floor":36,"turns":3},{"damage":41,"enemies":"2 Orb Walkers","floor":38,"turns":3},{"damage":0,"enemies":"3 Darklings","floor":41,"turns":1},{"damage":37,"enemies":"Spire Growth","floor":42,"turns":3},{"damage":16,"enemies":"Nemesis","floor":46,"turns":3},{"damage":26,"enemies":"Transient","floor":47,"turns":5},{"damage":11,"enemies":"Jaw Worm Horde","floor":48,"turns":2},{"damage":31,"enemies":"Donu and Deca","floor":50,"turns":4},{"damage":28,"enemies":"Shield and Spear","floor":54,"turns":3},{"damage":81,"enemies":"The Heart","floor":55,"turns":3}],"seed_played":"3037118517488468558","potions_obtained":[{"floor":1,"key":"GamblersBrew"},{"floor":3,"key":"LiquidBronze"},{"floor":7,"key":"Poison Potion"},{"floor":11,"key":"Energy Potion"},{"floor":13,"key":"Explosive Potion"},{"floor":16,"key":"Explosive Potion"},{"floor":21,"key":"AttackPotion"},{"floor":31,"key":"Regen Potion"},{"floor":33,"key":"Poison Potion"},{"floor":38,"key":"LiquidBronze"},{"floor":41,"key":"Weak Potion"},{"floor":46,"key":"Energy Potion"},{"floor":47,"key":"Explosive Potion"},{"floor":54,"key":"LiquidBronze"}],"is_trial":false,"path_per_floor":["M","?","M","?","M","R","E","R","T","M","E","T","M","$","R","B",null,"M","M","?","M","?","R","M","?","T","R","$","M","R","E","R","B",null,"M","?","?","?","?","R","M","M","T","$","?","E","M","M","R","B",null,"R","$","E","B"],"character_chosen":"IRONCLAD","items_purchased":["HandOfGreed+1","Searing Blow+1","Immolate+1","Membership Card","Fruit Juice","Secret Weapon","Corruption","Exhume","Potion Belt","Reaper+1","Omamori","Ancient Potion","Weak Potion","PowerPotion","PowerPotion"],"campfire_rested":0,"item_purchase_floors":[14,14,28,44,44,44,44,44,44,44,44,44,44,53,53],"current_hp_per_floor":[88,81,78,78,76,76,67,67,67,66,62,62,54,54,54,35,88,82,84,52,48,48,48,42,42,42,42,42,45,45,38,38,10,61,61,61,61,34,34,34,61,33,33,38,30,35,61,56,56,50,66,66,66,65,0],"gold":31,"neow_bonus":"TEN_PERCENT_HP_BONUS","is_prod":false,"is_daily":false,"chose_seed":false,"campfire_upgraded":9,"win_rate":0,"timestamp":1559374494,"path_taken":["M","?","M","?","M","R","E","R","T","M","E","?","M","$","R","BOSS","M","M","?","?","?","R","M","?","T","R","?","M","R","E","R","BOSS","M","?","?","?","?","R","?","M","T","$","?","E","M","M","R","BOSS","R","$","E","BOSS"],"build_version":"2019-01-23","purchased_purges":1,"victory":false,"max_hp_per_floor":[88,88,88,88,88,88,88,88,88,88,88,88,88,88,88,88,88,88,88,88,88,61,61,61,61,61,61,61,61,61,61,61,61,61,61,61,61,61,61,61,61,61,61,66,66,66,66,66,66,66,66,66,66,66,66],"card_choices":[{"not_picked":["Evolve","Heavy Blade"],"picked":"Thunderclap","floor":1},{"not_picked":["Body Slam","Uppercut"],"picked":"Cleave","floor":3},{"not_picked":["Rage","Cleave"],"picked":"Evolve","floor":5},{"not_picked":["Immolate","Reckless Charge"],"picked":"Reaper","floor":7},{"not_picked":["Twin Strike","Pommel Strike"],"picked":"Armaments","floor":10},{"not_picked":["Fiend Fire","Cleave"],"picked":"Inflame","floor":11},{"not_picked":["Carnage+1","Wild Strike+1"],"picked":"Shrug It Off","floor":13},{"not_picked":["Dark Embrace","Juggernaut"],"picked":"Reaper+1","floor":16},{"not_picked":["True Grit","Perfected Strike+1"],"picked":"Clash+1","floor":18},{"not_picked":["Rampage+1","Clothesline+1"],"picked":"Hemokinesis+1","floor":19},{"not_picked":["Twin Strike+1","Shrug It Off"],"picked":"Rupture","floor":21},{"not_picked":["Sword Boomerang+1","Reckless Charge+1"],"picked":"Rupture+1","floor":24},{"not_picked":["Clothesline+1","Warcry"],"picked":"Infernal Blade","floor":29},{"not_picked":["Iron Wave+1","Armaments+1"],"picked":"Thunderclap+1","floor":31},{"not_picked":["Dark Embrace","Barricade"],"picked":"Immolate+1","floor":33},{"not_picked":["Feel No Pain","Clash+1"],"picked":"Flex+1","floor":35},{"not_picked":["Pommel Strike+1","Disarm"],"picked":"Feel No Pain+1","floor":36},{"not_picked":["Heavy Blade+1","Body Slam+1"],"picked":"Thunderclap+1","floor":38},{"not_picked":["Clash+1","Perfected Strike+1"],"picked":"Rage","floor":41},{"not_picked":["True Grit+1","Pommel Strike+1"],"picked":"Seeing Red","floor":42},{"not_picked":["Dark Embrace","Armaments"],"picked":"Seeing Red+1","floor":46},{"not_picked":["True Grit","Twin Strike+1"],"picked":"Combust+1","floor":47},{"not_picked":["Clothesline+1","Body Slam+1"],"picked":"Bloodletting+1","floor":48},{"not_picked":["True Grit+1","Clothesline+1","Fire Breathing"],"picked":"SKIP","floor":54}],"player_experience":327948,"relics_obtained":[{"floor":7,"key":"Lantern"},{"floor":9,"key":"Gremlin Horn"},{"floor":11,"key":"Bottled Tornado"},{"floor":12,"key":"Molten Egg 2"},{"floor":31,"key":"Bag of Preparation"},{"floor":36,"key":"Old Coin"},{"floor":38,"key":"Dead Branch"},{"floor":43,"key":"Pantograph"},{"floor":46,"key":"Bottled Lightning"},{"floor":54,"key":"Boot"}],"event_choices":[{"cards_removed":["Strike_R"],"damage_healed":0,"gold_gain":0,"player_choice":"Card Removal","damage_taken":7,"max_hp_gain":0,"max_hp_loss":0,"event_name":"Golden Wing","floor":2,"gold_loss":0},{"damage_healed":0,"gold_gain":0,"cards_transformed":["Strike_R"],"player_choice":"Change","damage_taken":0,"max_hp_gain":0,"max_hp_loss":0,"event_name":"Living Wall","floor":4,"gold_loss":0,"cards_obtained":["Barricade"]},{"damage_healed":0,"gold_gain":0,"player_choice":"CARD CARD CARD ","damage_taken":32,"max_hp_gain":0,"max_hp_loss":0,"event_name":"Knowing Skull","floor":20,"potions_obtained":[],"gold_loss":0,"cards_obtained":["Flash of Steel","Finesse","Blind"]},{"damage_healed":0,"gold_gain":0,"player_choice":"Became a vampire","damage_taken":0,"max_hp_gain":0,"max_hp_loss":27,"event_name":"Vampires","floor":22,"gold_loss":0,"cards_obtained":["Bite","Bite","Bite","Bite","Bite"]},{"cards_removed":["Defend_R"],"damage_healed":0,"gold_gain":0,"player_choice":"Gave Gold","damage_taken":0,"max_hp_gain":0,"max_hp_loss":0,"event_name":"Beggar","floor":25,"gold_loss":75},{"damage_healed":0,"gold_gain":0,"player_choice":"Fight","damage_taken":0,"max_hp_gain":0,"max_hp_loss":0,"event_name":"MindBloom","floor":36,"gold_loss":0},{"damage_healed":0,"gold_gain":0,"player_choice":"Ignored","damage_taken":0,"max_hp_gain":0,"max_hp_loss":0,"event_name":"Tomb of Lord Red Mask","floor":37,"gold_loss":0},{"damage_healed":0,"gold_gain":0,"player_choice":"Fight","damage_taken":0,"max_hp_gain":0,"max_hp_loss":0,"event_name":"Mysterious Sphere","floor":38,"gold_loss":0},{"damage_healed":0,"gold_gain":0,"player_choice":"Copied","damage_taken":0,"max_hp_gain":0,"max_hp_loss":0,"event_name":"Duplicator","floor":39,"gold_loss":0,"cards_obtained":["Inflame"]},{"damage_healed":0,"gold_gain":0,"player_choice":"Embrace Madness","damage_taken":8,"max_hp_gain":0,"max_hp_loss":0,"event_name":"Winding Halls","floor":45,"gold_loss":0,"cards_obtained":["Madness","Madness"]}],"is_beta":false,"boss_relics":[{"not_picked":["Tiny House","Busted Crown"],"picked":"Philosopher\u0027s Stone"},{"not_picked":["Cursed Key","Black Star"],"picked":"Runic Cube"}],"items_purged_floors":[53],"is_endless":false,"potions_floor_spawned":[1,3,7,11,13,16,21,31,33,38,41,46,47,54],"killed_by":"The Heart","ascension_level":2}