{"gold_per_floor":[110,128,303,303,317,317,34,55,80,80,80,110,120,150,150,250,250,267,1,1,13,33,33,67,67,67,67,82,82],"floor_reached":29,"playtime":2617,"items_purged":["Defend_B"],"score":452,"play_id":"67c47e2f-4443-4efa-89c7-c908c8b9b203","local_time":"20190801094505","is_ascension_mode":true,"campfire_choices":[{"data":"Zap","floor":6.0,"key":"SMITH"},{"data":"Magnetism","floor":10.0,"key":"SMITH"},{"floor":15.0,"key":"REST"},{"data":"Seek","floor":23.0,"key":"SMITH"},{"data":"Echo Form","floor":25.0,"key":"SMITH"}],"neow_cost":"CURSE","seed_source_timestamp":0,"circlet_count":0,"master_deck":["AscendersBane","Strike_B","Strike_B","Strike_B","Strike_B","Defend_B","Defend_B","Defend_B","Zap+1","Dualcast","Decay","Beam Cell","Hologram","Doubt","Regret","Sweeping Beam","Self Repair","Turbo","Magnetism+1","Go for the Eyes","Electrodynamics","Steam","Conserve Battery","Echo Form+1","Redo+1","Heatsinks","Magnetism+1","Seek+1","Glacier","Redo+1","Consume"],"special_seed":0,"relics":["FrozenCore","Unceasing Top","Blue Candle","Odd Mushroom","Question Card","Centennial Puzzle","Shuriken","Boot","Omamori","Peace Pipe"],"potions_floor_usage":[29],"damage_taken":[{"damage":3.0,"enemies":"2 Louse","floor":1.0,"turns":2.0},{"damage":5.0,"enemies":"Jaw Worm","floor":2.0,"turns":4.0},{"damage":3.0,"enemies":"Cultist","floor":5.0,"turns":3.0},{"damage":6.0,"enemies":"The Mushroom Lair","floor":8.0,"turns":3.0},{"damage":16.0,"enemies":"3 Sentries","floor":12.0,"turns":4.0},{"damage":9.0,"enemies":"Blue Slaver","floor":13.0,"turns":3.0},{"damage":16.0,"enemies":"Lagavulin","floor":14.0,"turns":8.0},{"damage":4.0,"enemies":"Slime Boss","floor":16.0,"turns":6.0},{"damage":19.0,"enemies":"Spheric Guardian","floor":18.0,"turns":7.0},{"damage":18.0,"enemies":"Chosen","floor":21.0,"turns":6.0},{"damage":20.0,"enemies":"Shelled Parasite and Fungi","floor":22.0,"turns":5.0},{"damage":27.0,"enemies":"Book of Stabbing","floor":24.0,"turns":6.0},{"damage":7.0,"enemies":"Snake Plant","floor":28.0,"turns":7.0},{"damage":38,"enemies":"Slavers","floor":29,"turns":2}],"seed_played":"-8763986546119046969","potions_obtained":[{"floor":1.0,"key":"SteroidPotion"},{"floor":12.0,"key":"EssenceOfSteel"},{"floor":14.0,"key":"SkillPotion"},{"floor":22.0,"key":"SpeedPotion"},{"floor":28.0,"key":"FearPotion"}],"is_trial":false,"path_per_floor":["M","M","?","?","M","R","$","?","T","R","T","E","M","E","R","B",null,"M","$","?","M","M","R","E","R","T","$","M","E"],"character_chosen":"DEFECT","items_purchased":["Self Repair","Turbo","Magnetism","Boot","Heatsinks"],"campfire_rested":1,"item_purchase_floors":[7,7,7,19,19],"current_hp_per_floor":[65,60,60,60,57,57,57,58,58,58,58,42,40,31,53,56,70,65,65,65,54,48,48,35,35,35,35,38,0],"gold":82,"neow_bonus":"ONE_RARE_RELIC","is_prod":false,"is_daily":false,"chose_seed":false,"campfire_upgraded":4,"win_rate":0,"timestamp":1564667105,"path_taken":["M","M","?","?","M","R","$","?","T","R","?","E","M","E","R","BOSS","M","?","?","M","M","R","E","R","T","$","M","E"],"build_version":"2019-07-17","purchased_purges":1,"victory":false,"max_hp_per_floor":[75,75,75,75,75,75,75,75,75,75,75,75,75,75,75,75,75,75,75,75,75,75,75,75,75,75,75,75,75],"card_choices":[{"not_picked":["Blizzard","Leap"],"picked":"Beam Cell","floor":1.0},{"not_picked":["Cold Snap","Streamline"],"picked":"Hologram","floor":2.0},{"not_picked":["Chaos","Compile Driver"],"picked":"Sweeping Beam","floor":5.0},{"not_picked":["Rip and Tear","Redo"],"picked":"Go for the Eyes","floor":8.0},{"not_picked":["Lockon","Sweeping Beam","Redo"],"picked":"Electrodynamics","floor":12.0},{"not_picked":["Compile Driver","Rebound","Stack"],"picked":"Steam","floor":13.0},{"not_picked":["Beam Cell","Fission","Undo"],"picked":"Conserve Battery","floor":14.0},{"not_picked":["Multi-Cast","Machine Learning","Creative AI"],"picked":"Echo Form","floor":16.0},{"not_picked":["Steam","Stack+1","Beam Cell+1"],"picked":"Redo+1","floor":18.0},{"not_picked":["Turbo","Force Field","Hologram"],"picked":"Seek","floor":21.0},{"not_picked":["Turbo","Rebound","Stack+1"],"picked":"Glacier","floor":22.0},{"not_picked":["Static Discharge","Fusion","Tempest"],"picked":"Redo+1","floor":24.0},{"not_picked":["Go for the Eyes","Aggregate","Tempest"],"picked":"Consume","floor":28.0}],"player_experience":1039893,"relics_obtained":[{"floor":8.0,"key":"Odd Mushroom"},{"floor":11.0,"key":"Question Card"},{"floor":12.0,"key":"Centennial Puzzle"},{"floor":14.0,"key":"Shuriken"},{"floor":24.0,"key":"Omamori"},{"floor":26.0,"key":"Peace Pipe"}],"event_choices":[{"damage_healed":0.0,"max_hp_gain":0.0,"max_hp_loss":0.0,"gold_gain":175.0,"event_name":"Liars Game","player_choice":"AGREE","floor":3.0,"gold_loss":0.0,"damage_taken":0.0,"cards_obtained":["Doubt"]},{"damage_healed":0.0,"max_hp_gain":0.0,"max_hp_loss":0.0,"gold_gain":0.0,"event_name":"Big Fish","player_choice":"Box","floor":4.0,"gold_loss":0.0,"damage_taken":0.0,"relics_obtained":["Blue Candle"],"cards_obtained":["Regret"]},{"damage_healed":0.0,"max_hp_gain":0.0,"max_hp_loss":0.0,"gold_gain":0.0,"event_name":"Mushrooms","player_choice":"Fought Mushrooms","floor":8.0,"gold_loss":0.0,"damage_taken":0.0},{"damage_healed":0.0,"max_hp_gain":0.0,"max_hp_loss":0.0,"gold_gain":0.0,"event_name":"Duplicator","player_choice":"Copied","floor":20.0,"gold_loss":0.0,"damage_taken":0.0,"cards_obtained":["Magnetism"]}],"is_beta":false,"boss_relics":[{"not_picked":["Nuclear Battery","Busted Crown"],"picked":"FrozenCore"}],"items_purged_floors":[19],"is_endless":false,"potions_floor_spawned":[1,12,14,22,28],"killed_by":"Slavers","ascension_level":10}