{"gold_per_floor":[361,361,376,388,36,36,63,80,104,119,119,132,151,28,28,127,127,138,48,64,79,79,79,49,49],"floor_reached":25,"playtime":4309,"items_purged":[],"score":230,"play_id":"4303ab1b-7e55-4c1c-ad78-9e45e54406c5","local_time":"20190522182731","is_ascension_mode":false,"campfire_choices":[{"data":"Deadly Poison","floor":6.0,"key":"SMITH"},{"data":"Endless Agony","floor":11.0,"key":"SMITH"},{"floor":15.0,"key":"REST"},{"floor":23.0,"key":"REST"}],"neow_cost":"PERCENT_DAMAGE","seed_source_timestamp":0,"circlet_count":0,"master_deck":["Defend_G","Defend_G","Defend_G","Defend_G","Survivor","Neutralize","Deadly Poison+1","Distraction","Dodge and Roll","Well Laid Plans","Backflip","Leg Sweep","Dagger Spray","Endless Agony+1","Infinite Blades","Dagger Throw","Terror","Bane","Calculated Gamble","Impatience","Envenom","Escape Plan+1","Flechettes","Blade Dance","Infinite Blades","Venomology","Bite","Bite","Bite","Bite","Bite"],"special_seed":0,"relics":["Ring of the Snake","Oddly Smooth Stone","Bag of Preparation","Strawberry","WristBlade"],"potions_floor_usage":[25],"damage_taken":[{"damage":0.0,"enemies":"Small Slimes","floor":1.0,"turns":5.0},{"damage":1.0,"enemies":"Cultist","floor":3.0,"turns":4.0},{"damage":0.0,"enemies":"Jaw Worm","floor":4.0,"turns":4.0},{"damage":8.0,"enemies":"Lagavulin","floor":7.0,"turns":8.0},{"damage":0.0,"enemies":"Exordium Thugs","floor":8.0,"turns":4.0},{"damage":0.0,"enemies":"Looter","floor":10.0,"turns":3.0},{"damage":12.0,"enemies":"Blue Slaver","floor":12.0,"turns":4.0},{"damage":5.0,"enemies":"2 Fungi Beasts","floor":13.0,"turns":3.0},{"damage":14.0,"enemies":"Slime Boss","floor":16.0,"turns":9.0},{"damage":19.0,"enemies":"Shell Parasite","floor":18.0,"turns":5.0},{"damage":20.0,"enemies":"Spheric Guardian","floor":20.0,"turns":4.0},{"damage":21.0,"enemies":"Snake Plant","floor":21.0,"turns":5.0},{"damage":0,"enemies":"Sentry and Sphere","floor":25,"turns":2}],"seed_played":"-2363223524946723296","potions_obtained":[{"floor":3.0,"key":"AttackPotion"},{"floor":4.0,"key":"AttackPotion"},{"floor":12.0,"key":"SneckoOil"},{"floor":13.0,"key":"SkillPotion"},{"floor":16.0,"key":"Swift Potion"},{"floor":18.0,"key":"Fruit Juice"},{"floor":24.0,"key":"GamblersBrew"},{"floor":24.0,"key":"Swift Potion"}],"is_trial":false,"path_per_floor":["M","?","M","M","$","R","E","M","T","M","R","M","M","$","R","B",null,"M","$","M","M","?","R","?","M"],"character_chosen":"THE_SILENT","items_purchased":["Well Laid Plans","Oddly Smooth Stone","Backflip","Leg Sweep","Dagger Spray","Calculated Gamble","Impatience","Flechettes","Blade Dance"],"campfire_rested":2,"item_purchase_floors":[5,5,5,5,5,14,14,19,19],"current_hp_per_floor":[49,49,48,48,48,48,40,40,47,47,47,35,30,30,53,39,77,58,58,43,22,22,39,39,39],"gold":49,"neow_bonus":"TWO_FIFTY_GOLD","is_prod":false,"is_daily":false,"chose_seed":false,"campfire_upgraded":2,"win_rate":0.0,"timestamp":1558574851,"path_taken":["M","?","?","M","$","R","E","M","T","M","R","M","M","$","R","BOSS","M","$","M","M","?","R","?","?"],"build_version":"2019-01-23","purchased_purges":0,"victory":false,"max_hp_per_floor":[70,70,70,70,70,70,70,70,77,77,77,77,77,77,77,77,77,77,77,82,82,57,57,57,57],"card_choices":[{"not_picked":["Outmaneuver","Backflip"],"picked":"Deadly Poison","floor":1.0},{"not_picked":["Acrobatics","PiercingWail"],"picked":"Distraction","floor":3.0},{"not_picked":["Catalyst","Slice"],"picked":"Dodge and Roll","floor":4.0},{"not_picked":["Slice","Calculated Gamble"],"picked":"Endless Agony","floor":7.0},{"not_picked":["Quick Slash","Blade Dance"],"picked":"Infinite Blades","floor":8.0},{"not_picked":["Riddle With Holes","Dagger Spray"],"picked":"Dagger Throw","floor":10.0},{"not_picked":["Dash","Prepared"],"picked":"Terror","floor":12.0},{"not_picked":["Skewer","Tactician"],"picked":"Bane","floor":13.0},{"not_picked":["Doppelganger","Wraith Form v2"],"picked":"Envenom","floor":16.0},{"not_picked":["Sucker Punch","Prepared"],"picked":"Escape Plan+1","floor":18.0},{"not_picked":["Eviscerate","Underhanded Strike"],"picked":"Infinite Blades","floor":20.0},{"not_picked":["Blade Dance","Leg Sweep"],"picked":"Venomology","floor":21.0}],"player_experience":163379,"relics_obtained":[{"floor":7.0,"key":"Bag of Preparation"},{"floor":9.0,"key":"Strawberry"}],"event_choices":[{"cards_removed":["Defend_G"],"damage_healed":0.0,"max_hp_gain":0.0,"max_hp_loss":0.0,"gold_gain":0.0,"event_name":"NoteForYourself","player_choice":"Took Card","floor":2.0,"gold_loss":0.0,"damage_taken":0.0,"cards_obtained":["Strike_B"]},{"damage_healed":0.0,"max_hp_gain":0.0,"max_hp_loss":25.0,"gold_gain":0.0,"event_name":"Vampires","player_choice":"Became a vampire","floor":22.0,"gold_loss":0.0,"damage_taken":0.0,"cards_obtained":["Bite","Bite","Bite","Bite","Bite"]},{"damage_healed":0.0,"max_hp_gain":0.0,"max_hp_loss":0.0,"gold_gain":0.0,"event_name":"The Woman in Blue","player_choice":"Bought 2 Potions","floor":24.0,"gold_loss":0.0,"damage_taken":0.0}],"is_beta":false,"boss_relics":[{"not_picked":["Busted Crown","Sozu"],"picked":"WristBlade"}],"items_purged_floors":[],"is_endless":false,"potions_floor_spawned":[3,4,12,13,16,18],"killed_by":"Sentry and Sphere","ascension_level":0}