{"gold_per_floor":[111,126,76,88,88,115,115,115,115,65,92,92,106,31,31,129,129,147,147,147,147,164,164],"floor_reached":23,"playtime":4372,"items_purged":["Regret"],"score":197,"play_id":"4fb1b641-ccc4-4519-918c-f26e3ec6cbea","local_time":"20190527181345","is_ascension_mode":false,"campfire_choices":[{"data":"Defragment","floor":8,"key":"SMITH"},{"data":"Zap","floor":12,"key":"SMITH"},{"floor":15,"key":"REST"}],"neow_cost":"NONE","seed_source_timestamp":66260144219295,"circlet_count":0,"master_deck":["Strike_B","Defend_B","Defend_B","Defend_B","Defend_B","Zap+1","Dualcast","Genetic Algorithm","Cold Snap","Conserve Battery","Defragment+1","Parasite","Rebound+1","Recycle","Steam","Creative AI","Steam","Scrape+1","Core Surge+1","Aggregate"],"relics":["Cracked Core","Molten Egg 2","Darkstone Periapt","Pantograph","Vajra","Black Star","Nilry\u0027s Codex","Shuriken"],"potions_floor_usage":[16,16,18,23],"damage_taken":[{"damage":0,"enemies":"2 Louse","floor":1,"turns":2},{"damage":4,"enemies":"Jaw Worm","floor":2,"turns":4},{"damage":3,"enemies":"Small Slimes","floor":4,"turns":3},{"damage":36,"enemies":"3 Sentries","floor":6,"turns":12},{"damage":21,"enemies":"Gremlin Nob","floor":11,"turns":5},{"damage":3,"enemies":"Looter","floor":13,"turns":4},{"damage":17,"enemies":"Slime Boss","floor":16,"turns":14},{"damage":8,"enemies":"Shell Parasite","floor":18,"turns":10},{"damage":0,"enemies":"Spheric Guardian","floor":22,"turns":5},{"damage":65,"enemies":"Slavers","floor":23,"turns":5}],"seed_played":"7894843520554315","potions_obtained":[{"floor":1,"key":"EssenceOfSteel"},{"floor":11,"key":"Dexterity Potion"},{"floor":13,"key":"FocusPotion"},{"floor":18,"key":"SteroidPotion"}],"is_trial":false,"path_per_floor":["M","M","?","M","?","E","?","R","T","$","E","R","M","$","R","B",null,"M","?","?","?","M","E"],"character_chosen":"DEFECT","items_purchased":["Rebound+1"],"campfire_rested":1,"item_purchase_floors":[10],"current_hp_per_floor":[82,78,78,75,75,39,65,65,65,65,44,44,41,41,67,71,88,80,64,64,64,64,0],"gold":164,"neow_bonus":"TEN_PERCENT_HP_BONUS","is_prod":false,"is_daily":false,"chose_seed":false,"campfire_upgraded":2,"win_rate":0.0,"timestamp":1559006025,"path_taken":["M","M","?","M","?","E","?","R","T","$","E","R","M","$","R","BOSS","M","?","?","?","M","E"],"build_version":"2019-01-23","purchased_purges":1,"victory":false,"max_hp_per_floor":[82,82,82,82,82,82,88,88,88,88,88,88,88,88,88,88,88,88,88,88,88,88,88],"card_choices":[{"not_picked":["Beam Cell","Streamline"],"picked":"Genetic Algorithm","floor":1},{"not_picked":["Redo","Barrage"],"picked":"Cold Snap","floor":2},{"not_picked":["Leap","Gash"],"picked":"Conserve Battery","floor":4},{"not_picked":["Rebound+1","Force Field"],"picked":"Defragment","floor":6},{"not_picked":["BootSequence","Compile Driver+1"],"picked":"Recycle","floor":11},{"not_picked":["Leap","Undo"],"picked":"Steam","floor":13},{"not_picked":["Thunder Strike+1","Core Surge+1"],"picked":"Creative AI","floor":16},{"not_picked":["Rip and Tear+1","Gash+1"],"picked":"Steam","floor":18},{"not_picked":["Streamline+1","Capacitor"],"picked":"Aggregate","floor":22}],"player_experience":208162,"relics_obtained":[{"floor":6,"key":"Darkstone Periapt"},{"floor":9,"key":"Pantograph"},{"floor":11,"key":"Vajra"},{"floor":19,"key":"Nilry\u0027s Codex"}],"event_choices":[{"cards_removed":["Strike_B"],"damage_healed":0,"gold_gain":0,"player_choice":"Card Removal","damage_taken":0,"max_hp_gain":0,"max_hp_loss":0,"event_name":"The Cleric","floor":3,"gold_loss":50},{"damage_healed":0,"gold_gain":0,"player_choice":"Box","damage_taken":0,"relics_obtained":["Molten Egg 2"],"max_hp_gain":0,"max_hp_loss":0,"event_name":"Big Fish","floor":5,"gold_loss":0,"cards_obtained":["Regret"]},{"damage_healed":20,"gold_gain":0,"player_choice":"Healed and dodged fight","damage_taken":0,"max_hp_gain":0,"max_hp_loss":0,"event_name":"Mushrooms","floor":7,"gold_loss":0,"cards_obtained":["Parasite"]},{"damage_healed":0,"gold_gain":0,"player_choice":"Obtained Book","damage_taken":16,"max_hp_gain":0,"max_hp_loss":0,"event_name":"Cursed Tome","floor":19,"gold_loss":0},{"damage_healed":0,"gold_gain":0,"player_choice":"Opened","damage_taken":0,"relics_obtained":["Shuriken"],"max_hp_gain":0,"max_hp_loss":0,"event_name":"The Mausoleum","floor":20,"gold_loss":0},{"damage_healed":0,"gold_gain":0,"cards_transformed":["Strike_B","Strike_B"],"player_choice":"Became Test Subject","damage_taken":0,"max_hp_gain":0,"max_hp_loss":0,"event_name":"Drug Dealer","floor":21,"gold_loss":0,"cards_obtained":["Scrape","Core Surge"]}],"is_beta":false,"boss_relics":[{"not_picked":["Tiny House","Eternal Feather"],"picked":"Black Star"}],"items_purged_floors":[14],"is_endless":false,"potions_floor_spawned":[1,11,13,18],"killed_by":"Slavers","ascension_level":0}