{"gold_per_floor":[111,111,131,13,13,42,5,5,5,5,76,100,131,155,155,280,280,300,10,28,41,41,41,79,79,133,133,103,15,50,69,69,69],"floor_reached":33,"playtime":3947,"items_purged":[],"score":341,"play_id":"1e1eb8d7-763d-40c0-9949-73dd5f0ec9c9","local_time":"20190515005352","is_ascension_mode":false,"campfire_choices":[{"data":"Caltrops","floor":8,"key":"SMITH"},{"data":"After Image","floor":15,"key":"SMITH"},{"floor":23,"key":"REST"},{"floor":25,"key":"REST"},{"data":"Noxious Fumes","floor":27,"key":"SMITH"},{"floor":32,"key":"REST"}],"neow_cost":"CURSE","seed_source_timestamp":370355037163093,"circlet_count":0,"master_deck":["Defend_G","Defend_G","Defend_G","Defend_G","Defend_G","Strike_G","Strike_G","Strike_G","Strike_G","Strike_G","Survivor","Neutralize","Injury","Backstab","Regret","Dagger Spray","Footwork","Backstab","Blur+1","Caltrops+1","Injury","Crippling Poison+1","Deflect+1","After Image+1","Prepared+1","Malaise+1","Escape Plan+1","Well Laid Plans","Unload","Blade Dance+1","Enlightenment+1","Outmaneuver+1","Underhanded Strike","Shame","Noxious Fumes+1","Distraction+1","Caltrops","Backflip+1","Bouncing Flask+1","Acrobatics+1","Flying Knee+1"],"relics":["Ring of the Snake","Ginger","PreservedInsect","Toxic Egg 2","Orichalcum","Meat on the Bone","Golden Idol","Anchor","The Specimen","HoveringKite","WingedGreaves","Dream Catcher","Strawberry","Molten Egg 2"],"potions_floor_usage":[11,16,16,24,33,33,33],"damage_taken":[{"damage":0,"enemies":"2 Louse","floor":1,"turns":3},{"damage":0,"enemies":"Small Slimes","floor":3,"turns":3},{"damage":2,"enemies":"Gremlin Nob","floor":6,"turns":4},{"damage":13,"enemies":"Gremlin Nob","floor":11,"turns":4},{"damage":0,"enemies":"Cultist","floor":12,"turns":3},{"damage":15,"enemies":"Lagavulin","floor":13,"turns":5},{"damage":3,"enemies":"Exordium Thugs","floor":14,"turns":5},{"damage":2,"enemies":"The Guardian","floor":16,"turns":15},{"damage":19,"enemies":"3 Byrds","floor":18,"turns":6},{"damage":6,"enemies":"Chosen","floor":20,"turns":6},{"damage":30,"enemies":"Shelled Parasite and Fungi","floor":21,"turns":7},{"damage":24,"enemies":"Gremlin Leader","floor":24,"turns":6},{"damage":23,"enemies":"Slavers","floor":30,"turns":5},{"damage":3,"enemies":"Centurion and Healer","floor":31,"turns":6},{"damage":74,"enemies":"Collector","floor":33,"turns":7}],"seed_played":"-2238445359884153559","potions_obtained":[{"floor":1,"key":"SteroidPotion"},{"floor":3,"key":"Poison Potion"},{"floor":6,"key":"SkillPotion"},{"floor":16,"key":"GhostInAJar"},{"floor":20,"key":"FearPotion"},{"floor":28,"key":"Poison Potion"},{"floor":28,"key":"LiquidBronze"}],"is_trial":false,"path_per_floor":["M","?","M","$","?","E","$","R","T","?","?","M","E","M","R","B",null,"M","$","M","M","?","R","E","R","T","R","?","$","E","M","R","B"],"character_chosen":"THE_SILENT","items_purchased":["Footwork","Backstab","Caltrops","Well Laid Plans","Unload","Blade Dance+1","Enlightenment+1","Caltrops","Backflip+1"],"campfire_rested":3,"item_purchase_floors":[4,4,7,19,19,19,19,29,29],"current_hp_per_floor":[70,70,70,70,67,65,65,65,65,65,52,52,37,46,46,44,70,51,51,45,27,27,48,36,57,64,64,64,64,41,50,73,0],"gold":69,"neow_bonus":"ONE_RARE_RELIC","is_prod":false,"is_daily":false,"chose_seed":false,"campfire_upgraded":3,"win_rate":0.0,"timestamp":1557906832,"path_taken":["M","?","M","$","?","E","$","R","T","?","?","M","E","M","R","BOSS","M","$","M","M","?","R","E","R","T","R","?","$","E","M","R","BOSS"],"build_version":"2019-01-23","purchased_purges":0,"victory":false,"max_hp_per_floor":[70,70,70,70,70,70,70,70,70,70,70,70,70,70,70,70,70,70,70,70,70,70,70,70,70,77,77,77,77,77,77,77,77],"card_choices":[{"not_picked":["Slice","Expertise"],"picked":"Backstab","floor":1},{"not_picked":["Poisoned Stab","Leg Sweep"],"picked":"Dagger Spray","floor":3},{"not_picked":["Noxious Fumes","Dagger Spray"],"picked":"Blur+1","floor":6},{"not_picked":["Riddle With Holes","Poisoned Stab"],"picked":"Crippling Poison+1","floor":11},{"not_picked":["Dagger Spray","Masterful Stab"],"picked":"Deflect+1","floor":12},{"not_picked":["Leg Sweep+1","Deflect+1"],"picked":"After Image","floor":13},{"not_picked":["Caltrops","Deflect+1"],"picked":"Prepared+1","floor":14},{"not_picked":["Die Die Die","Night Terror+1"],"picked":"Malaise+1","floor":16},{"not_picked":["All Out Attack","Dagger Spray"],"picked":"Escape Plan+1","floor":18},{"not_picked":["Skewer+1","Acrobatics+1"],"picked":"Outmaneuver+1","floor":20},{"not_picked":["Skewer+1","Dagger Spray+1"],"picked":"Underhanded Strike","floor":21},{"not_picked":["Slice","Infinite Blades+1"],"picked":"Noxious Fumes","floor":24},{"not_picked":["Dagger Spray","Predator"],"picked":"Distraction+1","floor":25},{"not_picked":["Dagger Spray+1","Prepared+1"],"picked":"Bouncing Flask+1","floor":30},{"not_picked":["Backflip+1","Skewer+1"],"picked":"Acrobatics+1","floor":31},{"not_picked":["Calculated Gamble+1","Outmaneuver+1"],"picked":"Flying Knee+1","floor":32}],"player_experience":140838,"relics_obtained":[{"floor":6,"key":"Orichalcum"},{"floor":9,"key":"Meat on the Bone"},{"floor":13,"key":"The Specimen"},{"floor":24,"key":"Dream Catcher"},{"floor":26,"key":"Strawberry"},{"floor":30,"key":"Molten Egg 2"}],"event_choices":[{"damage_healed":0,"gold_gain":0,"player_choice":"Box","damage_taken":0,"relics_obtained":["PreservedInsect"],"max_hp_gain":0,"max_hp_loss":0,"event_name":"Big Fish","floor":2,"gold_loss":0,"cards_obtained":["Regret"]},{"damage_healed":0,"gold_gain":0,"player_choice":"Success","damage_taken":3,"relics_obtained":["Toxic Egg 2"],"max_hp_gain":0,"max_hp_loss":0,"event_name":"Scrap Ooze","floor":5,"gold_loss":0},{"damage_healed":0,"gold_gain":0,"player_choice":"Take Wound","damage_taken":0,"relics_obtained":["Golden Idol"],"max_hp_gain":0,"max_hp_loss":0,"event_name":"Golden Idol","floor":10,"gold_loss":0,"cards_obtained":["Injury"]},{"damage_healed":0,"gold_gain":0,"player_choice":"Searched \u00272\u0027 times","damage_taken":0,"relics_obtained":["Anchor"],"max_hp_gain":0,"max_hp_loss":0,"event_name":"Dead Adventurer","floor":11,"gold_loss":0},{"damage_healed":0,"gold_gain":0,"player_choice":"Stole Relic","damage_taken":0,"relics_obtained":["WingedGreaves"],"max_hp_gain":0,"max_hp_loss":0,"event_name":"Addict","floor":22,"gold_loss":0,"cards_obtained":["Shame"]},{"damage_healed":0,"gold_gain":0,"player_choice":"Bought 2 Potions","damage_taken":0,"max_hp_gain":0,"max_hp_loss":0,"event_name":"The Woman in Blue","floor":28,"gold_loss":0}],"is_beta":false,"boss_relics":[{"not_picked":["Ring of the Serpent","Tiny House"],"picked":"HoveringKite"}],"items_purged_floors":[],"is_endless":false,"potions_floor_spawned":[1,3,6,16,20,30],"killed_by":"Collector","ascension_level":0}