{"gold_per_floor":[110,110,40,40,40,73,73,92,119,142,142,162,12,56,56,177,177,201,201,226,276,297,297,297],"floor_reached":24,"playtime":1607,"items_purged":[],"score":366,"play_id":"78d59fe3-a346-4494-a8c6-9d926f375144","local_time":"20190828070534","is_ascension_mode":true,"campfire_choices":[{"data":"1","floor":7.0,"key":"LIFT"},{"floor":11.0,"key":"REST"},{"floor":15.0,"key":"REST"},{"data":"2","floor":23,"key":"LIFT"}],"neow_cost":"NONE","seed_source_timestamp":57120600301923,"circlet_count":0,"master_deck":["AscendersBane","Strike_B","Strike_B+1","Defend_B","Defend_B","Defend_B","Defend_B","Zap","Dualcast","Tempest","Steam","Go for the Eyes+1","Rebound","Machine Learning","Defragment","Cold Snap","Reprogram","Biased Cognition","Skim","Self Repair","Fusion+1"],"special_seed":0,"relics":["Cracked Core","NeowsBlessing","Golden Idol","Anchor","Girya","Whetstone","Bronze Scales","Bottled Flame","Coffee Dripper"],"potions_floor_usage":[],"damage_taken":[{"damage":0.0,"enemies":"Cultist","floor":1.0,"turns":1.0},{"damage":0.0,"enemies":"Gremlin Nob","floor":6.0,"turns":1.0},{"damage":0.0,"enemies":"Jaw Worm","floor":8.0,"turns":1.0},{"damage":0.0,"enemies":"2 Louse","floor":10.0,"turns":2.0},{"damage":0.0,"enemies":"Red Slaver","floor":12.0,"turns":3.0},{"damage":26.0,"enemies":"3 Sentries","floor":14.0,"turns":5.0},{"damage":25.0,"enemies":"Slime Boss","floor":16.0,"turns":10.0},{"damage":17.0,"enemies":"2 Thieves","floor":18.0,"turns":4.0},{"damage":6.0,"enemies":"Spheric Guardian","floor":20.0,"turns":3.0},{"damage":33,"enemies":"3 Cultists","floor":22,"turns":6},{"damage":46,"enemies":"Snecko","floor":24,"turns":5}],"seed_played":"1622006789625108097","potions_obtained":[{"floor":6.0,"key":"Block Potion"},{"floor":8.0,"key":"SteroidPotion"},{"floor":16.0,"key":"Dexterity Potion"},{"floor":18.0,"key":"Regen Potion"},{"floor":22,"key":"FearPotion"}],"is_trial":false,"path_per_floor":["M","?","$","?","?","E","R","M","T","M","R","M","$","E","R","B",null,"M","?","M","?","M","R","M"],"character_chosen":"DEFECT","items_purchased":["Steam","Go for the Eyes","Bronze Scales"],"campfire_rested":2,"item_purchase_floors":[3,3,13],"current_hp_per_floor":[68,50,50,25,25,25,25,25,25,25,47,47,47,21,43,18,61,44,44,47,47,21,21,0],"gold":297,"neow_bonus":"THREE_ENEMY_KILL","is_prod":false,"is_daily":false,"chose_seed":false,"campfire_upgraded":0,"win_rate":0,"timestamp":1566990334,"path_taken":["M","?","$","?","?","E","R","M","T","?","R","M","?","E","R","BOSS","M","?","M","?","M","R","M"],"build_version":"2019-07-17","purchased_purges":0,"victory":false,"max_hp_per_floor":[75,75,75,75,75,75,75,75,75,75,75,75,75,75,75,75,75,75,75,75,75,75,75,75],"card_choices":[{"not_picked":["Redo","Hello World"],"picked":"Tempest","floor":1.0},{"not_picked":["Chaos","Stack"],"picked":"Rebound","floor":6.0},{"not_picked":["Turbo","Sweeping Beam"],"picked":"Machine Learning","floor":8.0},{"not_picked":["Chaos","Heatsinks"],"picked":"Defragment","floor":10.0},{"not_picked":["Compile Driver","Barrage"],"picked":"Cold Snap","floor":12.0},{"not_picked":["Steam","Barrage"],"picked":"Reprogram","floor":14.0},{"not_picked":["All For One","Creative AI"],"picked":"Biased Cognition","floor":16.0},{"not_picked":["Hologram","Genetic Algorithm"],"picked":"Skim","floor":18.0},{"not_picked":["Beam Cell","Doom and Gloom"],"picked":"Self Repair","floor":20.0},{"not_picked":["Darkness","Cold Snap"],"picked":"Fusion+1","floor":22}],"player_experience":1209677,"relics_obtained":[{"floor":6.0,"key":"Girya"},{"floor":9.0,"key":"Whetstone"},{"floor":14.0,"key":"Bottled Flame"}],"event_choices":[{"damage_healed":0.0,"max_hp_gain":0.0,"max_hp_loss":0.0,"gold_gain":0.0,"event_name":"Golden Idol","player_choice":"Take Damage","floor":2.0,"gold_loss":0.0,"damage_taken":18.0,"relics_obtained":["Golden Idol"]},{"damage_healed":0.0,"max_hp_gain":0.0,"max_hp_loss":0.0,"gold_gain":0.0,"event_name":"Scrap Ooze","player_choice":"Success","floor":4.0,"gold_loss":0.0,"damage_taken":25.0,"relics_obtained":["Anchor"]},{"cards_removed":["Strike_B"],"damage_healed":0.0,"max_hp_gain":0.0,"max_hp_loss":0.0,"gold_gain":0.0,"event_name":"Bonfire Elementals","player_choice":"Offered Basic","floor":5.0,"gold_loss":0.0,"damage_taken":0.0},{"cards_removed":["Strike_B"],"damage_healed":0.0,"max_hp_gain":0.0,"max_hp_loss":0.0,"gold_gain":0.0,"event_name":"Back to Basics","player_choice":"Elegance","floor":19.0,"gold_loss":0.0,"damage_taken":0.0},{"damage_healed":0.0,"max_hp_gain":0.0,"max_hp_loss":0.0,"gold_gain":100.0,"event_name":"The Joust","player_choice":"Bet on Murderer","floor":21.0,"gold_loss":50.0,"damage_taken":0.0}],"is_beta":false,"boss_relics":[{"not_picked":["Lizard Tail","Snecko Eye"],"picked":"Coffee Dripper"}],"items_purged_floors":[],"is_endless":false,"potions_floor_spawned":[6,8,16,18,22],"killed_by":"Snecko","ascension_level":12}