{"gold_per_floor":[117,117,117,129,129,155,155,182,209,209,221,251,264,284,284,379,379,397,35,48,64,64,91,91,124,198,198,212,231,256,256,256,359,359,379,379,397,497,132,132,165,165,210,239,239,269,269,286,286,286,286,286,92,120,120],"floor_reached":56,"playtime":4932,"items_purged":["Strike_R","Strike_R","Defend_R"],"score":1750,"play_id":"eed1fc9b-0499-4341-9336-d817d6d19a6a","local_time":"20190909121153","is_ascension_mode":true,"campfire_choices":[{"data":"Inflame","floor":10.0,"key":"SMITH"},{"data":"Anger","floor":15.0,"key":"SMITH"},{"floor":24.0,"key":"REST"},{"floor":32.0,"key":"REST"},{"floor":40,"key":"REST"},{"floor":42,"key":"RECALL"},{"floor":49,"key":"REST"},{"floor":52,"key":"REST"}],"neow_cost":"CURSE","seed_source_timestamp":0,"circlet_count":0,"master_deck":["Defend_R","Defend_R","Defend_R","Bash","Anger+1","Corruption","Carnage","Inflame+1","Battle Trance","Clothesline","Iron Wave","Cleave","Offering","Shrug It Off","Pummel","Flame Barrier","Demon Form","True Grit+1","Inflame+1","Impervious","Burning Pact","Headbutt+1","Feel No Pain","Pummel","Feel No Pain","Brutality","Spot Weakness+1","Clash+1","Carnage+1","Body Slam+1","Disarm","Flame Barrier","Sentinel","Evolve","Pummel","Bandage Up","Feel No Pain+1","Limit Break","Thunderclap","Rupture","Power Through","Shrug It Off+1"],"special_seed":0,"relics":["Burning Blood","Incense Burner","Vajra","StoneCalendar","Bag of Marbles","Boot","Sundial","Fusion Hammer","Enchiridion","Gremlin Horn","Torii","Self Forming Clay","Smiling Mask","Pen Nib","Astrolabe","Ginger","Magic Flower","Bag of Preparation","Red Skull","Ancient Tea Set","Anchor","Orichalcum","Mango"],"potions_floor_usage":[46,55],"damage_taken":[{"damage":9.0,"enemies":"Small Slimes","floor":1.0,"turns":4.0},{"damage":7.0,"enemies":"Jaw Worm","floor":4.0,"turns":4.0},{"damage":10.0,"enemies":"Gremlin Nob","floor":6.0,"turns":3.0},{"damage":25.0,"enemies":"Lagavulin","floor":8.0,"turns":5.0},{"damage":7.0,"enemies":"2 Louse","floor":11.0,"turns":2.0},{"damage":15.0,"enemies":"3 Sentries","floor":12.0,"turns":5.0},{"damage":8.0,"enemies":"Gremlin Gang","floor":13.0,"turns":3.0},{"damage":7.0,"enemies":"Exordium Wildlife","floor":14.0,"turns":3.0},{"damage":29.0,"enemies":"The Guardian","floor":16.0,"turns":7.0},{"damage":8.0,"enemies":"Shell Parasite","floor":18.0,"turns":3.0},{"damage":6.0,"enemies":"Spheric Guardian","floor":20.0,"turns":3.0},{"damage":14.0,"enemies":"Snecko","floor":21.0,"turns":4.0},{"damage":6.0,"enemies":"Gremlin Leader","floor":23.0,"turns":5.0},{"damage":12.0,"enemies":"Book of Stabbing","floor":25.0,"turns":4.0},{"damage":6.0,"enemies":"Sentry and Sphere","floor":28.0,"turns":3.0},{"damage":1.0,"enemies":"Cultist and Chosen","floor":29.0,"turns":5.0},{"damage":7.0,"enemies":"Slavers","floor":30.0,"turns":3.0},{"damage":24.0,"enemies":"Champ","floor":33.0,"turns":8.0},{"damage":26,"enemies":"3 Darklings","floor":35,"turns":5},{"damage":2,"enemies":"3 Shapes","floor":37,"turns":3},{"damage":3,"enemies":"Mind Bloom Boss Battle","floor":38,"turns":7},{"damage":14,"enemies":"Nemesis","floor":41,"turns":5},{"damage":35,"enemies":"Reptomancer","floor":44,"turns":5},{"damage":33,"enemies":"Nemesis","floor":46,"turns":7},{"damage":7,"enemies":"3 Darklings","floor":48,"turns":2},{"damage":36,"enemies":"Time Eater","floor":50,"turns":8},{"damage":44,"enemies":"Shield and Spear","floor":54,"turns":5},{"damage":33,"enemies":"The Heart","floor":55,"turns":7}],"seed_played":"-2372310533543284484","potions_obtained":[{"floor":4.0,"key":"Explosive Potion"},{"floor":6.0,"key":"SpeedPotion"},{"floor":7.0,"key":"AttackPotion"},{"floor":7.0,"key":"SkillPotion"},{"floor":11.0,"key":"Explosive Potion"},{"floor":12.0,"key":"EntropicBrew"},{"floor":13.0,"key":"Energy Potion"},{"floor":21.0,"key":"Explosive Potion"},{"floor":23.0,"key":"SteroidPotion"},{"floor":29.0,"key":"PowerPotion"},{"floor":30.0,"key":"BloodPotion"},{"floor":37,"key":"Weak Potion"},{"floor":48,"key":"SkillPotion"}],"is_trial":false,"path_per_floor":["M","?","?","M","?","E","?","E","T","R","M","E","M","M","R","B",null,"M","$","M","M","?","E","R","E","T","?","M","M","E","?","R","B",null,"M","T","M","?","$","R","E","R","T","E","T","E","T","M","R","B",null,"R","$","E","B",null],"character_chosen":"IRONCLAD","items_purchased":["Pummel","Flame Barrier","Demon Form","Sentinel","Evolve","Pummel","Bandage Up","Rupture","Power Through"],"campfire_rested":5,"item_purchase_floors":[19,19,19,39,39,39,39,53,53],"current_hp_per_floor":[69,74,67,66,66,62,62,43,43,43,42,33,31,30,30,7,66,64,64,64,56,40,40,65,59,59,59,59,64,63,63,85,67,81,61,61,65,68,68,85,81,81,81,60,60,42,42,44,69,48,76,85,85,70,52],"gold":120,"neow_bonus":"ONE_RARE_RELIC","is_prod":false,"is_daily":false,"chose_seed":false,"campfire_upgraded":2,"win_rate":0,"timestamp":1568045513,"path_taken":["M","?","?","M","?","E","?","E","T","R","M","E","?","M","R","BOSS","M","$","M","M","?","E","R","E","T","?","M","M","E","?","R","BOSS","BOSS","M","?","M","?","$","R","E","R","T","E","?","E","?","M","R","BOSS","R","$","E","BOSS"],"build_version":"2019-07-17","purchased_purges":3,"victory":true,"max_hp_per_floor":[80,85,85,85,85,85,85,85,85,85,85,85,85,85,85,85,85,85,85,85,85,85,85,85,85,85,85,85,85,85,85,85,85,85,85,85,85,85,85,85,85,85,85,85,85,85,85,85,85,85,85,85,85,99,99],"card_choices":[{"not_picked":["Pommel Strike","Body Slam"],"picked":"Anger","floor":1.0},{"not_picked":["Armaments","Seeing Red"],"picked":"Corruption","floor":4.0},{"not_picked":["Anger","Dual Wield"],"picked":"Carnage","floor":6.0},{"not_picked":["Reckless Charge","Thunderclap"],"picked":"Inflame","floor":8.0},{"not_picked":["Twin Strike","Second Wind"],"picked":"Battle Trance","floor":11.0},{"not_picked":["Second Wind","Flex"],"picked":"Clothesline","floor":12.0},{"not_picked":["Wild Strike","Headbutt"],"picked":"Iron Wave","floor":13.0},{"not_picked":["Twin Strike","Flex"],"picked":"Cleave","floor":14.0},{"not_picked":["Berserk","Barricade"],"picked":"Offering","floor":16.0},{"not_picked":["Cleave+1","Havoc"],"picked":"Shrug It Off","floor":18.0},{"not_picked":["Seeing Red","Fiend Fire"],"picked":"True Grit+1","floor":20.0},{"not_picked":["Armaments","Corruption+1"],"picked":"Inflame+1","floor":21.0},{"not_picked":["Infernal Blade","Wild Strike"],"picked":"Impervious","floor":23.0},{"not_picked":["Thunderclap+1","Perfected Strike"],"picked":"Burning Pact","floor":25.0},{"not_picked":["Wild Strike","Flex"],"picked":"Headbutt+1","floor":28.0},{"not_picked":["True Grit","Burning Pact+1"],"picked":"Feel No Pain","floor":29.0},{"not_picked":["Seeing Red","Flex"],"picked":"Pummel","floor":30.0},{"not_picked":["Double Tap","Immolate"],"picked":"Brutality","floor":33},{"not_picked":["True Grit","Shrug It Off"],"picked":"Body Slam+1","floor":35},{"not_picked":["Clothesline+1","Iron Wave+1"],"picked":"Disarm","floor":37},{"not_picked":["Twin Strike+1","True Grit+1"],"picked":"Flame Barrier","floor":38},{"not_picked":["Body Slam+1","Twin Strike+1"],"picked":"Feel No Pain+1","floor":41},{"not_picked":["Clothesline+1","Spot Weakness"],"picked":"Limit Break","floor":44},{"not_picked":["Armaments","Spot Weakness"],"picked":"Thunderclap","floor":46},{"not_picked":["Anger","Cleave","Clothesline"],"picked":"SKIP","floor":48},{"not_picked":["Demon Form","Bludgeon"],"picked":"Shrug It Off+1","floor":54}],"player_experience":1347532,"relics_obtained":[{"floor":6.0,"key":"StoneCalendar"},{"floor":8.0,"key":"Bag of Marbles"},{"floor":9.0,"key":"Boot"},{"floor":12.0,"key":"Sundial"},{"floor":22.0,"key":"Enchiridion"},{"floor":23.0,"key":"Gremlin Horn"},{"floor":25.0,"key":"Torii"},{"floor":26.0,"key":"Self Forming Clay"},{"floor":30.0,"key":"Pen Nib"},{"floor":38,"key":"Ginger"},{"floor":41,"key":"Magic Flower"},{"floor":43,"key":"Bag of Preparation"},{"floor":44,"key":"Red Skull"},{"floor":45,"key":"Ancient Tea Set"},{"floor":46,"key":"Anchor"},{"floor":47,"key":"Orichalcum"},{"floor":54,"key":"Mango"}],"event_choices":[{"damage_healed":0.0,"max_hp_gain":5.0,"max_hp_loss":0.0,"gold_gain":0.0,"event_name":"Big Fish","player_choice":"Donut","floor":2.0,"gold_loss":0.0,"damage_taken":0.0},{"damage_healed":0.0,"max_hp_gain":0.0,"max_hp_loss":0.0,"gold_gain":0.0,"event_name":"Scrap Ooze","player_choice":"Success","floor":3.0,"gold_loss":0.0,"damage_taken":7.0,"relics_obtained":["Vajra"]},{"cards_removed":["Shame"],"damage_healed":0.0,"max_hp_gain":0.0,"max_hp_loss":0.0,"gold_gain":0.0,"event_name":"Living Wall","player_choice":"Forget","floor":5.0,"gold_loss":0.0,"damage_taken":0.0},{"damage_healed":0.0,"max_hp_gain":0.0,"max_hp_loss":0.0,"gold_gain":0.0,"event_name":"Lab","player_choice":"Got Potions","floor":7.0,"gold_loss":0.0,"damage_taken":0.0},{"damage_healed":0.0,"max_hp_gain":0.0,"max_hp_loss":0.0,"gold_gain":0.0,"event_name":"Cursed Tome","player_choice":"Obtained Book","floor":22.0,"gold_loss":0.0,"damage_taken":16.0},{"damage_healed":0.0,"max_hp_gain":0.0,"max_hp_loss":0.0,"gold_gain":0.0,"event_name":"The Mausoleum","player_choice":"Opened","floor":27.0,"gold_loss":0.0,"damage_taken":0.0,"relics_obtained":["Smiling Mask"]},{"damage_healed":0.0,"max_hp_gain":0.0,"max_hp_loss":0.0,"gold_gain":0.0,"event_name":"Duplicator","player_choice":"Copied","floor":31.0,"gold_loss":0.0,"damage_taken":0.0,"cards_obtained":["Feel No Pain"]},{"damage_healed":0,"gold_gain":0,"player_choice":"Fight","damage_taken":0,"max_hp_gain":0,"max_hp_loss":0,"event_name":"MindBloom","floor":38,"gold_loss":0}],"is_beta":false,"boss_relics":[{"not_picked":["Tiny House","Eternal Feather"],"picked":"Fusion Hammer"},{"not_picked":["Black Blood","Pandora\u0027s Box"],"picked":"Astrolabe"}],"items_purged_floors":[19,39,53],"is_endless":false,"potions_floor_spawned":[4,6,11,12,13,21,23,29,30,33,37,41,44,48],"ascension_level":8}