{"gold_per_floor":[127,139,170,192,218,262,274,301,337,349,374,417,449,496,508,618,630,662,674,145,145,245,245,280,280,349,349,377,377,25,35,35,140,140,160,160,160,14,30,30,61,61,61,92,111,111,140,156,156,156,156,156,40,70,70],"floor_reached":56,"playtime":8405,"items_purged":["Strike_R"],"score":1658,"play_id":"084409bb-aa7f-4c1f-b9d3-2c1064e4c6c5","local_time":"20190613224015","is_ascension_mode":true,"campfire_choices":[{"data":"Dark Embrace","floor":7.0,"key":"SMITH"},{"floor":15.0,"key":"REST"},{"data":"Barricade","floor":23.0,"key":"SMITH"},{"data":"Armaments","floor":25.0,"key":"SMITH"},{"data":"Infernal Blade","floor":27.0,"key":"SMITH"},{"data":"J.A.X.","floor":32.0,"key":"SMITH"},{"data":"Feed","floor":40,"key":"SMITH"},{"data":"Bandage Up","floor":42,"key":"SMITH"},{"floor":49,"key":"RECALL"},{"data":"Dual Wield","floor":52,"key":"SMITH"}],"neow_cost":"NONE","seed_source_timestamp":0,"circlet_count":0,"master_deck":["Defend_R","Defend_R","Defend_R","Bash","Infernal Blade+1","Headbutt","Armaments+1","Cleave","Dark Embrace+1","Disarm","Rampage","Rage","Flame Barrier","Barricade+1","Warcry","Reckless Charge","Flex","Ghostly","Ghostly","Ghostly","Ghostly","Ghostly","Pommel Strike+1","J.A.X.+1","Feed+1","Disarm","Reaper","Havoc+1","Forethought","Bandage Up+1","Panache","Offering","Fire Breathing","Body Slam","Armaments+1","Pommel Strike+1","Feel No Pain+1","Corruption+1","Dual Wield+1","Seeing Red","Ghostly Armor","Offering"],"special_seed":0,"relics":["Burning Blood","MawBank","Shuriken","Red Skull","Pen Nib","Strawberry","Omamori","Empty Cage","Medical Kit","Matryoshka","Prayer Wheel","Bottled Tornado","The Courier","Happy Flower","Gremlin Horn","Singing Bowl","Torii","Philosopher\u0027s Stone","Art of War","Bag of Preparation","Du-Vu Doll","Paper Frog","StoneCalendar","Bag of Marbles"],"potions_floor_usage":[47,50,55,55],"damage_taken":[{"damage":7.0,"enemies":"Small Slimes","floor":1.0,"turns":3.0},{"damage":2.0,"enemies":"Jaw Worm","floor":3.0,"turns":2.0},{"damage":6.0,"enemies":"Cultist","floor":4.0,"turns":3.0},{"damage":5.0,"enemies":"Exordium Wildlife","floor":5.0,"turns":3.0},{"damage":34.0,"enemies":"Lagavulin","floor":6.0,"turns":5.0},{"damage":13.0,"enemies":"Lots of Slimes","floor":8.0,"turns":4.0},{"damage":30.0,"enemies":"Exordium Thugs","floor":11.0,"turns":3.0},{"damage":24.0,"enemies":"Gremlin Nob","floor":12.0,"turns":4.0},{"damage":12.0,"enemies":"Blue Slaver","floor":13.0,"turns":4.0},{"damage":1.0,"enemies":"3 Sentries","floor":14.0,"turns":4.0},{"damage":25.0,"enemies":"The Guardian","floor":16.0,"turns":11.0},{"damage":40.0,"enemies":"Spheric Guardian","floor":18.0,"turns":6.0},{"damage":7.0,"enemies":"Colosseum Slavers","floor":22.0,"turns":7.0},{"damage":21.0,"enemies":"Colosseum Nobs","floor":22.0,"turns":6.0},{"damage":5.0,"enemies":"Gremlin Leader","floor":24.0,"turns":9.0},{"damage":6.0,"enemies":"Slavers","floor":28.0,"turns":5.0},{"damage":1.0,"enemies":"3 Byrds","floor":31.0,"turns":2.0},{"damage":25,"enemies":"Champ","floor":33,"turns":14},{"damage":4,"enemies":"Orb Walker","floor":35,"turns":6},{"damage":28,"enemies":"3 Darklings","floor":39,"turns":4},{"damage":15,"enemies":"Giant Head","floor":41,"turns":7},{"damage":12,"enemies":"Nemesis","floor":44,"turns":6},{"damage":7,"enemies":"Jaw Worm Horde","floor":45,"turns":3},{"damage":24,"enemies":"Giant Head","floor":47,"turns":7},{"damage":7,"enemies":"Transient","floor":48,"turns":5},{"damage":4,"enemies":"Time Eater","floor":50,"turns":6},{"damage":30,"enemies":"Shield and Spear","floor":54,"turns":5},{"damage":31,"enemies":"The Heart","floor":55,"turns":7}],"seed_played":"5016574423440636456","potions_obtained":[{"floor":1.0,"key":"Poison Potion"},{"floor":3.0,"key":"BloodPotion"},{"floor":5.0,"key":"Regen Potion"},{"floor":12.0,"key":"BloodPotion"},{"floor":14.0,"key":"EssenceOfSteel"},{"floor":22.0,"key":"Fire Potion"},{"floor":39,"key":"SkillPotion"},{"floor":45,"key":"Block Potion"},{"floor":48,"key":"LiquidBronze"},{"floor":54,"key":"Energy Potion"}],"is_trial":false,"path_per_floor":["M","?","M","M","M","E","R","M","T","?","M","E","M","E","R","B",null,"M","?","$","?","?","R","E","R","T","R","E","?","$","M","R","B",null,"M","?","T","$","M","R","E","R","T","E","M","?","E","M","R","B",null,"R","$","E","B",null],"character_chosen":"IRONCLAD","items_purchased":["Medical Kit","Reckless Charge","Flex","Matryoshka","Feed","Torii","Offering","Fire Breathing","Seeing Red","Ghostly Armor"],"campfire_rested":1,"item_purchase_floors":[20,20,20,20,30,30,38,38,53,53],"current_hp_per_floor":[79,79,80,80,80,52,52,45,45,33,18,15,9,22,48,29,73,39,39,39,39,23,23,24,24,24,24,26,26,26,33,33,14,39,43,33,33,33,28,28,46,46,46,49,55,55,43,55,55,55,55,55,55,55,36],"gold":70,"neow_bonus":"RANDOM_COMMON_RELIC","is_prod":false,"is_daily":false,"chose_seed":false,"campfire_upgraded":8,"win_rate":0,"timestamp":1560490815,"path_taken":["M","?","M","M","M","E","R","M","T","?","M","E","M","E","R","BOSS","M","?","$","?","?","R","E","R","T","R","E","?","$","?","R","BOSS","M","?","?","?","?","R","E","R","T","E","M","?","E","M","R","BOSS","R","$","E","BOSS"],"build_version":"2019-01-23","purchased_purges":1,"victory":true,"max_hp_per_floor":[80,80,80,80,80,80,80,80,80,80,80,87,87,87,87,87,87,87,87,87,43,43,43,43,43,43,43,45,45,45,47,47,47,47,49,49,49,49,51,51,51,51,51,53,55,55,55,55,55,55,55,55,55,59,59],"card_choices":[{"not_picked":["True Grit","Carnage"],"picked":"Infernal Blade","floor":1.0},{"not_picked":["Flex","Entrench"],"picked":"Headbutt","floor":3.0},{"not_picked":["Wild Strike","Clothesline"],"picked":"Armaments","floor":4.0},{"not_picked":["Fire Breathing","Warcry"],"picked":"Cleave","floor":5.0},{"not_picked":["Wild Strike","Dropkick"],"picked":"Dark Embrace","floor":6.0},{"not_picked":["Wild Strike","Perfected Strike","Twin Strike"],"picked":"SKIP","floor":8.0},{"not_picked":["Shockwave","True Grit"],"picked":"Disarm","floor":11.0},{"not_picked":["Sword Boomerang","Fiend Fire"],"picked":"Rampage","floor":12.0},{"not_picked":["Thunderclap","Havoc"],"picked":"Rage","floor":13.0},{"not_picked":["Dropkick","Carnage"],"picked":"Flame Barrier","floor":14.0},{"not_picked":["Juggernaut","Offering"],"picked":"Barricade","floor":16.0},{"not_picked":["Shrug It Off","Shockwave+1"],"picked":"Warcry","floor":18.0},{"not_picked":["Perfected Strike+1","Anger"],"picked":"Pommel Strike+1","floor":22.0},{"not_picked":["Hemokinesis","Pommel Strike","Searing Blow"],"picked":"SKIP","floor":24.0},{"not_picked":["Havoc","Bloodletting","Sentinel"],"picked":"Singing Bowl","floor":28.0},{"not_picked":["Thunderclap+1","Headbutt","Wild Strike"],"picked":"Singing Bowl","floor":31.0},{"not_picked":["Heavy Blade","Clothesline"],"picked":"Disarm","floor":31.0},{"not_picked":["Fiend Fire","Demon Form"],"picked":"Reaper","floor":33},{"not_picked":["True Grit","Perfected Strike+1","Twin Strike"],"picked":"Singing Bowl","floor":35},{"not_picked":["Rampage+1","Perfected Strike+1"],"picked":"Havoc+1","floor":35},{"not_picked":["Madness","Blind"],"picked":"Forethought","floor":36},{"not_picked":["Finesse","Chrysalis"],"picked":"Bandage Up","floor":36},{"not_picked":["Blind","Deep Breath"],"picked":"Panache","floor":36},{"not_picked":["Spot Weakness","Rage+1"],"picked":"Body Slam","floor":39},{"not_picked":["Iron Wave+1","Thunderclap","Flex+1"],"picked":"Singing Bowl","floor":39},{"not_picked":["Wild Strike+1","Spot Weakness"],"picked":"Armaments+1","floor":41},{"not_picked":["Body Slam","Flame Barrier","Iron Wave"],"picked":"Singing Bowl","floor":44},{"not_picked":["Perfected Strike","Rampage","Shrug It Off"],"picked":"Singing Bowl","floor":45},{"not_picked":["Disarm","Iron Wave+1"],"picked":"Pommel Strike+1","floor":45},{"not_picked":["Pommel Strike+1","Wild Strike"],"picked":"Feel No Pain+1","floor":47},{"not_picked":["Sword Boomerang+1","Armaments"],"picked":"Corruption+1","floor":48},{"not_picked":["True Grit","Clash+1"],"picked":"Dual Wield","floor":48},{"not_picked":["Searing Blow","Fire Breathing"],"picked":"Offering","floor":54}],"player_experience":614035,"relics_obtained":[{"floor":6.0,"key":"Shuriken"},{"floor":9.0,"key":"Red Skull"},{"floor":12.0,"key":"Strawberry"},{"floor":14.0,"key":"Omamori"},{"floor":22.0,"key":"Prayer Wheel"},{"floor":22.0,"key":"Bottled Tornado"},{"floor":24.0,"key":"The Courier"},{"floor":26.0,"key":"Happy Flower"},{"floor":26.0,"key":"Gremlin Horn"},{"floor":28.0,"key":"Singing Bowl"},{"floor":37,"key":"Art of War"},{"floor":41,"key":"Bag of Preparation"},{"floor":43,"key":"Du-Vu Doll"},{"floor":44,"key":"Paper Frog"},{"floor":47,"key":"StoneCalendar"},{"floor":54,"key":"Bag of Marbles"}],"event_choices":[{"cards_removed":["Strike_R"],"damage_healed":0.0,"max_hp_gain":0.0,"max_hp_loss":0.0,"gold_gain":0.0,"event_name":"Living Wall","player_choice":"Forget","floor":2.0,"gold_loss":0.0,"damage_taken":0.0},{"damage_healed":0.0,"max_hp_gain":0.0,"max_hp_loss":0.0,"gold_gain":0.0,"event_name":"Scrap Ooze","player_choice":"Success","floor":10.0,"gold_loss":0.0,"damage_taken":12.0,"relics_obtained":["Pen Nib"]},{"cards_removed":["Defend_R"],"damage_healed":0.0,"max_hp_gain":0.0,"max_hp_loss":0.0,"gold_gain":0.0,"event_name":"Back to Basics","player_choice":"Elegance","floor":19.0,"gold_loss":0.0,"damage_taken":0.0},{"damage_healed":0.0,"max_hp_gain":0.0,"max_hp_loss":44.0,"gold_gain":0.0,"event_name":"Ghosts","player_choice":"Became a Ghost","floor":21.0,"gold_loss":0.0,"damage_taken":0.0,"cards_obtained":["Ghostly","Ghostly","Ghostly","Ghostly","Ghostly"]},{"damage_healed":0.0,"max_hp_gain":0.0,"max_hp_loss":0.0,"gold_gain":0.0,"event_name":"Colosseum","player_choice":"Fight","floor":22.0,"gold_loss":0.0,"damage_taken":0.0},{"damage_healed":0.0,"max_hp_gain":0.0,"max_hp_loss":0.0,"gold_gain":0.0,"event_name":"Colosseum","player_choice":"Fought Nobs","floor":22.0,"gold_loss":0.0,"damage_taken":0.0},{"damage_healed":0.0,"max_hp_gain":0.0,"max_hp_loss":0.0,"gold_gain":0.0,"event_name":"Drug Dealer","player_choice":"Obtain J.A.X.","floor":29.0,"gold_loss":0.0,"damage_taken":0.0,"cards_obtained":["J.A.X."]},{"damage_healed":0,"gold_gain":0,"player_choice":"Memory 3","damage_taken":10,"max_hp_gain":0,"max_hp_loss":0,"event_name":"SensoryStone","floor":36,"gold_loss":0},{"cards_removed":["Strike_R"],"damage_healed":0,"gold_gain":0,"player_choice":"Offered Basic","damage_taken":0,"max_hp_gain":0,"max_hp_loss":0,"event_name":"Bonfire Elementals","floor":46,"gold_loss":0}],"is_beta":false,"boss_relics":[{"not_picked":["Runic Pyramid","Sozu"],"picked":"Empty Cage"},{"not_picked":["Fusion Hammer","Astrolabe"],"picked":"Philosopher\u0027s Stone"}],"items_purged_floors":[30],"is_endless":false,"potions_floor_spawned":[1,3,5,12,14,22,22,39,45,48,54],"ascension_level":5}