{"gold_per_floor":[115,190,190,79,92,136,149,149,174,55,5,5,20,38,38,167,167,183,183,196,215,215],"floor_reached":22,"playtime":3759,"items_purged":["Strike_R","Strike_R"],"score":211,"play_id":"1ac4075e-e660-4c9f-aca6-58b3db6927cf","local_time":"20190613191029","is_ascension_mode":false,"campfire_choices":[{"data":"Rampage","floor":12.0,"key":"SMITH"},{"floor":15.0,"key":"REST"}],"neow_cost":"NONE","seed_source_timestamp":0,"circlet_count":0,"master_deck":["Bash","Power Through","Rampage+1","Blood for Blood+1","Shrug It Off","Headbutt","Flame Barrier","Headbutt","Infernal Blade","Bloodletting","Immolate","Blood for Blood","Thunderclap","Shrug It Off","Disarm","Shockwave","True Grit","Flex","RitualDagger","Battle Trance","Sentinel+1"],"special_seed":0,"relics":["Burning Blood","NeowsBlessing","Golden Idol","Dream Catcher","Smiling Mask","Pandora\u0027s Box"],"potions_floor_usage":[],"damage_taken":[{"damage":0.0,"enemies":"Jaw Worm","floor":1.0,"turns":1.0},{"damage":0.0,"enemies":"2 Louse","floor":5.0,"turns":1.0},{"damage":0.0,"enemies":"Lagavulin","floor":6.0,"turns":1.0},{"damage":0.0,"enemies":"Small Slimes","floor":7.0,"turns":4.0},{"damage":7.0,"enemies":"Looter","floor":13.0,"turns":3.0},{"damage":14.0,"enemies":"Blue Slaver","floor":14.0,"turns":4.0},{"damage":29.0,"enemies":"Slime Boss","floor":16.0,"turns":6.0},{"damage":18,"enemies":"3 Byrds","floor":18,"turns":4},{"damage":26,"enemies":"Spheric Guardian","floor":20,"turns":5},{"damage":28,"enemies":"Snake Plant","floor":21,"turns":3},{"damage":24,"enemies":"Chosen and Byrds","floor":22,"turns":4}],"seed_played":"-3385684026927047719","potions_obtained":[{"floor":1.0,"key":"EssenceOfSteel"},{"floor":7.0,"key":"SteroidPotion"},{"floor":14.0,"key":"Weak Potion"},{"floor":16.0,"key":"GamblersBrew"},{"floor":18,"key":"SpeedPotion"},{"floor":21,"key":"SpeedPotion"}],"is_trial":false,"path_per_floor":["M","?","?","$","M","E","M","?","T","$","$","R","M","M","R","B",null,"M","?","M","M","M"],"character_chosen":"IRONCLAD","items_purchased":["Rampage","Blood for Blood","Flame Barrier"],"campfire_rested":1,"item_purchase_floors":[4,4,10],"current_hp_per_floor":[80,69,49,49,55,61,67,67,67,67,67,67,66,58,80,57,80,68,62,42,20,0],"gold":215,"neow_bonus":"THREE_ENEMY_KILL","is_prod":false,"is_daily":false,"chose_seed":false,"campfire_upgraded":1,"win_rate":0,"timestamp":1560478229,"path_taken":["M","?","?","$","M","E","M","?","T","?","$","R","M","M","R","BOSS","M","?","M","M","M"],"build_version":"2019-01-23","purchased_purges":2,"victory":false,"max_hp_per_floor":[80,80,80,80,80,80,80,80,80,80,80,80,80,80,80,80,80,80,80,80,80,80],"card_choices":[{"not_picked":["Second Wind","Searing Blow"],"picked":"Power Through","floor":1.0},{"not_picked":["Iron Wave","Searing Blow"],"picked":"Shrug It Off","floor":5.0},{"not_picked":["Sword Boomerang","Clash","Warcry"],"picked":"SKIP","floor":6.0},{"not_picked":["Seeing Red","Clash"],"picked":"Headbutt","floor":7.0},{"not_picked":["Sever Soul","Clash"],"picked":"Headbutt","floor":13.0},{"not_picked":["Seeing Red","Clothesline"],"picked":"Infernal Blade","floor":14.0},{"not_picked":["Twin Strike","Pommel Strike"],"picked":"Bloodletting","floor":15.0},{"not_picked":["Impervious","Juggernaut"],"picked":"Immolate","floor":16.0},{"not_picked":["Carnage","Pommel Strike","Shockwave"],"picked":"SKIP","floor":18},{"not_picked":["Iron Wave","Clash"],"picked":"Battle Trance","floor":20},{"not_picked":["Warcry","True Grit"],"picked":"Sentinel+1","floor":21}],"player_experience":608664,"relics_obtained":[{"floor":6.0,"key":"Dream Catcher"},{"floor":9.0,"key":"Smiling Mask"}],"event_choices":[{"damage_healed":0.0,"max_hp_gain":0.0,"max_hp_loss":0.0,"gold_gain":75.0,"event_name":"World of Goop","player_choice":"Gather Gold","floor":2.0,"gold_loss":0.0,"damage_taken":11.0},{"damage_healed":0.0,"max_hp_gain":0.0,"max_hp_loss":0.0,"gold_gain":0.0,"event_name":"Golden Idol","player_choice":"Take Damage","floor":3.0,"gold_loss":0.0,"damage_taken":20.0,"relics_obtained":["Golden Idol"]},{"damage_healed":0.0,"max_hp_gain":0.0,"max_hp_loss":0.0,"gold_gain":0.0,"event_name":"Living Wall","player_choice":"Grow","floor":8.0,"gold_loss":0.0,"damage_taken":0.0,"cards_upgraded":["Blood for Blood"]},{"damage_healed":0,"gold_gain":0,"player_choice":"Joined the Cult","damage_taken":6,"max_hp_gain":0,"max_hp_loss":0,"event_name":"Nest","floor":19,"gold_loss":0,"cards_obtained":["RitualDagger"]}],"is_beta":false,"boss_relics":[{"not_picked":["Empty Cage","Calling Bell"],"picked":"Pandora\u0027s Box"}],"items_purged_floors":[10,11],"is_endless":false,"potions_floor_spawned":[1,7,14,16,18,20,21],"killed_by":"Chosen and Byrds","ascension_level":0}