{"gold_per_floor":[111,41,55,31,31,56,56,87,111,138,157,157,174,189,189,287,287,305,305,145,158,174,174,203,203,203,215,243,26,26,39,39,39],"floor_reached":33,"playtime":3749,"items_purged":["Defend_B"],"score":547,"play_id":"166c77e8-5b04-4556-bb76-a2bdd71f92b3","local_time":"20190711194430","is_ascension_mode":true,"campfire_choices":[{"data":"Genetic Algorithm","floor":7.0,"key":"SMITH"},{"floor":12,"key":"REST"},{"data":"Recycle","floor":15,"key":"SMITH"},{"data":"Seek","floor":23,"key":"SMITH"},{"data":"Hologram","floor":25,"key":"SMITH"},{"data":"Turbo","floor":30,"key":"SMITH"},{"data":"Scrape","floor":32,"key":"SMITH"}],"neow_cost":"NONE","seed_source_timestamp":0,"circlet_count":0,"master_deck":["Strike_B+1","Defend_B+1","Defend_B","Zap","Dualcast","Reinforced Body","Gash","Turbo+1","Hologram+1","Beam Cell","Genetic Algorithm+1","Scrape+1","Self Repair+1","Steam","Recycle+1","Seek+1","Go for the Eyes+1","Fusion+1","Hyperbeam+1","Coolheaded+1","Hyperbeam","Biased Cognition+1","Undo","Rebound","Chill+1","Beam Cell+1","Master of Strategy"],"special_seed":0,"relics":["Cracked Core","NeowsBlessing","Pen Nib","Dead Branch","DataDisk","Frozen Egg 2","Astrolabe","Smiling Mask","Molten Egg 2"],"potions_floor_usage":[10,16,33],"damage_taken":[{"damage":0.0,"enemies":"Jaw Worm","floor":1.0,"turns":1.0},{"damage":0.0,"enemies":"Small Slimes","floor":3.0,"turns":1.0},{"damage":0.0,"enemies":"3 Sentries","floor":6.0,"turns":1.0},{"damage":12.0,"enemies":"Lagavulin","floor":8.0,"turns":6.0},{"damage":14,"enemies":"Gremlin Nob","floor":10,"turns":4},{"damage":0,"enemies":"Cultist","floor":11,"turns":2},{"damage":0,"enemies":"Looter","floor":13,"turns":2},{"damage":4,"enemies":"2 Fungi Beasts","floor":14,"turns":4},{"damage":17,"enemies":"The Guardian","floor":16,"turns":12},{"damage":0,"enemies":"3 Byrds","floor":18,"turns":3},{"damage":8,"enemies":"Chosen","floor":21,"turns":2},{"damage":0,"enemies":"3 Cultists","floor":22,"turns":2},{"damage":0,"enemies":"Gremlin Leader","floor":24,"turns":5},{"damage":17,"enemies":"Centurion and Healer","floor":27,"turns":4},{"damage":0,"enemies":"Slavers","floor":28,"turns":1},{"damage":0,"enemies":"Shelled Parasite and Fungi","floor":31,"turns":1},{"damage":68,"enemies":"Collector","floor":33,"turns":7}],"seed_played":"-4069613918796503081","potions_obtained":[{"floor":1.0,"key":"SpeedPotion"},{"floor":6.0,"key":"SpeedPotion"},{"floor":13,"key":"Block Potion"},{"floor":16,"key":"FearPotion"},{"floor":28,"key":"FearPotion"}],"is_trial":false,"path_per_floor":["M","$","M","$","?","E","R","E","T","E","M","R","M","M","R","B",null,"M","?","$","M","M","R","E","R","T","M","E","$","R","M","R","B"],"character_chosen":"DEFECT","items_purchased":["Gash","Turbo","Beam Cell","Biased Cognition+1","Master of Strategy"],"campfire_rested":1,"item_purchase_floors":[2,2,4,20,29],"current_hp_per_floor":[68,68,68,68,53,53,53,41,41,27,27,49,49,55,55,48,68,68,68,68,70,70,70,75,75,75,68,68,68,68,68,68,0],"gold":39,"neow_bonus":"THREE_ENEMY_KILL","is_prod":false,"is_daily":false,"chose_seed":false,"campfire_upgraded":6,"win_rate":0,"timestamp":1562888670,"path_taken":["M","$","M","$","?","E","R","E","T","E","M","R","M","M","R","BOSS","M","?","$","M","M","R","E","R","T","M","E","$","R","?","R","BOSS"],"build_version":"2019-07-05","purchased_purges":1,"victory":false,"max_hp_per_floor":[75,75,75,75,75,75,75,75,75,75,75,75,75,75,75,75,75,75,75,75,75,75,75,75,75,75,75,75,75,75,75,75,75],"card_choices":[{"not_picked":["Reprogram","Sunder"],"picked":"Reinforced Body","floor":1.0},{"not_picked":["Redo","Tempest"],"picked":"Hologram","floor":3.0},{"not_picked":["Ball Lightning","Stack"],"picked":"Genetic Algorithm","floor":6.0},{"not_picked":["Streamline","Ball Lightning","Rebound"],"picked":"SKIP","floor":8.0},{"not_picked":["Redo","Blizzard"],"picked":"Scrape","floor":10},{"not_picked":["BootSequence","Darkness"],"picked":"Self Repair+1","floor":11},{"not_picked":["Barrage","Chaos"],"picked":"Steam","floor":13},{"not_picked":["Rip and Tear","Undo"],"picked":"Recycle","floor":14},{"not_picked":["Rainbow","Multi-Cast"],"picked":"Seek","floor":16},{"not_picked":["Leap","Rebound+1"],"picked":"Coolheaded+1","floor":18},{"not_picked":["Gash","Barrage"],"picked":"Undo","floor":21},{"not_picked":["Cold Snap","Reprogram"],"picked":"Rebound","floor":22},{"not_picked":["Chaos","Sweeping Beam+1"],"picked":"Chill+1","floor":24},{"not_picked":["Ball Lightning","FTL"],"picked":"Beam Cell+1","floor":27},{"not_picked":["Cold Snap","Streamline","Barrage+1"],"picked":"SKIP","floor":28},{"not_picked":["Rip and Tear+1","Blizzard+1","Reinforced Body"],"picked":"SKIP","floor":31}],"player_experience":877044,"relics_obtained":[{"floor":6.0,"key":"Pen Nib"},{"floor":8.0,"key":"Dead Branch"},{"floor":9.0,"key":"DataDisk"},{"floor":10,"key":"Frozen Egg 2"},{"floor":24,"key":"Smiling Mask"},{"floor":28,"key":"Molten Egg 2"}],"event_choices":[{"damage_healed":0.0,"max_hp_gain":0.0,"max_hp_loss":0.0,"gold_gain":0.0,"event_name":"Shining Light","player_choice":"Entered Light","floor":5.0,"gold_loss":0.0,"damage_taken":15.0,"cards_upgraded":["Defend_B","Strike_B"]},{"damage_healed":0,"gold_gain":0,"cards_transformed":["Defend_B"],"player_choice":"Transformed","damage_taken":0,"max_hp_gain":0,"max_hp_loss":0,"event_name":"Transmorgrifier","floor":19,"gold_loss":0,"cards_obtained":["Hyperbeam"]}],"is_beta":false,"boss_relics":[{"not_picked":["Snecko Eye","Velvet Choker"],"picked":"Astrolabe"}],"items_purged_floors":[29],"is_endless":false,"potions_floor_spawned":[1,6,13,16,28,31],"killed_by":"Collector","ascension_level":7}