{"gold_per_floor":[109,109,120,21,36,36,62,62,137,152,183,183],"floor_reached":12,"playtime":3939,"items_purged":[],"score":125,"play_id":"d9d81f11-88fc-40b2-b4f1-adfe1362cc18","local_time":"20190826091343","is_ascension_mode":true,"campfire_choices":[{"data":"Zap","floor":6.0,"key":"SMITH"}],"neow_cost":"NONE","seed_source_timestamp":0,"circlet_count":0,"master_deck":["AscendersBane","Strike_B","Strike_B","Strike_B","Defend_B","Defend_B","Defend_B","Defend_B","Zap+1","Dualcast","Hello World","Scrape","Glacier","Go for the Eyes","Consume","Gash","Steam","Injury","Coolheaded","Heatsinks"],"special_seed":0,"relics":["Cracked Core","Regal Pillow","Pantograph","Golden Idol","Bottled Lightning","Odd Mushroom"],"potions_floor_usage":[12],"damage_taken":[{"damage":7.0,"enemies":"Jaw Worm","floor":1.0,"turns":3.0},{"damage":0.0,"enemies":"Small Slimes","floor":3.0,"turns":3.0},{"damage":8.0,"enemies":"2 Louse","floor":5.0,"turns":4.0},{"damage":21.0,"enemies":"Lagavulin","floor":7.0,"turns":7.0},{"damage":2.0,"enemies":"Looter","floor":10.0,"turns":4.0},{"damage":17,"enemies":"The Mushroom Lair","floor":11,"turns":5},{"damage":8,"enemies":"Gremlin Nob","floor":12,"turns":5}],"seed_played":"-7488008487354383653","potions_obtained":[{"floor":3.0,"key":"SpeedPotion"},{"floor":11,"key":"Poison Potion"}],"is_trial":false,"path_per_floor":["M","?","M","$","M","R","E","?","T","M","?","E"],"character_chosen":"DEFECT","items_purchased":["Go for the Eyes","Consume"],"campfire_rested":0,"item_purchase_floors":[4,4],"current_hp_per_floor":[61,54,54,54,46,46,25,25,25,23,6,0],"gold":183,"neow_bonus":"TRANSFORM_CARD","is_prod":false,"is_daily":false,"chose_seed":false,"campfire_upgraded":1,"win_rate":0,"timestamp":1566825223,"path_taken":["M","?","M","$","M","R","E","?","T","M","?","E"],"build_version":"2019-07-17","purchased_purges":0,"victory":false,"max_hp_per_floor":[75,75,75,75,75,75,75,75,75,75,75,75],"card_choices":[{"not_picked":["Hologram","Sweeping Beam"],"picked":"Scrape","floor":1.0},{"not_picked":["Darkness","Coolheaded"],"picked":"Glacier","floor":3.0},{"not_picked":["Chill","Rebound"],"picked":"Gash","floor":5.0},{"not_picked":["Redo","Fusion"],"picked":"Steam","floor":7.0},{"not_picked":["Darkness","Redo"],"picked":"Coolheaded","floor":10.0},{"not_picked":["Genetic Algorithm","Lockon"],"picked":"Heatsinks","floor":11}],"player_experience":1190650,"relics_obtained":[{"floor":7.0,"key":"Pantograph"},{"floor":9.0,"key":"Bottled Lightning"},{"floor":11,"key":"Odd Mushroom"}],"event_choices":[{"damage_healed":0.0,"max_hp_gain":0.0,"max_hp_loss":0.0,"gold_gain":0.0,"event_name":"Scrap Ooze","player_choice":"Success","floor":2.0,"gold_loss":0.0,"damage_taken":7.0,"relics_obtained":["Regal Pillow"]},{"damage_healed":0.0,"max_hp_gain":0.0,"max_hp_loss":0.0,"gold_gain":0.0,"event_name":"Golden Idol","player_choice":"Take Wound","floor":8.0,"gold_loss":0.0,"damage_taken":0.0,"relics_obtained":["Golden Idol"],"cards_obtained":["Injury"]},{"damage_healed":0,"gold_gain":0,"player_choice":"Fought Mushrooms","damage_taken":0,"max_hp_gain":0,"max_hp_loss":0,"event_name":"Mushrooms","floor":11,"gold_loss":0}],"is_beta":false,"boss_relics":[],"items_purged_floors":[],"is_endless":false,"potions_floor_spawned":[3,11],"killed_by":"Gremlin Nob","ascension_level":12}