{"gold_per_floor":[119,130,141,161,171,206,206,238,238,238,163,182,30,59,59,138,138,154,166,11,21,36,36,61,61,61,78,78,78,95,95],"floor_reached":31,"playtime":2259,"items_purged":[],"score":513,"play_id":"ce0ac045-7268-4ac3-811c-73b92bb6b63c","local_time":"20190909104710","is_ascension_mode":true,"campfire_choices":[{"floor":7.0,"key":"REST"},{"floor":10.0,"key":"REST"},{"floor":15.0,"key":"REST"},{"floor":23.0,"key":"REST"}],"neow_cost":"NONE","seed_source_timestamp":0,"circlet_count":0,"master_deck":["AscendersBane","Defend_B","Defend_B","Defend_B","Defend_B","Zap","Dualcast","Rebound","Coolheaded","Redo","Sweeping Beam","Beam Cell","BootSequence","White Noise","Conserve Battery","Self Repair","Cold Snap","Streamline","Stack","Meteor Strike","Glacier","Reinforced Body","Redo+1","Electrodynamics","Bite","Bite","Bite","Bite","Bite","Hologram","Writhe","Self Repair"],"special_seed":0,"relics":["Cracked Core","Vajra","Singing Bowl","Bottled Lightning","Regal Pillow","Lantern","Sozu","Art of War","Question Card","Gremlin Horn","Ornamental Fan"],"potions_floor_usage":[],"damage_taken":[{"damage":2.0,"enemies":"Jaw Worm","floor":1.0,"turns":3.0},{"damage":8.0,"enemies":"2 Louse","floor":2.0,"turns":2.0},{"damage":8.0,"enemies":"Small Slimes","floor":3.0,"turns":3.0},{"damage":13.0,"enemies":"Red Slaver","floor":4.0,"turns":3.0},{"damage":14.0,"enemies":"Exordium Wildlife","floor":5.0,"turns":3.0},{"damage":16.0,"enemies":"Gremlin Nob","floor":6.0,"turns":3.0},{"damage":11.0,"enemies":"3 Sentries","floor":8.0,"turns":5.0},{"damage":0.0,"enemies":"Gremlin Gang","floor":12.0,"turns":4.0},{"damage":31.0,"enemies":"Lagavulin","floor":14.0,"turns":6.0},{"damage":50.0,"enemies":"Hexaghost","floor":16.0,"turns":10.0},{"damage":12.0,"enemies":"Shell Parasite","floor":18.0,"turns":5.0},{"damage":32.0,"enemies":"3 Byrds","floor":19.0,"turns":6.0},{"damage":19.0,"enemies":"Snake Plant","floor":21.0,"turns":6.0},{"damage":15.0,"enemies":"Snecko","floor":22.0,"turns":6.0},{"damage":32.0,"enemies":"Slavers","floor":24.0,"turns":7.0},{"damage":16,"enemies":"Centurion and Healer","floor":27,"turns":7},{"damage":12,"enemies":"Snake Plant","floor":30,"turns":5},{"damage":61,"enemies":"Gremlin Leader","floor":31,"turns":6}],"seed_played":"-4395977330839496635","potions_obtained":[{"floor":2.0,"key":"Fire Potion"},{"floor":3.0,"key":"GamblersBrew"},{"floor":4.0,"key":"PowerPotion"},{"floor":6.0,"key":"FocusPotion"}],"is_trial":false,"path_per_floor":["M","M","M","M","M","E","R","E","T","R","?","M","$","E","R","B",null,"M","M","$","M","M","R","E","?","T","M","?","?","M","E"],"character_chosen":"DEFECT","items_purchased":["Self Repair","Cold Snap","Streamline","Art of War"],"campfire_rested":4,"item_purchase_floors":[13,13,13,20],"current_hp_per_floor":[62,54,46,33,19,3,24,13,13,49,49,49,49,25,61,25,60,55,30,30,18,12,48,23,23,23,28,38,38,39,0],"gold":95,"neow_bonus":"RANDOM_COMMON_RELIC","is_prod":false,"is_daily":false,"chose_seed":false,"campfire_upgraded":0,"win_rate":0,"timestamp":1568040430,"path_taken":["M","M","M","M","M","E","R","E","T","R","?","M","$","E","R","BOSS","M","M","$","M","M","R","E","?","T","M","?","?","M","E"],"build_version":"2019-07-17","purchased_purges":0,"victory":false,"max_hp_per_floor":[71,71,71,71,71,71,71,71,71,71,71,71,71,71,71,71,71,71,71,71,71,73,73,73,51,51,51,51,51,51,51],"card_choices":[{"not_picked":["Compile Driver","Steam Power"],"picked":"Rebound","floor":1.0},{"not_picked":["Recycle","Cold Snap"],"picked":"Coolheaded","floor":2.0},{"not_picked":["Stack","Hello World"],"picked":"Redo","floor":3.0},{"not_picked":["Blizzard","Steam"],"picked":"Sweeping Beam","floor":4.0},{"not_picked":["White Noise","Streamline"],"picked":"Beam Cell","floor":5.0},{"not_picked":["Blizzard","Static Discharge"],"picked":"BootSequence","floor":6.0},{"not_picked":["Chill","Redo"],"picked":"White Noise","floor":8.0},{"not_picked":["Loop","Amplify"],"picked":"Conserve Battery","floor":12.0},{"not_picked":["Storm","Rainbow"],"picked":"Stack","floor":14.0},{"not_picked":["Core Surge","Fission"],"picked":"Meteor Strike","floor":16.0},{"not_picked":["Conserve Battery","Sweeping Beam"],"picked":"Glacier","floor":18.0},{"not_picked":["Lockon","Self Repair"],"picked":"Reinforced Body","floor":19.0},{"not_picked":["Lockon","Cold Snap+1"],"picked":"Redo+1","floor":21.0},{"not_picked":["Leap","Cold Snap","Static Discharge+1"],"picked":"Singing Bowl","floor":22.0},{"not_picked":["Fusion","Gash"],"picked":"Electrodynamics","floor":24.0},{"not_picked":["Go for the Eyes","Coolheaded","Auto Shields"],"picked":"Hologram","floor":27},{"not_picked":["Barrage","Loop","Go for the Eyes"],"picked":"Self Repair","floor":30}],"player_experience":1345273,"relics_obtained":[{"floor":6.0,"key":"Singing Bowl"},{"floor":8.0,"key":"Bottled Lightning"},{"floor":9.0,"key":"Regal Pillow"},{"floor":14.0,"key":"Lantern"},{"floor":24.0,"key":"Question Card"},{"floor":26.0,"key":"Gremlin Horn"}],"event_choices":[{"cards_removed":["Strike_B"],"damage_healed":0.0,"max_hp_gain":0.0,"max_hp_loss":0.0,"gold_gain":0.0,"event_name":"The Cleric","player_choice":"Card Removal","floor":11.0,"gold_loss":75.0,"damage_taken":0.0},{"damage_healed":0.0,"max_hp_gain":0.0,"max_hp_loss":22.0,"gold_gain":0.0,"event_name":"Vampires","player_choice":"Became a vampire","floor":25.0,"gold_loss":0.0,"damage_taken":0.0,"cards_obtained":["Bite","Bite","Bite","Bite","Bite"]},{"damage_healed":10,"gold_gain":0,"player_choice":"Heal","damage_taken":0,"max_hp_gain":0,"max_hp_loss":0,"event_name":"The Library","floor":28,"gold_loss":0},{"damage_healed":0,"gold_gain":0,"player_choice":"Opened","damage_taken":0,"relics_obtained":["Ornamental Fan"],"max_hp_gain":0,"max_hp_loss":0,"event_name":"The Mausoleum","floor":29,"gold_loss":0,"cards_obtained":["Writhe"]}],"is_beta":false,"boss_relics":[{"not_picked":["Runic Dome","Coffee Dripper"],"picked":"Sozu"}],"items_purged_floors":[],"is_endless":false,"potions_floor_spawned":[2,3,4,6,19,21,24,27,30],"killed_by":"Gremlin Leader","ascension_level":15}