{"gold_per_floor":[15,28,28,48,48,48,81,152,203,214,214,229,257,275,275,370,370,380,393,406,429,444,477,496,462,489,509,509,527,215,215,215,311,311,324,38,57,57,71,88,113,113,167,167,200,200,200,3,3,3],"floor_reached":50,"playtime":5799,"items_purged":[],"score":696,"play_id":"958de82b-0810-43d6-9911-ff18393774c2","local_time":"20190605011555","is_ascension_mode":true,"campfire_choices":[{"data":"Armaments","floor":6.0,"key":"SMITH"},{"data":"Combust","floor":11.0,"key":"SMITH"},{"floor":15.0,"key":"REST"},{"floor":28.0,"key":"REST"},{"floor":32.0,"key":"REST"},{"data":"Limit Break","floor":42.0,"key":"SMITH"},{"floor":44.0,"key":"REST"},{"data":"Rupture","floor":47.0,"key":"SMITH"},{"floor":49.0,"key":"RECALL"}],"neow_cost":"NO_GOLD","seed_source_timestamp":0,"circlet_count":0,"master_deck":["Bash+1","Panacea","Panacea","Combust+1","Armaments+1","Warcry","Burning Pact","Thunderclap","Reckless Charge+1","Power Through","Immolate","Perfected Strike","Carnage","Perfected Strike","Spot Weakness","Pummel+1","Headbutt","Bloodletting","Pommel Strike","Combust","Havoc","Battle Trance","Armaments+1","Limit Break","Whirlwind+1","Searing Blow","Sword Boomerang","Rupture+1","Blind","Limit Break+1","Whirlwind+1","Sword Boomerang+1","Corruption+1","Rampage+1","Normality","Metallicize+1","Apotheosis","Rupture"],"special_seed":0,"relics":["Burning Blood","Bag of Preparation","Turnip","Mercury Hourglass","Red Skull","Matryoshka","Pandora\u0027s Box","Ancient Tea Set","Centennial Puzzle","Whetstone","Regal Pillow","Pen Nib","Blood Vial","Nilry\u0027s Codex","Cursed Key","Incense Burner","Champion Belt","The Courier"],"potions_floor_usage":[],"damage_taken":[{"damage":12.0,"enemies":"Jaw Worm","floor":1.0,"turns":4.0},{"damage":5.0,"enemies":"Cultist","floor":2.0,"turns":4.0},{"damage":14.0,"enemies":"2 Louse","floor":4.0,"turns":3.0},{"damage":17.0,"enemies":"3 Sentries","floor":7.0,"turns":5.0},{"damage":5.0,"enemies":"Exordium Wildlife","floor":10.0,"turns":4.0},{"damage":7.0,"enemies":"Gremlin Gang","floor":12.0,"turns":2.0},{"damage":16.0,"enemies":"Gremlin Nob","floor":13.0,"turns":3.0},{"damage":9.0,"enemies":"Red Slaver","floor":14.0,"turns":2.0},{"damage":25.0,"enemies":"Hexaghost","floor":16.0,"turns":7.0},{"damage":29.0,"enemies":"Spheric Guardian","floor":18.0,"turns":4.0},{"damage":12.0,"enemies":"Shell Parasite","floor":19.0,"turns":2.0},{"damage":38.0,"enemies":"Centurion and Healer","floor":20.0,"turns":4.0},{"damage":7.0,"enemies":"Snecko","floor":22.0,"turns":3.0},{"damage":25.0,"enemies":"Slavers","floor":23.0,"turns":3.0},{"damage":12.0,"enemies":"Snake Plant","floor":24.0,"turns":2.0},{"damage":6.0,"enemies":"Cultist and Chosen","floor":27.0,"turns":3.0},{"damage":1.0,"enemies":"Centurion and Healer","floor":29.0,"turns":2.0},{"damage":43.0,"enemies":"Collector","floor":33.0,"turns":5.0},{"damage":9.0,"enemies":"Orb Walker","floor":35.0,"turns":2.0},{"damage":3.0,"enemies":"3 Shapes","floor":37.0,"turns":1.0},{"damage":12.0,"enemies":"Writhing Mass","floor":39.0,"turns":2.0},{"damage":21.0,"enemies":"Spire Growth","floor":40.0,"turns":3.0},{"damage":55.0,"enemies":"Giant Head","floor":41.0,"turns":7.0},{"damage":64.0,"enemies":"Reptomancer","floor":45.0,"turns":4.0},{"damage":79,"enemies":"Donu and Deca","floor":50,"turns":5}],"seed_played":"-3933363004606418940","potions_obtained":[{"floor":4.0,"key":"Fruit Juice"},{"floor":7.0,"key":"Poison Potion"},{"floor":10.0,"key":"Weak Potion"},{"floor":13.0,"key":"Strength Potion"},{"floor":16.0,"key":"Fire Potion"},{"floor":19.0,"key":"EssenceOfSteel"},{"floor":22.0,"key":"Regen Potion"},{"floor":37.0,"key":"Swift Potion"},{"floor":40.0,"key":"Regen Potion"}],"is_trial":false,"path_per_floor":["M","M","?","M","?","R","E","T","T","M","R","M","E","M","R","B",null,"M","M","M","T","M","E","M","$","T","M","R","M","$","?","R","B",null,"M","$","M","?","M","M","E","R","T","R","E","?","R","$","R","B"],"character_chosen":"IRONCLAD","items_purchased":["Searing Blow","Rupture","Blood Vial","Blind","Incense Burner","Apotheosis","Rupture"],"campfire_rested":4,"item_purchase_floors":[25,30,30,30,36,48,48],"current_hp_per_floor":[74,75,75,67,51,51,40,40,40,41,41,45,35,32,57,38,85,62,56,24,24,23,13,7,7,7,7,47,52,52,36,76,41,85,82,82,85,85,79,66,28,28,28,68,12,74,74,74,74,0],"gold":3,"neow_bonus":"RANDOM_COLORLESS_2","is_prod":false,"is_daily":false,"chose_seed":false,"campfire_upgraded":4,"win_rate":0,"timestamp":1559722555,"path_taken":["M","M","?","?","?","R","E","?","T","M","R","M","E","M","R","BOSS","M","M","?","?","M","E","M","$","T","M","R","M","?","?","R","BOSS","M","$","M","?","M","M","E","R","T","R","E","?","R","$","R","BOSS"],"build_version":"2019-01-23","purchased_purges":0,"victory":false,"max_hp_per_floor":[80,80,80,80,80,80,80,80,80,80,80,85,85,85,85,85,85,85,85,85,85,85,85,85,85,85,85,85,85,85,85,85,85,85,85,85,85,85,85,85,85,85,85,85,85,74,74,74,74,74],"card_choices":[{"not_picked":["Sword Boomerang","Cleave"],"picked":"Searing Blow","floor":1.0},{"not_picked":["Shockwave","Anger"],"picked":"Combust","floor":2.0},{"not_picked":["Perfected Strike","Havoc"],"picked":"Armaments","floor":4.0},{"not_picked":["Shrug It Off","Armaments"],"picked":"Warcry","floor":7.0},{"not_picked":["Sentinel","Entrench"],"picked":"Burning Pact","floor":10.0},{"not_picked":["Shrug It Off","Uppercut"],"picked":"Thunderclap","floor":12.0},{"not_picked":["Thunderclap","Shrug It Off"],"picked":"Reckless Charge","floor":13.0},{"not_picked":["Bloodletting","Shrug It Off"],"picked":"Power Through","floor":14.0},{"not_picked":["Double Tap","Impervious"],"picked":"Immolate","floor":16.0},{"not_picked":["Bloodletting","Clothesline"],"picked":"Havoc","floor":18.0},{"not_picked":["Twin Strike","Clothesline"],"picked":"Battle Trance","floor":19.0},{"not_picked":["Clothesline","Headbutt","Sever Soul"],"picked":"SKIP","floor":20.0},{"not_picked":["Warcry","Headbutt"],"picked":"Armaments+1","floor":22.0},{"not_picked":["Warcry","True Grit"],"picked":"Limit Break","floor":23.0},{"not_picked":["Twin Strike","Battle Trance"],"picked":"Whirlwind+1","floor":24.0},{"not_picked":["Warcry","True Grit"],"picked":"Clash+1","floor":27.0},{"not_picked":["Clothesline","Twin Strike+1"],"picked":"Sword Boomerang","floor":29.0},{"not_picked":["Exhume","Fiend Fire"],"picked":"Limit Break","floor":33.0},{"not_picked":["Clothesline","Headbutt+1","Iron Wave+1"],"picked":"SKIP","floor":35.0},{"not_picked":["Headbutt","Blood for Blood"],"picked":"Whirlwind+1","floor":37.0},{"not_picked":["Clash","Body Slam+1"],"picked":"Sword Boomerang+1","floor":39.0},{"not_picked":["Dropkick","Cleave+1"],"picked":"Corruption+1","floor":40.0},{"not_picked":["Iron Wave+1","Pommel Strike"],"picked":"Rampage+1","floor":41.0},{"not_picked":["Dropkick+1","Bludgeon"],"picked":"Metallicize+1","floor":45.0}],"player_experience":419171,"relics_obtained":[{"floor":7.0,"key":"Turnip"},{"floor":8.0,"key":"Mercury Hourglass"},{"floor":9.0,"key":"Red Skull"},{"floor":13.0,"key":"Matryoshka"},{"floor":21.0,"key":"Ancient Tea Set"},{"floor":21.0,"key":"Centennial Puzzle"},{"floor":23.0,"key":"Whetstone"},{"floor":26.0,"key":"Regal Pillow"},{"floor":26.0,"key":"Pen Nib"},{"floor":31.0,"key":"Nilry\u0027s Codex"},{"floor":41.0,"key":"Champion Belt"},{"floor":45.0,"key":"The Courier"}],"event_choices":[{"cards_removed":["Searing Blow"],"damage_healed":0.0,"max_hp_gain":0.0,"max_hp_loss":0.0,"gold_gain":0.0,"event_name":"WeMeetAgain","player_choice":"Gave Card","floor":3.0,"gold_loss":0.0,"damage_taken":0.0,"relics_obtained":["Bag of Preparation"]},{"damage_healed":0.0,"max_hp_gain":0.0,"max_hp_loss":0.0,"gold_gain":0.0,"event_name":"Shining Light","player_choice":"Entered Light","floor":5.0,"gold_loss":0.0,"damage_taken":16.0,"cards_upgraded":["Bash","Strike_R"]},{"damage_healed":0.0,"max_hp_gain":0.0,"max_hp_loss":0.0,"gold_gain":0.0,"event_name":"Cursed Tome","player_choice":"Obtained Book","floor":31.0,"gold_loss":0.0,"damage_taken":16.0},{"cards_removed":["Clash"],"damage_healed":0.0,"max_hp_gain":0.0,"max_hp_loss":0.0,"gold_gain":0.0,"event_name":"Falling","player_choice":"Removed Attack","floor":38.0,"gold_loss":0.0,"damage_taken":0.0},{"damage_healed":74.0,"max_hp_gain":0.0,"max_hp_loss":11.0,"gold_gain":0.0,"event_name":"The Moai Head","player_choice":"Heal","floor":46.0,"gold_loss":0.0,"damage_taken":0.0}],"is_beta":false,"boss_relics":[{"not_picked":["Busted Crown","Snecko Eye"],"picked":"Pandora\u0027s Box"},{"not_picked":["Mark of Pain","White Beast Statue"],"picked":"Cursed Key"}],"items_purged_floors":[],"is_endless":false,"potions_floor_spawned":[4,7,10,13,16,19,22,37,40],"killed_by":"Donu and Deca","ascension_level":4}