{"gold_per_floor":[110,128,303,303,317,317,75,25,50,50,50,80,90,120,120,220,220,237,46,46,58,58,93,112,112,112,112,127,152,72,89,89,193,193,205,50,50,150,170,205,205,230,256,268,295,12,12,12,12,12,12,12,12,38,38],"floor_reached":55,"playtime":5980,"items_purged":["Strike_B"],"score":1354,"play_id":"592dd20d-3911-4602-877d-a67155fd112c","local_time":"20190804082040","is_ascension_mode":true,"campfire_choices":[{"data":"Zap","floor":6.0,"key":"SMITH"},{"data":"Self Repair","floor":10.0,"key":"SMITH"},{"floor":15.0,"key":"REST"},{"data":"Turbo","floor":25.0,"key":"SMITH"},{"data":"Seek","floor":27.0,"key":"SMITH"},{"floor":32.0,"key":"REST"},{"data":"Hologram","floor":41.0,"key":"SMITH"},{"data":"Seek","floor":44.0,"key":"SMITH"},{"data":"Dualcast","floor":47.0,"key":"SMITH"},{"floor":49.0,"key":"RECALL"},{"data":"Double Energy","floor":52.0,"key":"SMITH"}],"neow_cost":"NONE","seed_source_timestamp":0,"circlet_count":0,"master_deck":["AscendersBane","Strike_B","Defend_B","Defend_B","Defend_B","Zap+1","Dualcast+1","Doom and Gloom","Conserve Battery","Doubt","Beam Cell","Self Repair+1","Turbo+1","Go for the Eyes","Sweeping Beam","Gash","All For One","Steam+1","All For One+1","Defragment+1","Redo+1","Heatsinks","Defragment+1","Seek+1","Gash","Gash","Hologram+1","Glacier","Capacitor","Consume","Seek+1","Loop","Madness","Madness","Gash","Double Energy+1","Heatsinks+1","All For One","Turbo+1","Deep Breath+1","White Noise+1"],"special_seed":0,"relics":["Nuclear Battery","Blue Candle","Blood Vial","Question Card","Centennial Puzzle","Shuriken","Astrolabe","Boot","Omamori","Unceasing Top","Bottled Lightning","Coffee Dripper","Peace Pipe","Toxic Egg 2","Art of War","MawBank","Membership Card","Bottled Flame"],"potions_floor_usage":[55,55,55],"damage_taken":[{"damage":1.0,"enemies":"2 Louse","floor":1.0,"turns":3.0},{"damage":2.0,"enemies":"Jaw Worm","floor":2.0,"turns":3.0},{"damage":3.0,"enemies":"Cultist","floor":5.0,"turns":4.0},{"damage":46.0,"enemies":"3 Sentries","floor":12.0,"turns":6.0},{"damage":8.0,"enemies":"Blue Slaver","floor":13.0,"turns":4.0},{"damage":28.0,"enemies":"Lagavulin","floor":14.0,"turns":6.0},{"damage":8.0,"enemies":"Slime Boss","floor":16.0,"turns":6.0},{"damage":2.0,"enemies":"Spheric Guardian","floor":18.0,"turns":3.0},{"damage":13.0,"enemies":"Chosen","floor":21.0,"turns":3.0},{"damage":19.0,"enemies":"Book of Stabbing","floor":23.0,"turns":4.0},{"damage":34.0,"enemies":"Shelled Parasite and Fungi","floor":24.0,"turns":4.0},{"damage":13.0,"enemies":"Snake Plant","floor":28.0,"turns":2.0},{"damage":36.0,"enemies":"Slavers","floor":29.0,"turns":2.0},{"damage":2.0,"enemies":"Chosen and Byrds","floor":31.0,"turns":1.0},{"damage":13.0,"enemies":"Collector","floor":33.0,"turns":4.0},{"damage":2.0,"enemies":"3 Darklings","floor":35.0,"turns":2.0},{"damage":1.0,"enemies":"Mind Bloom Boss Battle","floor":38.0,"turns":1.0},{"damage":1.0,"enemies":"3 Shapes","floor":39.0,"turns":1.0},{"damage":1.0,"enemies":"Nemesis","floor":40.0,"turns":1.0},{"damage":2.0,"enemies":"Reptomancer","floor":42.0,"turns":1.0},{"damage":2.0,"enemies":"Writhing Mass","floor":45.0,"turns":1.0},{"damage":1.0,"enemies":"Donu and Deca","floor":50.0,"turns":1.0},{"damage":2.0,"enemies":"Shield and Spear","floor":54.0,"turns":1.0},{"damage":76,"enemies":"The Heart","floor":55,"turns":6}],"seed_played":"-8763986546119046969","potions_obtained":[{"floor":1.0,"key":"SteroidPotion"},{"floor":13.0,"key":"EssenceOfSteel"},{"floor":16.0,"key":"SkillPotion"},{"floor":21.0,"key":"Swift Potion"},{"floor":24.0,"key":"SpeedPotion"},{"floor":31.0,"key":"FearPotion"},{"floor":40.0,"key":"Energy Potion"},{"floor":42.0,"key":"Swift Potion"},{"floor":45.0,"key":"PowerPotion"}],"is_trial":false,"path_per_floor":["M","M","?","?","M","R","$","?","T","R","T","E","M","E","R","B",null,"M","$","?","M","$","E","M","R","T","R","M","E","$","M","R","B",null,"M","$","?","?","M","E","R","E","T","R","M","$","R","?","R","B",null,"R","$","E","B"],"character_chosen":"DEFECT","items_purchased":["Self Repair","Blood Vial","Turbo","Boot","Heatsinks","Capacitor","Loop","Membership Card","Turbo+1","Defragment","Deep Breath+1"],"campfire_rested":2,"item_purchase_floors":[7,7,7,19,19,30,36,46,46,46,46],"current_hp_per_floor":[67,65,65,65,62,62,62,62,62,62,62,28,32,16,38,42,67,67,67,67,66,66,59,37,37,37,37,36,12,12,22,44,43,67,75,75,66,67,68,69,69,75,75,75,75,75,75,75,75,74,75,75,75,75,0],"gold":38,"neow_bonus":"BOSS_RELIC","is_prod":false,"is_daily":false,"chose_seed":false,"campfire_upgraded":8,"win_rate":0,"timestamp":1564921240,"path_taken":["M","M","?","?","M","R","$","?","T","R","?","E","M","E","R","BOSS","M","?","?","?","$","E","M","R","T","R","M","E","$","M","R","BOSS","M","$","?","?","M","E","R","E","T","R","M","?","R","?","R","BOSS","R","$","E","BOSS"],"build_version":"2019-07-17","purchased_purges":1,"victory":false,"max_hp_per_floor":[75,75,75,75,75,75,75,75,75,75,75,75,75,75,75,75,75,75,75,75,75,75,75,75,75,75,75,75,75,75,75,75,75,75,75,75,75,75,75,75,75,75,75,75,75,75,75,75,75,75,75,75,75,75,75],"card_choices":[{"not_picked":["Storm","Stack"],"picked":"Doom and Gloom","floor":1.0},{"not_picked":["Static Discharge","Aggregate"],"picked":"Conserve Battery","floor":2.0},{"not_picked":["Redo","Conserve Battery"],"picked":"Beam Cell","floor":5.0},{"not_picked":["Leap","Rip and Tear","FTL"],"picked":"Go for the Eyes","floor":12.0},{"not_picked":["Capacitor","Redo","Cold Snap"],"picked":"Sweeping Beam","floor":13.0},{"not_picked":["Seek","Rebound","Electrodynamics"],"picked":"Gash","floor":14.0},{"not_picked":["Amplify","Seek","Hyperbeam"],"picked":"All For One","floor":16.0},{"not_picked":["Steam","Stack+1","Beam Cell+1"],"picked":"Redo+1","floor":18.0},{"not_picked":["Turbo","Force Field","Hologram"],"picked":"Seek","floor":21.0},{"not_picked":["Fusion","Steam+1","Aggregate"],"picked":"Gash","floor":23.0},{"not_picked":["Storm","Rebound+1","Cold Snap"],"picked":"Gash","floor":24.0},{"not_picked":["Tempest+1","Stack","Go for the Eyes"],"picked":"Hologram","floor":28.0},{"not_picked":["Recycle","Coolheaded","Cold Snap"],"picked":"Glacier","floor":29.0},{"not_picked":["Recycle","BootSequence","Tempest"],"picked":"Consume","floor":31.0},{"not_picked":["All For One","Core Surge","Amplify"],"picked":"Seek","floor":33.0},{"not_picked":["Sunder+1","Barrage","Reinforced Body+1","Genetic Algorithm"],"picked":"SKIP","floor":35.0},{"not_picked":["Capacitor","Streamline","Stack+1"],"picked":"Gash","floor":38.0},{"not_picked":["Darkness","Barrage","BootSequence"],"picked":"Double Energy","floor":39.0},{"not_picked":["Skim","BootSequence","Ball Lightning"],"picked":"Heatsinks+1","floor":40.0},{"not_picked":["Cold Snap","Ball Lightning+1","Reinforced Body+1"],"picked":"All For One","floor":42.0},{"not_picked":["Streamline+1","Barrage+1","Force Field+1","Consume+1"],"picked":"SKIP","floor":45.0},{"not_picked":["Ball Lightning","Glacier+1","Darkness+1"],"picked":"White Noise+1","floor":54.0}],"player_experience":1069497,"relics_obtained":[{"floor":11.0,"key":"Question Card"},{"floor":12.0,"key":"Centennial Puzzle"},{"floor":14.0,"key":"Shuriken"},{"floor":23.0,"key":"Omamori"},{"floor":26.0,"key":"Unceasing Top"},{"floor":29.0,"key":"Bottled Lightning"},{"floor":38.0,"key":"Peace Pipe"},{"floor":40.0,"key":"Toxic Egg 2"},{"floor":42.0,"key":"Art of War"},{"floor":43.0,"key":"MawBank"},{"floor":54.0,"key":"Bottled Flame"}],"event_choices":[{"damage_healed":0.0,"max_hp_gain":0.0,"max_hp_loss":0.0,"gold_gain":175.0,"event_name":"Liars Game","player_choice":"AGREE","floor":3.0,"gold_loss":0.0,"damage_taken":0.0,"cards_obtained":["Doubt"]},{"damage_healed":0.0,"max_hp_gain":0.0,"max_hp_loss":0.0,"gold_gain":0.0,"event_name":"Big Fish","player_choice":"Box","floor":4.0,"gold_loss":0.0,"damage_taken":0.0,"relics_obtained":["Blue Candle"],"cards_obtained":["Regret"]},{"cards_removed":["Regret"],"damage_healed":0.0,"max_hp_gain":0.0,"max_hp_loss":0.0,"gold_gain":0.0,"event_name":"The Cleric","player_choice":"Card Removal","floor":8.0,"gold_loss":50.0,"damage_taken":0.0},{"damage_healed":0.0,"max_hp_gain":0.0,"max_hp_loss":0.0,"gold_gain":0.0,"event_name":"Duplicator","player_choice":"Copied","floor":20.0,"gold_loss":0.0,"damage_taken":0.0,"cards_obtained":["Defragment"]},{"damage_healed":0.0,"max_hp_gain":0.0,"max_hp_loss":0.0,"gold_gain":0.0,"event_name":"Winding Halls","player_choice":"Embrace Madness","floor":37.0,"gold_loss":0.0,"damage_taken":9.0,"cards_obtained":["Madness","Madness"]},{"damage_healed":0.0,"max_hp_gain":0.0,"max_hp_loss":0.0,"gold_gain":0.0,"event_name":"MindBloom","player_choice":"Fight","floor":38.0,"gold_loss":0.0,"damage_taken":0.0},{"cards_removed":["Defragment"],"damage_healed":0.0,"max_hp_gain":0.0,"max_hp_loss":0.0,"gold_gain":0.0,"event_name":"Falling","player_choice":"Removed Power","floor":48.0,"gold_loss":0.0,"damage_taken":0.0}],"is_beta":false,"boss_relics":[{"not_picked":["Busted Crown","Runic Pyramid"],"picked":"Astrolabe"},{"not_picked":["Fusion Hammer","Pandora\u0027s Box"],"picked":"Coffee Dripper"}],"items_purged_floors":[36],"is_endless":false,"potions_floor_spawned":[1,13,16,21,24,31,40,42,45,54],"killed_by":"The Heart","ascension_level":10}