{"gold_per_floor":[117,117,131,56,76,76,106,106,182,182,217,173,173,190,190,190],"floor_reached":16,"playtime":3760,"items_purged":["Shame"],"score":135,"play_id":"c2ca8f32-cbad-471e-afa2-8b3cf4766bd0","local_time":"20190629165821","is_ascension_mode":true,"campfire_choices":[{"data":"Neutralize","floor":6,"key":"SMITH"},{"floor":8,"key":"REST"},{"data":"Endless Agony","floor":10,"key":"SMITH"},{"floor":15,"key":"REST"}],"neow_cost":"CURSE","seed_source_timestamp":60674067971116,"circlet_count":0,"master_deck":["Defend_G","Defend_G","Defend_G","Defend_G","Defend_G","Strike_G","Strike_G+1","Strike_G","Strike_G","Strike_G+1","Survivor","Neutralize+1","Doppelganger","All Out Attack","Dash","Endless Agony+1","Tactician","Backflip","Noxious Fumes"],"relics":["Ring of the Snake","Pen Nib","Question Card","Calipers"],"potions_floor_usage":[16],"damage_taken":[{"damage":14,"enemies":"Small Slimes","floor":1,"turns":4},{"damage":7,"enemies":"2 Louse","floor":3,"turns":2},{"damage":2,"enemies":"Jaw Worm","floor":5,"turns":3},{"damage":26,"enemies":"Gremlin Nob","floor":7,"turns":4},{"damage":21,"enemies":"Lagavulin","floor":11,"turns":8},{"damage":8,"enemies":"Blue Slaver","floor":14,"turns":2},{"damage":28,"enemies":"Slime Boss","floor":16,"turns":6}],"seed_played":"8008482131250177813","potions_obtained":[{"floor":7,"key":"FearPotion"}],"is_trial":false,"path_per_floor":["M","?","M","$","M","R","E","R","T","R","E","?","?","M","R","B"],"character_chosen":"THE_SILENT","items_purchased":[],"campfire_rested":2,"item_purchase_floors":[],"current_hp_per_floor":[56,42,35,35,33,33,7,28,28,28,7,7,12,4,26,0],"gold":190,"neow_bonus":"THREE_RARE_CARDS","is_prod":false,"is_daily":false,"chose_seed":false,"campfire_upgraded":2,"win_rate":0,"timestamp":1561841901,"path_taken":["M","?","M","$","M","R","E","R","T","R","E","?","?","M","R","BOSS"],"build_version":"2019-01-23","purchased_purges":1,"victory":false,"max_hp_per_floor":[70,70,70,70,70,70,70,70,70,70,70,70,75,75,75,75],"card_choices":[{"not_picked":["Malaise","Unload"],"picked":"Doppelganger","floor":0},{"not_picked":["Quick Slash","PiercingWail"],"picked":"All Out Attack","floor":1},{"not_picked":["Bane","Bouncing Flask"],"picked":"Dash","floor":3},{"not_picked":["Crippling Poison","Poisoned Stab"],"picked":"Endless Agony","floor":5},{"not_picked":["Dagger Spray","Dagger Throw"],"picked":"Tactician","floor":7},{"not_picked":["Outmaneuver","Blade Dance","Crippling Poison"],"picked":"Backflip","floor":11},{"not_picked":["Dagger Spray","Deflect","Setup"],"picked":"Noxious Fumes","floor":14}],"player_experience":715932,"relics_obtained":[{"floor":7,"key":"Pen Nib"},{"floor":9,"key":"Question Card"},{"floor":11,"key":"Calipers"}],"event_choices":[{"damage_healed":0,"gold_gain":0,"player_choice":"Entered Light","damage_taken":14,"max_hp_gain":0,"max_hp_loss":0,"event_name":"Shining Light","floor":2,"gold_loss":0,"cards_upgraded":["Strike_G","Strike_G"]},{"damage_healed":0,"gold_gain":0,"player_choice":"Left Gold","damage_taken":0,"max_hp_gain":0,"max_hp_loss":0,"event_name":"World of Goop","floor":12,"gold_loss":44},{"damage_healed":0,"gold_gain":0,"player_choice":"Donut","damage_taken":0,"max_hp_gain":5,"max_hp_loss":0,"event_name":"Big Fish","floor":13,"gold_loss":0}],"is_beta":false,"boss_relics":[],"items_purged_floors":[4],"is_endless":false,"potions_floor_spawned":[7],"killed_by":"Slime Boss","ascension_level":5}