{"gold_per_floor":[109,125,300,300,317,352,365,365,365,365,365,379,406,425,425,425],"floor_reached":16,"playtime":1535,"items_purged":[],"score":140,"play_id":"114c14d4-c509-4f50-95b2-2972487f7141","local_time":"20190609193206","is_ascension_mode":true,"campfire_choices":[{"floor":10.0,"key":"REST"},{"floor":15.0,"key":"REST"}],"neow_cost":"CURSE","seed_source_timestamp":0,"circlet_count":0,"master_deck":["Strike_R","Strike_R","Strike_R","Strike_R","Strike_R","Defend_R","Defend_R","Defend_R","Defend_R","Bash","Rampage","Pommel Strike","Doubt","Metallicize","Metallicize","Feel No Pain","Power Through","Offering","Offering"],"special_seed":0,"relics":["Burning Blood","Bird Faced Urn","Matryoshka","Shuriken","Anchor","Gremlin Horn","Potion Belt","Centennial Puzzle"],"potions_floor_usage":[],"damage_taken":[{"damage":15.0,"enemies":"Cultist","floor":1.0,"turns":5.0},{"damage":5.0,"enemies":"2 Louse","floor":2.0,"turns":3.0},{"damage":2.0,"enemies":"Small Slimes","floor":5.0,"turns":3.0},{"damage":50.0,"enemies":"Lagavulin","floor":6.0,"turns":9.0},{"damage":8.0,"enemies":"Red Slaver","floor":7.0,"turns":5.0},{"damage":10.0,"enemies":"2 Fungi Beasts","floor":12.0,"turns":5.0},{"damage":22.0,"enemies":"3 Sentries","floor":13.0,"turns":13.0},{"damage":6.0,"enemies":"Exordium Thugs","floor":14.0,"turns":3.0},{"damage":71,"enemies":"Hexaghost","floor":16,"turns":15}],"seed_played":"-1498162454231314477","potions_obtained":[{"floor":2.0,"key":"Strength Potion"},{"floor":5.0,"key":"EssenceOfSteel"},{"floor":7.0,"key":"SpeedPotion"},{"floor":12.0,"key":"SmokeBomb"}],"is_trial":false,"path_per_floor":["M","M","?","?","M","E","M","?","T","R","?","M","E","M","R","B"],"character_chosen":"IRONCLAD","items_purchased":[],"campfire_rested":2,"item_purchase_floors":[],"current_hp_per_floor":[71,72,72,54,58,16,18,18,18,42,42,44,34,40,64,0],"gold":425,"neow_bonus":"ONE_RARE_RELIC","is_prod":false,"is_daily":false,"chose_seed":false,"campfire_upgraded":0,"win_rate":0,"timestamp":1560133926,"path_taken":["M","M","?","?","M","E","M","?","T","R","?","M","E","?","R","BOSS"],"build_version":"2019-01-23","purchased_purges":0,"victory":false,"max_hp_per_floor":[80,80,80,80,80,80,80,80,80,80,80,80,80,80,80,80],"card_choices":[{"not_picked":["Armaments","Wild Strike"],"picked":"Rampage","floor":1.0},{"not_picked":["Twin Strike","Sword Boomerang"],"picked":"Pommel Strike","floor":2.0},{"not_picked":["Havoc","Pommel Strike"],"picked":"Metallicize","floor":5.0},{"not_picked":["Twin Strike","Warcry"],"picked":"Metallicize","floor":6.0},{"not_picked":["Reaper","Thunderclap"],"picked":"Feel No Pain","floor":7.0},{"not_picked":["Clash","Pommel Strike"],"picked":"Power Through","floor":12.0},{"not_picked":["Pommel Strike","Infernal Blade"],"picked":"Offering","floor":13.0},{"not_picked":["Wild Strike","Armaments"],"picked":"Offering","floor":14.0}],"player_experience":529033,"relics_obtained":[{"floor":6.0,"key":"Shuriken"},{"floor":9.0,"key":"Anchor"},{"floor":9.0,"key":"Gremlin Horn"},{"floor":13.0,"key":"Centennial Puzzle"}],"event_choices":[{"damage_healed":0.0,"max_hp_gain":0.0,"max_hp_loss":0.0,"gold_gain":175.0,"event_name":"Liars Game","player_choice":"AGREE","floor":3.0,"gold_loss":0.0,"damage_taken":0.0,"cards_obtained":["Doubt"]},{"damage_healed":0.0,"max_hp_gain":0.0,"max_hp_loss":0.0,"gold_gain":0.0,"event_name":"Scrap Ooze","player_choice":"Success","floor":4.0,"gold_loss":0.0,"damage_taken":18.0,"relics_obtained":["Matryoshka"]},{"cards_removed":["Pain"],"damage_healed":0.0,"max_hp_gain":0.0,"max_hp_loss":0.0,"gold_gain":0.0,"event_name":"Living Wall","player_choice":"Forget","floor":8.0,"gold_loss":0.0,"damage_taken":0.0},{"damage_healed":0.0,"max_hp_gain":0.0,"max_hp_loss":0.0,"gold_gain":0.0,"event_name":"WeMeetAgain","player_choice":"Gave Potion","floor":11.0,"gold_loss":0.0,"damage_taken":0.0,"relics_obtained":["Potion Belt"]}],"is_beta":false,"boss_relics":[],"items_purged_floors":[],"is_endless":false,"potions_floor_spawned":[2,5,7,12],"killed_by":"Hexaghost","ascension_level":5}