{"gold_per_floor":[111,111,124,136,136,136,163,12,12,12,40,40,52,71,71,176,176,191,191,210,61,81,112,112,125,176,190,201,229,229,249,249,350,350,369,380,25,75,87,117,117,146,146,0,11,11,11],"floor_reached":47,"playtime":4519,"items_purged":[],"score":587,"play_id":"597e72e7-d0a6-4f03-b200-bb5bfad93564","local_time":"20191020161340","is_ascension_mode":false,"campfire_choices":[{"data":"Sucker Punch","floor":6,"key":"SMITH"},{"data":"Skewer","floor":10,"key":"SMITH"},{"data":"Well Laid Plans","floor":12,"key":"SMITH"},{"data":"Leg Sweep","floor":15,"key":"SMITH"},{"data":"Backstab","floor":24,"key":"SMITH"},{"data":"Finisher","floor":32,"key":"SMITH"},{"data":"Tools of the Trade","floor":41,"key":"SMITH"}],"neow_cost":"NONE","seed_source_timestamp":102554106445600,"circlet_count":0,"master_deck":["Strike_G","Strike_G","Strike_G","Strike_G","Strike_G","Defend_G","Defend_G","Defend_G","Defend_G","Defend_G","Survivor","Neutralize+1","Flying Knee","Terror","Sucker Punch+1","Prepared+1","Backstab+1","Skewer+1","Well Laid Plans+1","Deadly Poison","Leg Sweep+1","Finisher+1","Doppelganger","PiercingWail+1","Blur","Footwork+1","Blur","Terror+1","Malaise","Choke+1","Acrobatics","Necronomicurse","Finisher","Envenom","Tactician","Dagger Throw","Blade Dance+1","Underhanded Strike","Dodge and Roll+1","Acrobatics+1","Tools of the Trade+1","Blade Dance+1","Footwork+1","Dramatic Entrance"],"relics":["Ring of the Serpent","Ninja Scroll","Bag of Preparation","Centennial Puzzle","Pear","MutagenicStrength","Bag of Marbles","Bottled Lightning","Ancient Tea Set","Letter Opener","Necronomicon","Eternal Feather","Toxic Egg 2","Ice Cream","Mercury Hourglass","Girya","Dodecahedron","Red Mask"],"potions_floor_usage":[33,33,45,45],"damage_taken":[{"damage":0,"enemies":"Small Slimes","floor":1,"turns":4},{"damage":0,"enemies":"2 Louse","floor":3,"turns":2},{"damage":0,"enemies":"Jaw Worm","floor":4,"turns":3},{"damage":9,"enemies":"Lagavulin","floor":7,"turns":6},{"damage":5,"enemies":"3 Sentries","floor":11,"turns":7},{"damage":0,"enemies":"Blue Slaver","floor":13,"turns":2},{"damage":0,"enemies":"Large Slime","floor":14,"turns":3},{"damage":32,"enemies":"Slime Boss","floor":16,"turns":9},{"damage":15,"enemies":"Shell Parasite","floor":18,"turns":5},{"damage":0,"enemies":"Spheric Guardian","floor":20,"turns":1},{"damage":0,"enemies":"Snecko","floor":22,"turns":1},{"damage":0,"enemies":"Gremlin Leader","floor":23,"turns":1},{"damage":0,"enemies":"Centurion and Healer","floor":25,"turns":3},{"damage":0,"enemies":"Shelled Parasite and Fungi","floor":27,"turns":1},{"damage":4,"enemies":"Snake Plant","floor":28,"turns":4},{"damage":9,"enemies":"Slavers","floor":29,"turns":3},{"damage":8,"enemies":"Centurion and Healer","floor":31,"turns":2},{"damage":26,"enemies":"Automaton","floor":33,"turns":11},{"damage":6,"enemies":"3 Shapes","floor":35,"turns":2},{"damage":0,"enemies":"Orb Walker","floor":36,"turns":1},{"damage":10,"enemies":"2 Orb Walkers","floor":38,"turns":2},{"damage":9,"enemies":"Sphere and 2 Shapes","floor":39,"turns":1},{"damage":40,"enemies":"Giant Head","floor":40,"turns":8},{"damage":4,"enemies":"Nemesis","floor":42,"turns":3},{"damage":31,"enemies":"3 Darklings","floor":45,"turns":5},{"damage":10,"enemies":"Reptomancer","floor":47,"turns":2}],"seed_played":"-5472086800548864330","potions_obtained":[{"floor":1,"key":"LiquidBronze"},{"floor":3,"key":"EssenceOfSteel"},{"floor":11,"key":"EssenceOfSteel"},{"floor":20,"key":"Ancient Potion"},{"floor":25,"key":"PowerPotion"},{"floor":27,"key":"AttackPotion"},{"floor":33,"key":"Weak Potion"},{"floor":39,"key":"SteroidPotion"},{"floor":42,"key":"Strength Potion"}],"is_trial":false,"path_per_floor":["M","?","M","M","?","R","E","$","T","R","E","R","M","M","R","B",null,"M","?","M","$","M","E","R","M","T","M","M","E","?","M","R","B",null,"M","M","$","?","M","E","R","E","T","?","M","?","E"],"character_chosen":"THE_SILENT","items_purchased":["Skewer","Well Laid Plans","Bag of Marbles","Toxic Egg 2","Blade Dance+1","Underhanded Strike"],"campfire_rested":0,"item_purchase_floors":[8,8,21,37,37,37],"current_hp_per_floor":[70,63,63,63,49,49,40,40,40,40,45,45,45,45,45,13,80,65,65,65,65,65,65,65,65,65,65,61,52,36,28,28,2,80,74,74,74,64,55,15,39,35,35,35,4,4,0],"gold":11,"neow_bonus":"THREE_CARDS","is_prod":false,"is_daily":false,"chose_seed":false,"campfire_upgraded":7,"win_rate":0.0,"timestamp":1571602420,"path_taken":["M","?","M","M","?","R","E","$","T","R","E","R","M","M","R","BOSS","M","?","M","$","M","E","R","M","T","M","M","E","?","M","R","BOSS","M","M","$","?","M","E","R","E","T","?","M","?","E"],"build_version":"2019-07-17","purchased_purges":0,"victory":false,"max_hp_per_floor":[70,70,70,70,70,70,70,70,70,70,80,80,80,80,80,80,80,80,80,80,80,80,80,80,80,80,80,80,80,80,80,80,80,80,80,80,80,80,80,80,80,80,80,80,80,80,80],"card_choices":[{"not_picked":["Quick Slash","Sucker Punch"],"picked":"Flying Knee","floor":0},{"not_picked":["Blur","Deflect"],"picked":"Terror","floor":1},{"not_picked":["Slice","Calculated Gamble"],"picked":"Sucker Punch","floor":3},{"not_picked":["Riddle With Holes","Terror"],"picked":"Prepared","floor":4},{"not_picked":["PiercingWail","Expertise"],"picked":"Backstab","floor":7},{"not_picked":["Riddle With Holes","Heel Hook"],"picked":"Deadly Poison","floor":11},{"not_picked":["Heel Hook","Distraction"],"picked":"Leg Sweep","floor":13},{"not_picked":["Dagger Spray","Eviscerate"],"picked":"Finisher","floor":14},{"not_picked":["Glass Knife","Malaise"],"picked":"Doppelganger","floor":16},{"not_picked":["Deadly Poison","Slice"],"picked":"PiercingWail+1","floor":18},{"not_picked":["PiercingWail","Skewer"],"picked":"Blur","floor":20},{"not_picked":["Acrobatics","Flechettes"],"picked":"Footwork+1","floor":22},{"not_picked":["Slice","Distraction+1"],"picked":"Blur","floor":23},{"not_picked":["PiercingWail","Prepared"],"picked":"Terror+1","floor":25},{"not_picked":["Crippling Poison","Prepared"],"picked":"Malaise","floor":27},{"not_picked":["Dagger Spray+1","Deadly Poison"],"picked":"Choke+1","floor":28},{"not_picked":["Leg Sweep","Choke"],"picked":"Acrobatics","floor":29},{"not_picked":["Blade Dance","Sucker Punch"],"picked":"Finisher","floor":31},{"not_picked":["Unload","Adrenaline"],"picked":"Envenom","floor":33},{"not_picked":["Deadly Poison","Acrobatics+1"],"picked":"Tactician","floor":35},{"not_picked":["Riddle With Holes","Slice"],"picked":"Dagger Throw","floor":36},{"not_picked":["Quick Slash","Riddle With Holes"],"picked":"Dodge and Roll+1","floor":38},{"not_picked":["Deflect+1","Deadly Poison+1"],"picked":"Acrobatics+1","floor":39},{"not_picked":["Quick Slash","Leg Sweep+1"],"picked":"Tools of the Trade","floor":40},{"not_picked":["Quick Slash","Dagger Spray"],"picked":"Blade Dance+1","floor":42},{"not_picked":["Distraction+1","Terror+1"],"picked":"Footwork+1","floor":45},{"not_picked":["Trip+1","Blind+1"],"picked":"Dramatic Entrance","floor":46}],"player_experience":13460,"relics_obtained":[{"floor":7,"key":"Bag of Preparation"},{"floor":9,"key":"Centennial Puzzle"},{"floor":11,"key":"Pear"},{"floor":23,"key":"Bottled Lightning"},{"floor":26,"key":"Ancient Tea Set"},{"floor":29,"key":"Letter Opener"},{"floor":30,"key":"Necronomicon"},{"floor":38,"key":"Ice Cream"},{"floor":40,"key":"Mercury Hourglass"},{"floor":42,"key":"Girya"},{"floor":43,"key":"Dodecahedron"}],"event_choices":[{"damage_healed":0,"gold_gain":0,"player_choice":"Success","damage_taken":7,"relics_obtained":["Ninja Scroll"],"max_hp_gain":0,"max_hp_loss":0,"event_name":"Scrap Ooze","floor":2,"gold_loss":0},{"damage_healed":0,"gold_gain":0,"player_choice":"Entered Light","damage_taken":14,"max_hp_gain":0,"max_hp_loss":0,"event_name":"Shining Light","floor":5,"gold_loss":0,"cards_upgraded":["Prepared","Neutralize"]},{"damage_healed":0,"gold_gain":0,"player_choice":"Inject Mutagens","damage_taken":0,"relics_obtained":["MutagenicStrength"],"max_hp_gain":0,"max_hp_loss":0,"event_name":"Drug Dealer","floor":19,"gold_loss":0},{"damage_healed":0,"gold_gain":0,"player_choice":"Obtained Book","damage_taken":16,"max_hp_gain":0,"max_hp_loss":0,"event_name":"Cursed Tome","floor":30,"gold_loss":0},{"damage_healed":0,"gold_gain":0,"player_choice":"Fight","damage_taken":0,"max_hp_gain":0,"max_hp_loss":0,"event_name":"Mysterious Sphere","floor":38,"gold_loss":0},{"damage_healed":0,"gold_gain":0,"player_choice":"Paid","damage_taken":0,"relics_obtained":["Red Mask"],"max_hp_gain":0,"max_hp_loss":0,"event_name":"Tomb of Lord Red Mask","floor":44,"gold_loss":146},{"damage_healed":0,"gold_gain":0,"player_choice":"Memory 1","damage_taken":0,"max_hp_gain":0,"max_hp_loss":0,"event_name":"SensoryStone","floor":46,"gold_loss":0}],"is_beta":false,"boss_relics":[{"not_picked":["Runic Pyramid","Astrolabe"],"picked":"Ring of the Serpent"},{"not_picked":["Busted Crown","Runic Dome"],"picked":"Eternal Feather"}],"items_purged_floors":[],"is_endless":false,"potions_floor_spawned":[1,3,11,16,20,25,27,33,39,42],"killed_by":"Reptomancer","ascension_level":0}