{"gold_per_floor":[112,112,129,144,155,190,34,34,58,58,58,72,91,106,106,205,205,218,237,237,147,162,190,200,200,252,282,296,309,309,335,335,439,439,455,203,223,233,4,30,130,165,165,181,181,181,28,47,47,47],"floor_reached":50,"playtime":4680,"items_purged":["Pain"],"score":616,"play_id":"bdfc5a7c-1b6d-4ba7-9d9f-d5a3ee5d8943","local_time":"20190806123333","is_ascension_mode":false,"campfire_choices":[{"data":"Fire Breathing","floor":8.0,"key":"SMITH"},{"data":"Rampage","floor":11.0,"key":"SMITH"},{"data":"Evolve","floor":15.0,"key":"SMITH"},{"data":"Demon Form","floor":25.0,"key":"SMITH"},{"data":"Juggernaut","floor":32.0,"key":"SMITH"},{"data":"Barricade","floor":46.0,"key":"SMITH"},{"floor":49.0,"key":"RECALL"}],"neow_cost":"NONE","seed_source_timestamp":0,"circlet_count":0,"master_deck":["Strike_R","Strike_R","Strike_R","Defend_R","Defend_R","Defend_R","Bash","Fire Breathing+1","Metallicize","Rampage+1","Evolve+1","Rupture","Double Tap","Metallicize","Impervious","Spot Weakness+1","Ghostly","Ghostly","Ghostly","Ghostly+1","Ghostly","Burning Pact","Demon Form+1","Reckless Charge","Flame Barrier","Juggernaut+1","Thunderclap","Pummel","Berserk","Combust","Bloodletting","Feed","Forethought","Exhume","Combust+1","Barricade+1","Ghostly+1","Limit Break","Reaper"],"special_seed":0,"relics":["Burning Blood","WarpedTongs","Boot","Mark of Pain","PreservedInsect","Blood Vial","Vajra","Omamori","Pear","Runic Cube","Paper Frog","Bag of Marbles","Turnip","Ancient Tea Set","Mercury Hourglass"],"potions_floor_usage":[],"damage_taken":[{"damage":10.0,"enemies":"Jaw Worm","floor":1.0,"turns":4.0},{"damage":5.0,"enemies":"Cultist","floor":3.0,"turns":4.0},{"damage":12.0,"enemies":"Small Slimes","floor":4.0,"turns":3.0},{"damage":17.0,"enemies":"Looter","floor":5.0,"turns":3.0},{"damage":14.0,"enemies":"Gremlin Nob","floor":6.0,"turns":5.0},{"damage":13.0,"enemies":"Gremlin Gang","floor":12.0,"turns":6.0},{"damage":3.0,"enemies":"Exordium Thugs","floor":13.0,"turns":4.0},{"damage":16.0,"enemies":"Lots of Slimes","floor":14.0,"turns":5.0},{"damage":20.0,"enemies":"Hexaghost","floor":16.0,"turns":8.0},{"damage":4.0,"enemies":"Spheric Guardian","floor":18.0,"turns":5.0},{"damage":2.0,"enemies":"Chosen","floor":19.0,"turns":4.0},{"damage":7.0,"enemies":"Centurion and Healer","floor":22.0,"turns":7.0},{"damage":1.0,"enemies":"Gremlin Leader","floor":23.0,"turns":7.0},{"damage":0.0,"enemies":"Snake Plant","floor":24.0,"turns":7.0},{"damage":13.0,"enemies":"Book of Stabbing","floor":27.0,"turns":6.0},{"damage":3.0,"enemies":"3 Cultists","floor":28.0,"turns":6.0},{"damage":10.0,"enemies":"Shelled Parasite and Fungi","floor":29.0,"turns":8.0},{"damage":5.0,"enemies":"Gremlin Leader","floor":31.0,"turns":6.0},{"damage":20.0,"enemies":"Automaton","floor":33.0,"turns":9.0},{"damage":0.0,"enemies":"3 Shapes","floor":35.0,"turns":5.0},{"damage":27.0,"enemies":"3 Darklings","floor":37.0,"turns":5.0},{"damage":7.0,"enemies":"Sphere and 2 Shapes","floor":38.0,"turns":5.0},{"damage":22.0,"enemies":"Reptomancer","floor":40.0,"turns":7.0},{"damage":4.0,"enemies":"Mind Bloom Boss Battle","floor":41.0,"turns":7.0},{"damage":8.0,"enemies":"Giant Head","floor":42.0,"turns":7.0},{"damage":12.0,"enemies":"4 Shapes","floor":44.0,"turns":4.0},{"damage":17.0,"enemies":"3 Darklings","floor":48.0,"turns":6.0},{"damage":69,"enemies":"Awakened One","floor":50,"turns":6}],"seed_played":"-2811000968764181450","potions_obtained":[{"floor":1.0,"key":"Block Potion"},{"floor":4.0,"key":"Swift Potion"},{"floor":5.0,"key":"Strength Potion"},{"floor":13.0,"key":"FairyPotion"},{"floor":18.0,"key":"Swift Potion"},{"floor":19.0,"key":"PowerPotion"},{"floor":28.0,"key":"SteroidPotion"},{"floor":29.0,"key":"Dexterity Potion"},{"floor":31.0,"key":"Ancient Potion"},{"floor":33.0,"key":"Fruit Juice"},{"floor":37.0,"key":"LiquidBronze"},{"floor":38.0,"key":"Weak Potion"},{"floor":44.0,"key":"PowerPotion"}],"is_trial":false,"path_per_floor":["M","?","M","M","M","E","$","R","T","?","R","M","M","M","R","B",null,"M","M","?","?","M","E","M","R","T","E","M","M","T","E","R","B",null,"M","$","M","M","$","E","?","E","T","M","?","R","$","M","R","B"],"character_chosen":"IRONCLAD","items_purchased":["Evolve","Paper Frog","Feed","Forethought","Limit Break"],"campfire_rested":0,"item_purchase_floors":[7,36,39,39,47],"current_hp_per_floor":[76,76,77,71,60,52,52,52,52,52,52,45,48,38,38,24,80,80,80,40,40,39,40,40,40,40,33,38,36,36,49,49,41,55,55,55,34,35,35,21,28,31,31,27,27,27,27,18,18,0],"gold":47,"neow_bonus":"REMOVE_CARD","is_prod":false,"is_daily":false,"chose_seed":false,"campfire_upgraded":6,"win_rate":0,"timestamp":1565109213,"path_taken":["M","?","?","M","M","E","$","R","T","?","R","M","M","?","R","BOSS","M","M","?","?","M","E","M","R","T","E","M","?","?","E","R","BOSS","M","?","M","M","$","E","?","E","T","M","?","R","$","?","R","BOSS"],"build_version":"2019-07-17","purchased_purges":1,"victory":false,"max_hp_per_floor":[80,80,80,80,80,80,80,80,80,80,80,80,80,80,80,80,80,80,80,40,40,40,40,40,40,40,40,40,40,40,50,50,55,55,55,55,55,55,55,55,58,61,61,61,61,61,61,61,61,67],"card_choices":[{"not_picked":["Body Slam","Cleave"],"picked":"Fire Breathing","floor":1.0},{"not_picked":["Corruption","Shrug It Off","Clash"],"picked":"SKIP","floor":3.0},{"not_picked":["Havoc","Pommel Strike","Clothesline"],"picked":"SKIP","floor":4.0},{"not_picked":["Anger","Warcry"],"picked":"Metallicize","floor":5.0},{"not_picked":["Anger","Thunderclap"],"picked":"Rampage","floor":6.0},{"not_picked":["Flex","Clash"],"picked":"Rupture","floor":12.0},{"not_picked":["Rage","Armaments"],"picked":"Double Tap","floor":13.0},{"not_picked":["Evolve","Shrug It Off"],"picked":"Metallicize","floor":14.0},{"not_picked":["Exhume","Fiend Fire"],"picked":"Impervious","floor":16.0},{"not_picked":["Clothesline+1","Thunderclap"],"picked":"Spot Weakness+1","floor":18.0},{"not_picked":["Heavy Blade","Shrug It Off","Wild Strike"],"picked":"SKIP","floor":19.0},{"not_picked":["Shockwave+1","Heavy Blade"],"picked":"Burning Pact","floor":22.0},{"not_picked":["Body Slam","Corruption"],"picked":"Demon Form","floor":23.0},{"not_picked":["Dropkick","Heavy Blade"],"picked":"Reckless Charge","floor":24.0},{"not_picked":["Clothesline","Rupture"],"picked":"Flame Barrier","floor":27.0},{"not_picked":["Wild Strike","Blood for Blood"],"picked":"Juggernaut","floor":28.0},{"not_picked":["Iron Wave","Infernal Blade"],"picked":"Thunderclap","floor":29.0},{"not_picked":["Dropkick","Sword Boomerang"],"picked":"Pummel","floor":31.0},{"not_picked":["Reaper","Immolate"],"picked":"Berserk","floor":33.0},{"not_picked":["Warcry","Sentinel+1"],"picked":"Combust","floor":35.0},{"not_picked":["Twin Strike+1","Power Through"],"picked":"Bloodletting","floor":37.0},{"not_picked":["Hemokinesis","Clothesline+1","Shrug It Off+1"],"picked":"SKIP","floor":38.0},{"not_picked":["Berserk","Wild Strike"],"picked":"Exhume","floor":40.0},{"not_picked":["Flex","Iron Wave"],"picked":"Combust+1","floor":41.0},{"not_picked":["Flex","Warcry"],"picked":"Barricade","floor":42.0},{"not_picked":["Perfected Strike","True Grit","Heavy Blade+1"],"picked":"SKIP","floor":44.0},{"not_picked":["Pommel Strike+1","Sword Boomerang+1"],"picked":"Reaper","floor":48.0}],"player_experience":1080242,"relics_obtained":[{"floor":6.0,"key":"Boot"},{"floor":23.0,"key":"PreservedInsect"},{"floor":26.0,"key":"Blood Vial"},{"floor":27.0,"key":"Vajra"},{"floor":30.0,"key":"Omamori"},{"floor":31.0,"key":"Pear"},{"floor":40.0,"key":"Bag of Marbles"},{"floor":41.0,"key":"Turnip"},{"floor":42.0,"key":"Ancient Tea Set"},{"floor":43.0,"key":"Mercury Hourglass"}],"event_choices":[{"damage_healed":0.0,"max_hp_gain":0.0,"max_hp_loss":0.0,"gold_gain":0.0,"event_name":"Accursed Blacksmith","player_choice":"Rummage","floor":2.0,"gold_loss":0.0,"damage_taken":0.0,"relics_obtained":["WarpedTongs"],"cards_obtained":["Pain"]},{"cards_removed":["Strike_R"],"damage_healed":0.0,"max_hp_gain":0.0,"max_hp_loss":0.0,"gold_gain":0.0,"event_name":"Purifier","player_choice":"Purged","floor":10.0,"gold_loss":0.0,"damage_taken":0.0},{"damage_healed":0.0,"max_hp_gain":0.0,"max_hp_loss":40.0,"gold_gain":0.0,"event_name":"Ghosts","player_choice":"Became a Ghost","floor":20.0,"gold_loss":0.0,"damage_taken":0.0,"cards_obtained":["Ghostly","Ghostly","Ghostly","Ghostly","Ghostly"]},{"cards_removed":["Defend_R"],"damage_healed":0.0,"max_hp_gain":0.0,"max_hp_loss":0.0,"gold_gain":0.0,"event_name":"Designer","player_choice":"Upgrade and Remove","floor":21.0,"gold_loss":90.0,"damage_taken":0.0,"cards_upgraded":["Ghostly"]},{"damage_healed":0.0,"max_hp_gain":0.0,"max_hp_loss":0.0,"gold_gain":0.0,"event_name":"MindBloom","player_choice":"Fight","floor":41.0,"gold_loss":0.0,"damage_taken":0.0},{"damage_healed":0.0,"max_hp_gain":0.0,"max_hp_loss":0.0,"gold_gain":0.0,"event_name":"Duplicator","player_choice":"Copied","floor":45.0,"gold_loss":0.0,"damage_taken":0.0,"cards_obtained":["Ghostly"]}],"is_beta":false,"boss_relics":[{"not_picked":["Snecko Eye","Black Blood"],"picked":"Mark of Pain"},{"not_picked":["Pandora\u0027s Box","Orrery"],"picked":"Runic Cube"}],"items_purged_floors":[7],"is_endless":false,"potions_floor_spawned":[1,4,5,13,18,19,28,29,31,33,37,38,44],"killed_by":"Awakened One","ascension_level":0}