{"gold_per_floor":[113,127,142,159,159,159,186,186,212,224,236,275,16,32,32,106,106,120,139,54,67,67],"floor_reached":22,"playtime":1325,"items_purged":[],"score":333,"play_id":"55b8dd4f-d8fe-47b3-9874-d3b1985ef62c","local_time":"20190903060230","is_ascension_mode":true,"campfire_choices":[{"floor":6.0,"key":"REST"},{"data":"Defragment","floor":8.0,"key":"SMITH"},{"data":"Beam Cell","floor":10.0,"key":"SMITH"},{"data":"Hologram","floor":15.0,"key":"SMITH"}],"neow_cost":"NONE","seed_source_timestamp":43227653810593,"circlet_count":0,"master_deck":["AscendersBane","Strike_B","Strike_B","Strike_B+1","Strike_B","Defend_B","Defend_B","Defend_B","Defend_B","Zap+1","Dualcast","Beam Cell+1","Sweeping Beam+1","Auto Shields","Coolheaded","Defragment+1","Electrodynamics","Streamline","Hologram+1","Self Repair","Reboot","Turbo","Loop","Tempest+1"],"special_seed":0,"relics":["Cracked Core","Boot","Whetstone","MawBank","Lantern","Lee\u0027s Waffle","Sozu","Bag of Preparation"],"potions_floor_usage":[],"damage_taken":[{"damage":12.0,"enemies":"Jaw Worm","floor":1.0,"turns":3.0},{"damage":5.0,"enemies":"Small Slimes","floor":2.0,"turns":2.0},{"damage":6.0,"enemies":"2 Louse","floor":3.0,"turns":2.0},{"damage":5.0,"enemies":"Blue Slaver","floor":4.0,"turns":3.0},{"damage":17.0,"enemies":"3 Sentries","floor":7.0,"turns":7.0},{"damage":19.0,"enemies":"Lagavulin","floor":12.0,"turns":5.0},{"damage":0.0,"enemies":"2 Fungi Beasts","floor":14.0,"turns":1.0},{"damage":51.0,"enemies":"Hexaghost","floor":16.0,"turns":11.0},{"damage":7.0,"enemies":"Chosen","floor":18.0,"turns":3.0},{"damage":28.0,"enemies":"2 Thieves","floor":19.0,"turns":3.0},{"damage":32,"enemies":"Snecko","floor":21,"turns":5},{"damage":8,"enemies":"Chosen and Byrds","floor":22,"turns":1}],"seed_played":"-3244525539505517916","potions_obtained":[{"floor":7.0,"key":"AttackPotion"},{"floor":12.0,"key":"SteroidPotion"},{"floor":14.0,"key":"Strength Potion"}],"is_trial":false,"path_per_floor":["M","M","M","M","?","R","E","R","T","R","?","E","$","M","R","B",null,"M","M","?","M","M"],"character_chosen":"DEFECT","items_purchased":["Streamline","Lee\u0027s Waffle","Hologram"],"campfire_rested":1,"item_purchase_floors":[13,13,13],"current_hp_per_floor":[52,47,41,36,36,57,40,40,40,40,37,18,78,78,78,34,67,60,39,39,7,0],"gold":67,"neow_bonus":"RANDOM_COMMON_RELIC","is_prod":false,"is_daily":false,"chose_seed":false,"campfire_upgraded":3,"win_rate":0,"timestamp":1567504950,"path_taken":["M","M","M","M","?","R","E","R","T","R","?","E","$","M","R","BOSS","M","M","?","M","M"],"build_version":"2019-07-17","purchased_purges":0,"victory":false,"max_hp_per_floor":[71,71,71,71,71,71,71,71,71,71,71,71,78,78,78,78,78,78,78,78,78,78],"card_choices":[{"not_picked":["Streamline","Conserve Battery"],"picked":"Beam Cell","floor":1.0},{"not_picked":["Beam Cell","Compile Driver"],"picked":"Sweeping Beam","floor":2.0},{"not_picked":["Rainbow","Fusion"],"picked":"Auto Shields","floor":3.0},{"not_picked":["Compile Driver","Barrage"],"picked":"Coolheaded","floor":4.0},{"not_picked":["Heatsinks","Sweeping Beam"],"picked":"Defragment","floor":7.0},{"not_picked":["Coolheaded","Barrage"],"picked":"Electrodynamics","floor":12.0},{"not_picked":["Go for the Eyes","Coolheaded"],"picked":"Self Repair","floor":14.0},{"not_picked":["Electrodynamics","Fission"],"picked":"Reboot","floor":16.0},{"not_picked":["Recycle","Redo"],"picked":"Turbo","floor":18.0},{"not_picked":["Streamline","Hello World"],"picked":"Loop","floor":19.0},{"not_picked":["Chill","Turbo"],"picked":"Tempest+1","floor":21}],"player_experience":1287210,"relics_obtained":[{"floor":7.0,"key":"Whetstone"},{"floor":9.0,"key":"MawBank"},{"floor":12.0,"key":"Lantern"}],"event_choices":[{"damage_healed":0.0,"max_hp_gain":0.0,"max_hp_loss":0.0,"gold_gain":0.0,"event_name":"Living Wall","player_choice":"Grow","floor":5.0,"gold_loss":0.0,"damage_taken":0.0,"cards_upgraded":["Zap"]},{"damage_healed":0.0,"max_hp_gain":0.0,"max_hp_loss":0.0,"gold_gain":0.0,"event_name":"Scrap Ooze","player_choice":"Fled","floor":11.0,"gold_loss":0.0,"damage_taken":3.0},{"damage_healed":0.0,"max_hp_gain":0.0,"max_hp_loss":0.0,"gold_gain":0.0,"event_name":"Addict","player_choice":"Obtained Relic","floor":20.0,"gold_loss":85.0,"damage_taken":0.0,"relics_obtained":["Bag of Preparation"]}],"is_beta":false,"boss_relics":[{"not_picked":["Tiny House","White Beast Statue"],"picked":"Sozu"}],"items_purged_floors":[],"is_endless":false,"potions_floor_spawned":[7,12,14,16],"killed_by":"Chosen and Byrds","ascension_level":14}