{"gold_per_floor":[110,124,141,153,153,186,200,200,270,282,294,294,124,135,135,239,239,259,259,259,277,297,297,327,327,327,327,361,29,29],"floor_reached":30,"playtime":2136,"items_purged":["Strike_B"],"score":272,"play_id":"bc1d354b-633b-4131-b425-c962a8a8267e","local_time":"20191021222038","is_ascension_mode":false,"campfire_choices":[{"data":"Zap","floor":8,"key":"SMITH"},{"data":"Dualcast","floor":12,"key":"SMITH"},{"data":"Scrape","floor":15,"key":"SMITH"},{"data":"Electrodynamics","floor":23,"key":"SMITH"},{"data":"Consume","floor":27,"key":"SMITH"}],"neow_cost":"NONE","seed_source_timestamp":16007049099900,"circlet_count":0,"master_deck":["Strike_B","Defend_B","Zap+1","Dualcast+1","Electrodynamics+1","FTL","Consume+1","Scrape+1","Go for the Eyes+1","Go for the Eyes+1","Gash+1","All For One+1","Capacitor+1","Force Field+1","Beam Cell+1","Gash+1","Streamline+1","Conserve Battery","Swift Strike+1"],"relics":["Cracked Core","Pantograph","Molten Egg 2","Astrolabe","Calipers","Boot","Anchor","Bottled Flame"],"potions_floor_usage":[11,14,16,21,21,30,30],"damage_taken":[{"damage":1,"enemies":"2 Louse","floor":1,"turns":2},{"damage":1,"enemies":"Cultist","floor":2,"turns":4},{"damage":0,"enemies":"Small Slimes","floor":3,"turns":3},{"damage":1,"enemies":"2 Fungi Beasts","floor":4,"turns":2},{"damage":8,"enemies":"3 Sentries","floor":6,"turns":3},{"damage":7,"enemies":"Blue Slaver","floor":7,"turns":3},{"damage":0,"enemies":"Looter","floor":10,"turns":2},{"damage":0,"enemies":"Gremlin Gang","floor":11,"turns":3},{"damage":3,"enemies":"Red Slaver","floor":14,"turns":4},{"damage":19,"enemies":"Hexaghost","floor":16,"turns":8},{"damage":0,"enemies":"Spheric Guardian","floor":18,"turns":2},{"damage":7,"enemies":"2 Thieves","floor":21,"turns":2},{"damage":13,"enemies":"Centurion and Healer","floor":22,"turns":2},{"damage":18,"enemies":"Gremlin Leader","floor":24,"turns":4},{"damage":19,"enemies":"Slavers","floor":28,"turns":3},{"damage":10,"enemies":"Sentry and Sphere","floor":30,"turns":2}],"seed_played":"-7540663182396004332","potions_obtained":[{"floor":1,"key":"AttackPotion"},{"floor":2,"key":"Fire Potion"},{"floor":4,"key":"Block Potion"},{"floor":11,"key":"Energy Potion"},{"floor":18,"key":"Fire Potion"},{"floor":22,"key":"Ancient Potion"},{"floor":28,"key":"AttackPotion"}],"is_trial":false,"path_per_floor":["M","M","M","M","?","E","M","R","T","M","M","R","$","M","R","B",null,"M","?","?","M","M","R","E","?","T","R","E","$","M"],"character_chosen":"DEFECT","items_purchased":["Go for the Eyes+1","Gash+1","Swift Strike+1","Bottled Flame"],"campfire_rested":0,"item_purchase_floors":[13,13,29,29],"current_hp_per_floor":[74,73,73,72,72,64,57,57,57,57,57,57,57,54,54,56,75,75,75,61,54,41,41,23,23,23,23,4,4,0],"gold":29,"neow_bonus":"TRANSFORM_CARD","is_prod":false,"is_daily":false,"chose_seed":false,"campfire_upgraded":5,"win_rate":0.0,"timestamp":1571710838,"path_taken":["M","M","M","M","?","E","M","R","T","M","M","R","$","?","R","BOSS","M","?","?","M","M","R","E","?","T","R","E","$","M"],"build_version":"2019-07-17","purchased_purges":1,"victory":false,"max_hp_per_floor":[75,75,75,75,75,75,75,75,75,75,75,75,75,75,75,75,75,75,75,80,80,80,80,80,80,80,80,80,80,80],"card_choices":[{"not_picked":["Chill","Darkness","White Noise"],"picked":"SKIP","floor":1},{"not_picked":["Hologram","Darkness","Compile Driver"],"picked":"SKIP","floor":2},{"not_picked":["Gash","Barrage","Turbo"],"picked":"SKIP","floor":3},{"not_picked":["Gash","Doom and Gloom"],"picked":"FTL","floor":4},{"not_picked":["Go for the Eyes","Leap"],"picked":"Consume","floor":6},{"not_picked":["BootSequence","Sweeping Beam"],"picked":"Scrape","floor":7},{"not_picked":["White Noise","Tempest"],"picked":"Go for the Eyes+1","floor":10},{"not_picked":["Ball Lightning+1","Coolheaded","Glacier"],"picked":"SKIP","floor":11},{"not_picked":["Darkness","Coolheaded","Turbo"],"picked":"SKIP","floor":14},{"not_picked":["Echo Form","Biased Cognition"],"picked":"All For One+1","floor":16},{"not_picked":["Coolheaded","Self Repair","Leap"],"picked":"SKIP","floor":18},{"not_picked":["Storm","Steam Power","Genetic Algorithm"],"picked":"SKIP","floor":21},{"not_picked":["Blizzard+1","Conserve Battery"],"picked":"Gash+1","floor":22},{"not_picked":["Lockon+1","Sweeping Beam+1"],"picked":"Streamline+1","floor":24},{"not_picked":["Sunder+1","Stack"],"picked":"Conserve Battery","floor":28}],"player_experience":54062,"relics_obtained":[{"floor":6,"key":"Pantograph"},{"floor":9,"key":"Molten Egg 2"},{"floor":24,"key":"Calipers"},{"floor":26,"key":"Boot"},{"floor":28,"key":"Anchor"}],"event_choices":[{"damage_healed":0,"gold_gain":0,"player_choice":"Bought 0 Potions","damage_taken":0,"max_hp_gain":0,"max_hp_loss":0,"event_name":"The Woman in Blue","floor":5,"gold_loss":0},{"cards_removed":["Defend_B"],"damage_healed":0,"gold_gain":0,"player_choice":"Elegance","damage_taken":0,"max_hp_gain":0,"max_hp_loss":0,"event_name":"Back to Basics","floor":19,"gold_loss":0},{"damage_healed":0,"gold_gain":0,"player_choice":"Shed Blood","damage_taken":19,"max_hp_gain":5,"max_hp_loss":0,"event_name":"Forgotten Altar","floor":20,"gold_loss":0},{"damage_healed":0,"gold_gain":0,"player_choice":"Ignored","damage_taken":0,"max_hp_gain":0,"max_hp_loss":0,"event_name":"Vampires","floor":25,"gold_loss":0}],"is_beta":false,"boss_relics":[{"not_picked":["Lizard Tail","Busted Crown"],"picked":"Astrolabe"}],"items_purged_floors":[13],"is_endless":false,"potions_floor_spawned":[1,2,4,11,18,22,28],"killed_by":"Sentry and Sphere","ascension_level":0}