{"gold_per_floor":[110,128,303,303,317,317,223,173,198,198,198,59,59,89,89,189,189,199,111,386,401,418,418,445,445,445,220,231,261,261],"floor_reached":30,"playtime":2842,"items_purged":[],"score":434,"play_id":"12c254d1-1477-44c0-b7d2-95505538c7d8","local_time":"20190801103418","is_ascension_mode":true,"campfire_choices":[{"data":"Zap","floor":6.0,"key":"SMITH"},{"data":"Dualcast","floor":10.0,"key":"SMITH"},{"data":"Self Repair","floor":13.0,"key":"SMITH"},{"data":"Go for the Eyes","floor":15,"key":"SMITH"},{"data":"Hologram","floor":23,"key":"SMITH"},{"floor":25,"key":"REST"}],"neow_cost":"NONE","seed_source_timestamp":0,"circlet_count":0,"master_deck":["AscendersBane","Strike_B","Strike_B","Defend_B","Defend_B","Defend_B","Zap+1","Dualcast+1","Doom and Gloom","Conserve Battery","Doubt","Beam Cell","Turbo","Self Repair+1","Impatience","Go for the Eyes+1","Capacitor","Seek","Steam+1","All For One+1","Defragment+1","Redo+1","Flash of Steel","Regret","Hologram+1","Glacier","Redo+1","Rebound","Consume","Conserve Battery"],"special_seed":0,"relics":["Nuclear Battery","Blue Candle","Question Card","Centennial Puzzle","Astrolabe","Shuriken","Omamori","HandDrill","Art of War"],"potions_floor_usage":[14,16],"damage_taken":[{"damage":1.0,"enemies":"2 Louse","floor":1.0,"turns":3.0},{"damage":3.0,"enemies":"Jaw Worm","floor":2.0,"turns":4.0},{"damage":3.0,"enemies":"Cultist","floor":5.0,"turns":4.0},{"damage":29,"enemies":"3 Sentries","floor":14,"turns":9},{"damage":39,"enemies":"Slime Boss","floor":16,"turns":13},{"damage":18,"enemies":"Spheric Guardian","floor":18,"turns":4},{"damage":28,"enemies":"Chosen","floor":21,"turns":6},{"damage":25,"enemies":"Shelled Parasite and Fungi","floor":22,"turns":3},{"damage":14,"enemies":"Book of Stabbing","floor":24,"turns":5},{"damage":13,"enemies":"Snake Plant","floor":28,"turns":3},{"damage":23,"enemies":"Slavers","floor":29,"turns":7},{"damage":27,"enemies":"Chosen and Byrds","floor":30,"turns":6}],"seed_played":"-8763986546119046969","potions_obtained":[{"floor":1.0,"key":"SteroidPotion"},{"floor":14,"key":"SkillPotion"},{"floor":22,"key":"SpeedPotion"},{"floor":28,"key":"FearPotion"}],"is_trial":false,"path_per_floor":["M","M","?","?","M","R","$","?","T","R","T","$","R","E","R","B",null,"M","$","?","M","M","R","E","R","T","$","M","E","M"],"character_chosen":"DEFECT","items_purchased":["Turbo","Self Repair","Impatience","Go for the Eyes","Flash of Steel","HandDrill","Rebound"],"campfire_rested":1,"item_purchase_floors":[7,7,12,12,19,27,27],"current_hp_per_floor":[67,64,64,64,61,61,61,61,61,61,61,61,61,42,42,13,60,52,52,52,34,19,19,15,37,37,37,34,21,0],"gold":261,"neow_bonus":"BOSS_RELIC","is_prod":false,"is_daily":false,"chose_seed":false,"campfire_upgraded":5,"win_rate":0,"timestamp":1564670058,"path_taken":["M","M","?","?","M","R","$","?","T","R","?","$","R","E","R","BOSS","M","?","?","M","M","R","E","R","T","$","M","E","M"],"build_version":"2019-07-17","purchased_purges":0,"victory":false,"max_hp_per_floor":[75,75,75,75,75,75,75,75,75,75,75,75,75,75,75,75,75,75,75,75,75,75,75,75,75,75,75,75,75,75],"card_choices":[{"not_picked":["Storm","Stack"],"picked":"Doom and Gloom","floor":1.0},{"not_picked":["Static Discharge","Aggregate"],"picked":"Conserve Battery","floor":2.0},{"not_picked":["Redo","Conserve Battery"],"picked":"Beam Cell","floor":5.0},{"not_picked":["Sweeping Beam","Redo","Cold Snap"],"picked":"Capacitor","floor":14},{"not_picked":["Buffer","Electrodynamics","Meteor Strike"],"picked":"Seek","floor":16},{"not_picked":["Steam","Stack+1","Beam Cell+1"],"picked":"Redo+1","floor":18},{"not_picked":["Turbo","Force Field","Seek"],"picked":"Hologram","floor":21},{"not_picked":["Turbo","Rebound","Stack+1"],"picked":"Glacier","floor":22},{"not_picked":["Static Discharge","Fusion","Tempest"],"picked":"Redo+1","floor":24},{"not_picked":["Go for the Eyes","Aggregate","Tempest"],"picked":"Consume","floor":28},{"not_picked":["Force Field","Steam","Sweeping Beam"],"picked":"Conserve Battery","floor":29}],"player_experience":1042510,"relics_obtained":[{"floor":11.0,"key":"Question Card"},{"floor":14,"key":"Centennial Puzzle"},{"floor":24,"key":"Shuriken"},{"floor":26,"key":"Omamori"},{"floor":29,"key":"Art of War"}],"event_choices":[{"damage_healed":0.0,"max_hp_gain":0.0,"max_hp_loss":0.0,"gold_gain":175.0,"event_name":"Liars Game","player_choice":"AGREE","floor":3.0,"gold_loss":0.0,"damage_taken":0.0,"cards_obtained":["Doubt"]},{"damage_healed":0.0,"max_hp_gain":0.0,"max_hp_loss":0.0,"gold_gain":0.0,"event_name":"Big Fish","player_choice":"Box","floor":4.0,"gold_loss":0.0,"damage_taken":0.0,"relics_obtained":["Blue Candle"],"cards_obtained":["Regret"]},{"cards_removed":["Regret"],"damage_healed":0.0,"max_hp_gain":0.0,"max_hp_loss":0.0,"gold_gain":0.0,"event_name":"The Cleric","player_choice":"Card Removal","floor":8.0,"gold_loss":50.0,"damage_taken":0.0},{"damage_healed":0,"gold_gain":275,"player_choice":"Desecrate","damage_taken":0,"max_hp_gain":0,"max_hp_loss":0,"event_name":"Golden Shrine","floor":20,"gold_loss":0,"cards_obtained":["Regret"]}],"is_beta":false,"boss_relics":[{"not_picked":["Busted Crown","Runic Pyramid"],"picked":"Astrolabe"}],"items_purged_floors":[],"is_endless":false,"potions_floor_spawned":[1,14,22,28],"killed_by":"Chosen and Byrds","ascension_level":10}