{"gold_per_floor":[115,128,128,148,148,187,202,202,253,288,288,307,323,323,323,442,442,422,438,2,2,2,2],"floor_reached":23,"playtime":1092,"items_purged":["Normality"],"score":320,"play_id":"d567df22-2bd1-4f69-8eb5-a9fd49f16410","local_time":"20190719125427","is_ascension_mode":true,"campfire_choices":[{"data":"Turbo","floor":11,"key":"SMITH"},{"floor":15,"key":"REST"}],"neow_cost":"NONE","seed_source_timestamp":0,"circlet_count":0,"master_deck":["Strike_B","Strike_B","Strike_B","Defend_B","Defend_B","Defend_B","Zap","Dualcast","Turbo+1","Sunder","Injury","Auto Shields","Coolheaded","Streamline","Conserve Battery","Go for the Eyes","Buffer","Meteor Strike","Shame","Writhe","Defragment+1","Turbo","Hologram","Recycle","Melter"],"relics":["Cracked Core","NeowsBlessing","Golden Idol","NlothsMask","Darkstone Periapt","Oddly Smooth Stone","Calling Bell","Turnip","Dodecahedron","DataDisk","Membership Card","Tiny Chest","Kunai"],"potions_floor_usage":[6,8,10,16,23],"damage_taken":[{"damage":0,"enemies":"Cultist","floor":1,"turns":1},{"damage":0,"enemies":"Small Slimes","floor":2,"turns":1},{"damage":0,"enemies":"2 Louse","floor":4,"turns":1},{"damage":24,"enemies":"Lagavulin","floor":6,"turns":5},{"damage":2,"enemies":"2 Fungi Beasts","floor":7,"turns":4},{"damage":0,"enemies":"3 Sentries","floor":8,"turns":1},{"damage":1,"enemies":"Gremlin Nob","floor":10,"turns":3},{"damage":19,"enemies":"Exordium Wildlife","floor":12,"turns":4},{"damage":3,"enemies":"Looter","floor":13,"turns":3},{"damage":34,"enemies":"Slime Boss","floor":16,"turns":12},{"damage":42,"enemies":"2 Thieves","floor":18,"turns":5},{"damage":11,"enemies":"Spheric Guardian","floor":19,"turns":4},{"damage":34,"enemies":"Book of Stabbing","floor":23,"turns":4}],"seed_played":"-8572742729414171860","potions_obtained":[{"floor":1,"key":"AttackPotion"},{"floor":2,"key":"SmokeBomb"},{"floor":6,"key":"Fire Potion"},{"floor":10,"key":"Swift Potion"},{"floor":19,"key":"SkillPotion"}],"is_trial":false,"path_per_floor":["M","M","?","M","?","E","M","E","T","E","R","M","M","?","R","B",null,"M","M","$","?","?","E"],"character_chosen":"DEFECT","items_purchased":["Membership Card","Tiny Chest","Kunai","Hologram"],"campfire_rested":1,"item_purchase_floors":[20,20,20,20],"current_hp_per_floor":[68,68,68,68,68,44,42,42,42,41,41,22,19,24,48,14,82,40,29,29,29,29,0],"gold":2,"neow_bonus":"THREE_ENEMY_KILL","is_prod":false,"is_daily":false,"chose_seed":true,"campfire_upgraded":1,"win_rate":0,"timestamp":1563555267,"path_taken":["M","?","?","M","?","E","M","E","T","E","R","?","M","?","R","BOSS","M","M","$","?","?","E"],"build_version":"2019-07-17","purchased_purges":1,"victory":false,"max_hp_per_floor":[75,75,75,75,75,75,75,75,75,75,75,75,75,80,80,80,98,98,98,98,98,98,98],"card_choices":[{"not_picked":["White Noise","Melter"],"picked":"Turbo","floor":1},{"not_picked":["Reinforced Body","Stack"],"picked":"Sunder","floor":2},{"not_picked":["Cold Snap","Conserve Battery"],"picked":"Auto Shields","floor":4},{"not_picked":["Aggregate","Blizzard"],"picked":"Coolheaded","floor":6},{"not_picked":["Barrage","Stack"],"picked":"Streamline","floor":7},{"not_picked":["Leap","Double Energy"],"picked":"Conserve Battery","floor":10},{"not_picked":["Rebound","Streamline"],"picked":"Go for the Eyes","floor":12},{"not_picked":["Lockon","Conserve Battery"],"picked":"Buffer","floor":13},{"not_picked":["Rainbow","Core Surge"],"picked":"Meteor Strike","floor":16},{"not_picked":["Streamline","Sweeping Beam+1"],"picked":"Defragment+1","floor":18},{"not_picked":["Sweeping Beam+1","Biased Cognition"],"picked":"Turbo","floor":19}],"player_experience":1003355,"relics_obtained":[{"floor":6,"key":"Darkstone Periapt"},{"floor":10,"key":"Oddly Smooth Stone"},{"floor":17,"key":"Turnip"},{"floor":17,"key":"Dodecahedron"},{"floor":17,"key":"DataDisk"}],"event_choices":[{"damage_healed":0,"gold_gain":0,"player_choice":"Take Wound","damage_taken":0,"relics_obtained":["Golden Idol"],"max_hp_gain":0,"max_hp_loss":0,"event_name":"Golden Idol","floor":3,"gold_loss":0,"cards_obtained":["Injury"]},{"damage_healed":0,"gold_gain":0,"player_choice":"Trade","damage_taken":0,"relics_obtained":["NlothsMask"],"max_hp_gain":0,"max_hp_loss":0,"event_name":"FaceTrader","floor":5,"gold_loss":0},{"damage_healed":0,"gold_gain":0,"player_choice":"Donut","damage_taken":0,"max_hp_gain":5,"max_hp_loss":0,"event_name":"Big Fish","floor":14,"gold_loss":0},{"damage_healed":0,"gold_gain":0,"player_choice":"Ignored","damage_taken":0,"max_hp_gain":0,"max_hp_loss":0,"event_name":"Cursed Tome","floor":21,"gold_loss":0},{"damage_healed":0,"gold_gain":0,"cards_transformed":["Strike_B","Defend_B"],"player_choice":"Became Test Subject","damage_taken":0,"max_hp_gain":0,"max_hp_loss":0,"event_name":"Drug Dealer","floor":22,"gold_loss":0,"cards_obtained":["Recycle","Melter"]}],"is_beta":false,"boss_relics":[{"not_picked":["FrozenCore","Runic Dome"],"picked":"Calling Bell"}],"items_purged_floors":[20],"is_endless":false,"potions_floor_spawned":[1,2,6,10,19],"killed_by":"Book of Stabbing","ascension_level":8}