{"gold_per_floor":[99,99,99,99,52,52,52,52,52,52,27,27,27,27,27,27,27,27,27,27,27,27,27,27,27,27,27,27,27,27,27,27,27],"floor_reached":33,"playtime":5228,"items_purged":[],"score":338,"play_id":"174a8fec-907e-4ceb-9d3b-d154733cb74e","local_time":"20190527195501","is_ascension_mode":false,"campfire_choices":[{"data":"Dualcast","floor":6.0,"key":"SMITH"},{"floor":12.0,"key":"REST"},{"floor":15.0,"key":"REST"},{"data":"Zap","floor":23.0,"key":"SMITH"},{"data":"Coolheaded","floor":30.0,"key":"SMITH"},{"floor":32.0,"key":"REST"}],"neow_cost":"NONE","seed_source_timestamp":0,"circlet_count":0,"master_deck":["Strike_B","Strike_B","Defend_B","Defend_B","Defend_B","Defend_B","Zap+1","Dualcast+1","Beam Cell","Doom and Gloom","Regret","Coolheaded","All For One","Sweeping Beam","Gash","Turbo","Seek","BootSequence+1","Coolheaded+1","Recycle","Sweeping Beam","Hologram+1","FTL","Hello World","Beam Cell+1","Gash","Steam"],"special_seed":0,"relics":["Ectoplasm","Blood Vial","Omamori","Bronze Scales","Sundial","Nuclear Battery","Enchiridion","Matryoshka","MawBank","Happy Flower","Ancient Tea Set","Boot","FossilizedHelix"],"potions_floor_usage":[],"damage_taken":[{"damage":7.0,"enemies":"2 Louse","floor":1.0,"turns":2.0},{"damage":10.0,"enemies":"Jaw Worm","floor":3.0,"turns":4.0},{"damage":1.0,"enemies":"Small Slimes","floor":7.0,"turns":2.0},{"damage":28.0,"enemies":"Gremlin Nob","floor":8.0,"turns":4.0},{"damage":23.0,"enemies":"3 Sentries","floor":13.0,"turns":5.0},{"damage":7.0,"enemies":"Blue Slaver","floor":14.0,"turns":3.0},{"damage":38.0,"enemies":"The Guardian","floor":16.0,"turns":9.0},{"damage":2.0,"enemies":"Chosen","floor":18.0,"turns":4.0},{"damage":7.0,"enemies":"Shell Parasite","floor":22.0,"turns":4.0},{"damage":4.0,"enemies":"Gremlin Leader","floor":24.0,"turns":6.0},{"damage":1.0,"enemies":"Centurion and Healer","floor":25.0,"turns":3.0},{"damage":9.0,"enemies":"Book of Stabbing","floor":27.0,"turns":4.0},{"damage":8.0,"enemies":"3 Cultists","floor":28.0,"turns":4.0},{"damage":6.0,"enemies":"Sentry and Sphere","floor":29.0,"turns":3.0},{"damage":19.0,"enemies":"Gremlin Leader","floor":31.0,"turns":3.0},{"damage":65,"enemies":"Champ","floor":33,"turns":9}],"seed_played":"-1241599475322658498","potions_obtained":[{"floor":7.0,"key":"Strength Potion"},{"floor":8.0,"key":"Block Potion"},{"floor":14.0,"key":"EssenceOfSteel"},{"floor":22.0,"key":"Weak Potion"},{"floor":25.0,"key":"Block Potion"},{"floor":31.0,"key":"FearPotion"}],"is_trial":false,"path_per_floor":["M","?","M","?","?","R","M","E","T","?","$","R","E","M","R","B",null,"M","?","?","T","M","R","E","M","T","E","M","M","R","E","R","B"],"character_chosen":"DEFECT","items_purchased":["Sweeping Beam"],"campfire_rested":3,"item_purchase_floors":[11],"current_hp_per_floor":[68,68,58,58,58,58,59,33,33,33,33,55,34,29,51,15,75,73,73,57,57,52,52,50,51,51,44,38,34,34,17,39,0],"gold":27,"neow_bonus":"BOSS_RELIC","is_prod":false,"is_daily":false,"chose_seed":false,"campfire_upgraded":3,"win_rate":0.0,"timestamp":1559012101,"path_taken":["M","?","M","?","?","R","M","E","T","?","$","R","E","M","R","BOSS","M","?","?","?","?","R","E","M","T","E","M","M","R","E","R","BOSS"],"build_version":"2019-01-23","purchased_purges":0,"victory":false,"max_hp_per_floor":[75,75,75,75,75,75,75,75,75,75,75,75,75,75,75,75,75,75,75,75,75,75,75,75,75,75,75,75,75,75,75,75,75],"card_choices":[{"not_picked":["Go for the Eyes","Force Field"],"picked":"Beam Cell","floor":1.0},{"not_picked":["Barrage","Cold Snap"],"picked":"Doom and Gloom","floor":3.0},{"not_picked":["Reprogram","Aggregate"],"picked":"Coolheaded","floor":7.0},{"not_picked":["Conserve Battery","Force Field"],"picked":"All For One","floor":8.0},{"not_picked":["Coolheaded","Sunder"],"picked":"Gash","floor":13.0},{"not_picked":["Leap","Genetic Algorithm"],"picked":"Turbo","floor":14.0},{"not_picked":["Rainbow","Reboot"],"picked":"Seek","floor":16.0},{"not_picked":["Leap","Turbo"],"picked":"BootSequence+1","floor":18.0},{"not_picked":["Doom and Gloom","Ball Lightning"],"picked":"Sweeping Beam","floor":22.0},{"not_picked":["Steam+1","Blizzard"],"picked":"Hologram+1","floor":24.0},{"not_picked":["Creative AI","Storm"],"picked":"FTL","floor":25.0},{"not_picked":["Compile Driver","Leap"],"picked":"Hello World","floor":27.0},{"not_picked":["Ball Lightning","Consume"],"picked":"Beam Cell+1","floor":28.0},{"not_picked":["BootSequence","Double Energy"],"picked":"Gash","floor":29.0},{"not_picked":["Thunder Strike","Barrage+1"],"picked":"Steam","floor":31.0}],"player_experience":212534,"relics_obtained":[{"floor":8.0,"key":"Omamori"},{"floor":9.0,"key":"Bronze Scales"},{"floor":13.0,"key":"Sundial"},{"floor":20.0,"key":"Enchiridion"},{"floor":21.0,"key":"Matryoshka"},{"floor":24.0,"key":"MawBank"},{"floor":26.0,"key":"Happy Flower"},{"floor":26.0,"key":"Ancient Tea Set"},{"floor":27.0,"key":"Boot"},{"floor":31.0,"key":"FossilizedHelix"}],"event_choices":[{"damage_healed":0.0,"max_hp_gain":0.0,"max_hp_loss":0.0,"gold_gain":0.0,"event_name":"Liars Game","player_choice":"Ignored","floor":2.0,"gold_loss":0.0,"damage_taken":0.0},{"damage_healed":0.0,"max_hp_gain":0.0,"max_hp_loss":0.0,"gold_gain":0.0,"event_name":"Big Fish","player_choice":"Box","floor":4.0,"gold_loss":0.0,"damage_taken":0.0,"relics_obtained":["Blood Vial"],"cards_obtained":["Regret"]},{"damage_healed":0.0,"max_hp_gain":0.0,"max_hp_loss":0.0,"gold_gain":0.0,"event_name":"World of Goop","player_choice":"Left Gold","floor":5.0,"gold_loss":47.0,"damage_taken":0.0},{"damage_healed":0.0,"max_hp_gain":0.0,"max_hp_loss":0.0,"gold_gain":0.0,"event_name":"Golden Idol","player_choice":"Ignored","floor":10.0,"gold_loss":0.0,"damage_taken":0.0},{"damage_healed":0.0,"max_hp_gain":0.0,"max_hp_loss":0.0,"gold_gain":0.0,"cards_transformed":["Strike_B","Strike_B"],"event_name":"Drug Dealer","player_choice":"Became Test Subject","floor":19.0,"gold_loss":0.0,"damage_taken":0.0,"cards_obtained":["Coolheaded","Recycle"]},{"damage_healed":0.0,"max_hp_gain":0.0,"max_hp_loss":0.0,"gold_gain":0.0,"event_name":"Cursed Tome","player_choice":"Obtained Book","floor":20.0,"gold_loss":0.0,"damage_taken":16.0}],"is_beta":false,"boss_relics":[{"not_picked":["Runic Pyramid","Busted Crown"],"picked":"Nuclear Battery"}],"items_purged_floors":[],"is_endless":false,"potions_floor_spawned":[7,8,14,22,25,31],"killed_by":"Champ","ascension_level":0}