{"gold_per_floor":[116,116,191,53,73,106,106,133,187,25,25,54,54,70,70,175,175,192,65,77,77,9,34,34,63,110,110,110],"floor_reached":28,"playtime":2037,"items_purged":[],"score":413,"play_id":"2d85ab76-699c-4d1b-8310-d22e176a527c","local_time":"20190715161022","is_ascension_mode":true,"campfire_choices":[{"data":"Self Repair","floor":7,"key":"SMITH"},{"floor":11,"key":"REST"},{"data":"Fission","floor":15,"key":"SMITH"},{"data":"Defragment","floor":24,"key":"SMITH"}],"neow_cost":"NONE","seed_source_timestamp":0,"circlet_count":0,"master_deck":["Strike_B+1","Defend_B","Defend_B","Defend_B","Defend_B","Zap","Dualcast+1","Self Repair+1","Multi-Cast","Auto Shields","Barrage","Coolheaded","Mind Blast","Darkness","Fission+1","Steam","Electrodynamics","Capacitor","Turbo","Barrage+1","Go for the Eyes","FTL","Defragment+1","Machine Learning+1","Capacitor+1","Injury"],"relics":["Cracked Core","NeowsBlessing","Lantern","Oddly Smooth Stone","Orichalcum","Ice Cream","Cursed Key","Frozen Egg 2","Blue Candle"],"potions_floor_usage":[8,16],"damage_taken":[{"damage":0,"enemies":"Small Slimes","floor":1,"turns":1},{"damage":0,"enemies":"2 Louse","floor":5,"turns":1},{"damage":0,"enemies":"3 Sentries","floor":6,"turns":1},{"damage":27,"enemies":"Lagavulin","floor":8,"turns":6},{"damage":12,"enemies":"Gremlin Nob","floor":12,"turns":4},{"damage":0,"enemies":"Cultist","floor":14,"turns":4},{"damage":50,"enemies":"Hexaghost","floor":16,"turns":12},{"damage":0,"enemies":"Spheric Guardian","floor":18,"turns":3},{"damage":23,"enemies":"Shell Parasite","floor":20,"turns":8},{"damage":17,"enemies":"Gremlin Leader","floor":23,"turns":4},{"damage":37,"enemies":"Slavers","floor":25,"turns":5},{"damage":29,"enemies":"Book of Stabbing","floor":28,"turns":3}],"seed_played":"450405226329354883","potions_obtained":[{"floor":1,"key":"PowerPotion"},{"floor":14,"key":"PowerPotion"},{"floor":16,"key":"Strength Potion"}],"is_trial":false,"path_per_floor":["M","?","?","$","M","E","R","E","T","$","R","E","?","M","R","B",null,"M","$","M","?","$","E","R","E","T","?","E"],"character_chosen":"DEFECT","items_purchased":["Multi-Cast","Mind Blast","Darkness","Capacitor","Turbo","Defragment"],"campfire_rested":1,"item_purchase_floors":[4,10,10,19,19,22],"current_hp_per_floor":[68,53,42,42,49,49,49,32,32,32,54,52,52,62,62,22,62,72,72,59,59,59,52,52,25,25,25,0],"gold":110,"neow_bonus":"THREE_ENEMY_KILL","is_prod":false,"is_daily":false,"chose_seed":true,"campfire_upgraded":3,"win_rate":0,"timestamp":1563221422,"path_taken":["M","?","?","$","M","E","R","E","T","$","R","E","?","M","R","BOSS","M","?","M","?","$","E","R","E","T","?","E"],"build_version":"2019-07-05","purchased_purges":0,"victory":false,"max_hp_per_floor":[75,75,75,75,75,75,75,75,75,75,75,75,75,75,75,75,75,75,75,75,75,75,75,75,75,75,75,75],"card_choices":[{"not_picked":["Skim","Gash"],"picked":"Self Repair","floor":1},{"not_picked":["Ball Lightning","Rip and Tear"],"picked":"Auto Shields","floor":5},{"not_picked":["Lockon","Leap"],"picked":"Barrage","floor":6},{"not_picked":["Beam Cell","Aggregate"],"picked":"Coolheaded","floor":8},{"not_picked":["Rebound","Melter"],"picked":"Fission","floor":12},{"not_picked":["Rip and Tear","Darkness"],"picked":"Steam","floor":14},{"not_picked":["Hyperbeam","Creative AI"],"picked":"Electrodynamics","floor":16},{"not_picked":["Ball Lightning","Streamline+1","Gash"],"picked":"SKIP","floor":18},{"not_picked":["Storm","Cold Snap"],"picked":"Barrage+1","floor":20},{"not_picked":["Gash","Self Repair"],"picked":"Machine Learning","floor":23},{"not_picked":["Sunder+1","Hologram"],"picked":"Capacitor+1","floor":25}],"player_experience":937267,"relics_obtained":[{"floor":6,"key":"Lantern"},{"floor":8,"key":"Oddly Smooth Stone"},{"floor":9,"key":"Orichalcum"},{"floor":12,"key":"Ice Cream"},{"floor":23,"key":"Frozen Egg 2"},{"floor":25,"key":"Blue Candle"}],"event_choices":[{"damage_healed":0,"gold_gain":0,"player_choice":"Entered Light","damage_taken":15,"max_hp_gain":0,"max_hp_loss":0,"event_name":"Shining Light","floor":2,"gold_loss":0,"cards_upgraded":["Strike_B","Dualcast"]},{"damage_healed":0,"gold_gain":75,"player_choice":"Gather Gold","damage_taken":11,"max_hp_gain":0,"max_hp_loss":0,"event_name":"World of Goop","floor":3,"gold_loss":0},{"cards_removed":["Strike_B"],"damage_healed":0,"gold_gain":0,"player_choice":"Offered Basic","damage_taken":0,"max_hp_gain":0,"max_hp_loss":0,"event_name":"Bonfire Elementals","floor":13,"gold_loss":0},{"damage_healed":0,"gold_gain":0,"cards_transformed":["Strike_B","Strike_B"],"player_choice":"Became Test Subject","damage_taken":0,"max_hp_gain":0,"max_hp_loss":0,"event_name":"Drug Dealer","floor":21,"gold_loss":0,"cards_obtained":["Go for the Eyes","FTL"]},{"damage_healed":0,"gold_gain":0,"player_choice":"Ignored","damage_taken":0,"max_hp_gain":0,"max_hp_loss":0,"event_name":"Vampires","floor":27,"gold_loss":0}],"is_beta":false,"boss_relics":[{"not_picked":["Calling Bell","Pandora\u0027s Box"],"picked":"Cursed Key"}],"items_purged_floors":[],"is_endless":false,"potions_floor_spawned":[1,14,16],"killed_by":"Book of Stabbing","ascension_level":8}