{"gold_per_floor":[212,212,222,65,65,100,116,132,132,132,152,0,0,28,28,133,133,153,153,153,166,12,12],"floor_reached":23,"playtime":2224,"items_purged":["Regret","Shame"],"score":264,"play_id":"54c5b09a-4637-4a60-b2dc-a1133c29ce74","local_time":"20190609103812","is_ascension_mode":true,"campfire_choices":[{"floor":10,"key":"REST"},{"floor":13,"key":"REST"},{"data":"Disarm","floor":15,"key":"SMITH"}],"neow_cost":"NONE","seed_source_timestamp":0,"circlet_count":0,"master_deck":["Strike_R","Strike_R","Strike_R","Strike_R","Defend_R","Defend_R","Defend_R","Defend_R","Bash","Disarm+1","Headbutt","Impatience","Evolve","Shockwave","Spot Weakness","Whirlwind","Burning Pact","Pummel+1","Rage","Offering","Searing Blow+1","Ghostly","Ghostly","Ghostly","Ghostly","Ghostly","Pummel+1","Anger+1"],"special_seed":0,"relics":["Black Blood","Vajra","Ice Cream","Molten Egg 2","Pantograph","Art of War"],"potions_floor_usage":[8,8,14,16],"damage_taken":[{"damage":14.0,"enemies":"Cultist","floor":1.0,"turns":5.0},{"damage":0.0,"enemies":"2 Louse","floor":3.0,"turns":3.0},{"damage":48.0,"enemies":"Gremlin Nob","floor":6.0,"turns":5.0},{"damage":16.0,"enemies":"Jaw Worm","floor":7.0,"turns":4.0},{"damage":22,"enemies":"Lots of Slimes","floor":8,"turns":4},{"damage":23,"enemies":"Blue Slaver","floor":11,"turns":5},{"damage":20,"enemies":"3 Sentries","floor":14,"turns":4},{"damage":38,"enemies":"The Guardian","floor":16,"turns":10},{"damage":17,"enemies":"3 Byrds","floor":18,"turns":4},{"damage":36,"enemies":"Spheric Guardian","floor":21,"turns":7},{"damage":17,"enemies":"Book of Stabbing","floor":23,"turns":6}],"seed_played":"-3602394576491587800","potions_obtained":[{"floor":1.0,"key":"SpeedPotion"},{"floor":3.0,"key":"Ancient Potion"},{"floor":7.0,"key":"Energy Potion"},{"floor":8,"key":"Strength Potion"},{"floor":18,"key":"Explosive Potion"},{"floor":21,"key":"Block Potion"}],"is_trial":false,"path_per_floor":["M","?","M","$","?","E","M","M","T","R","M","$","R","E","R","B",null,"M","?","?","M","$","E"],"character_chosen":"IRONCLAD","items_purchased":["Impatience","Evolve","Pummel+1","Anger+1"],"campfire_rested":2,"item_purchase_floors":[4,4,12,22],"current_hp_per_floor":[72,72,78,78,78,36,26,10,10,34,17,17,41,27,27,20,80,73,40,40,14,14,0],"gold":12,"neow_bonus":"HUNDRED_GOLD","is_prod":false,"is_daily":false,"chose_seed":false,"campfire_upgraded":1,"win_rate":0,"timestamp":1560101892,"path_taken":["M","?","M","?","?","E","M","?","T","R","M","?","R","E","R","BOSS","M","?","?","M","$","E"],"build_version":"2019-01-23","purchased_purges":2,"victory":false,"max_hp_per_floor":[80,80,80,80,80,80,80,80,80,80,80,80,80,80,80,80,80,80,40,40,40,40,40],"card_choices":[{"not_picked":["Dual Wield","Body Slam"],"picked":"Disarm","floor":1.0},{"not_picked":["Searing Blow","Anger"],"picked":"Headbutt","floor":3.0},{"not_picked":["Havoc","Perfected Strike"],"picked":"Shockwave","floor":6.0},{"not_picked":["Bludgeon","Headbutt"],"picked":"Spot Weakness","floor":7.0},{"not_picked":["Searing Blow","Blood for Blood"],"picked":"Whirlwind","floor":8},{"not_picked":["Shrug It Off","Flame Barrier"],"picked":"Burning Pact","floor":11},{"not_picked":["Burning Pact","Wild Strike+1"],"picked":"Rage","floor":14},{"not_picked":["Brutality","Fiend Fire+1"],"picked":"Offering","floor":16},{"not_picked":["Power Through+1","Anger+1"],"picked":"Searing Blow+1","floor":18},{"not_picked":["Searing Blow+1","Sword Boomerang+1"],"picked":"Pummel+1","floor":21}],"player_experience":506379,"relics_obtained":[{"floor":6.0,"key":"Ice Cream"},{"floor":9,"key":"Molten Egg 2"},{"floor":14,"key":"Pantograph"}],"event_choices":[{"cards_removed":["Strike_R"],"damage_healed":0.0,"max_hp_gain":0.0,"max_hp_loss":0.0,"gold_gain":0.0,"event_name":"Bonfire Elementals","player_choice":"Offered Basic","floor":2.0,"gold_loss":0.0,"damage_taken":0.0},{"damage_healed":0.0,"max_hp_gain":0.0,"max_hp_loss":0.0,"gold_gain":0.0,"event_name":"Big Fish","player_choice":"Box","floor":5.0,"gold_loss":0.0,"damage_taken":0.0,"relics_obtained":["Vajra"],"cards_obtained":["Regret"]},{"damage_healed":0,"gold_gain":0,"player_choice":"Became a Ghost","damage_taken":0,"max_hp_gain":0,"max_hp_loss":40,"event_name":"Ghosts","floor":19,"gold_loss":0,"cards_obtained":["Ghostly","Ghostly","Ghostly","Ghostly","Ghostly"]},{"damage_healed":0,"gold_gain":0,"player_choice":"Stole Relic","damage_taken":0,"relics_obtained":["Art of War"],"max_hp_gain":0,"max_hp_loss":0,"event_name":"Addict","floor":20,"gold_loss":0,"cards_obtained":["Shame"]}],"is_beta":false,"boss_relics":[{"not_picked":["Astrolabe","Ectoplasm"],"picked":"Black Blood"}],"items_purged_floors":[12,22],"is_endless":false,"potions_floor_spawned":[1,3,7,8,18,21],"killed_by":"Book of Stabbing","ascension_level":4}