{"gold_per_floor":[117,117,130,205,205,237,254,254,254,288,288,21,21,45,45,174,174,187,187,203,224,239,273,288,288,288,348,54,70,70,83,83,83],"floor_reached":33,"playtime":2676,"items_purged":["Strike_R"],"score":370,"play_id":"8cc31998-4b02-4df9-9a54-b47eccac6c57","local_time":"20190607214142","is_ascension_mode":true,"campfire_choices":[{"data":"Blood for Blood","floor":11.0,"key":"SMITH"},{"floor":15.0,"key":"REST"},{"data":"Magnetism","floor":25.0,"key":"SMITH"},{"floor":32,"key":"REST"}],"neow_cost":"NONE","seed_source_timestamp":0,"circlet_count":0,"master_deck":["Strike_R","Strike_R","Strike_R","Defend_R","Defend_R","Defend_R+1","Defend_R+1","Bash","Rampage","Seeing Red","Blood for Blood+1","Hemokinesis","Twin Strike","Magnetism+1","Combust","Battle Trance","Reaper","Infernal Blade+1","Metallicize","Thunderclap","Second Wind","Armaments+1","Seeing Red","Immolate","Evolve","Feel No Pain","Feed","Shame"],"special_seed":0,"relics":["Burning Blood","NeowsBlessing","Pen Nib","War Paint","Golden Idol","Pocketwatch","Self Forming Clay","Philosopher\u0027s Stone","Torii","Shovel","Singing Bowl","Blood Vial","Oddly Smooth Stone"],"potions_floor_usage":[27,27,33,33],"damage_taken":[{"damage":0.0,"enemies":"Small Slimes","floor":1.0,"turns":1.0},{"damage":0.0,"enemies":"Jaw Worm","floor":3.0,"turns":1.0},{"damage":0.0,"enemies":"Gremlin Nob","floor":6.0,"turns":1.0},{"damage":11.0,"enemies":"2 Louse","floor":7.0,"turns":3.0},{"damage":30.0,"enemies":"Lagavulin","floor":10.0,"turns":5.0},{"damage":11.0,"enemies":"Red Slaver","floor":14.0,"turns":4.0},{"damage":29.0,"enemies":"Slime Boss","floor":16.0,"turns":6.0},{"damage":24.0,"enemies":"3 Byrds","floor":18.0,"turns":5.0},{"damage":6.0,"enemies":"Spheric Guardian","floor":20.0,"turns":3.0},{"damage":21.0,"enemies":"Snake Plant","floor":21.0,"turns":4.0},{"damage":23.0,"enemies":"Cultist and Chosen","floor":22.0,"turns":4.0},{"damage":19.0,"enemies":"Gremlin Leader","floor":23.0,"turns":6.0},{"damage":23.0,"enemies":"Sentry and Sphere","floor":24.0,"turns":4.0},{"damage":21,"enemies":"Book of Stabbing","floor":27,"turns":3},{"damage":10,"enemies":"Chosen and Byrds","floor":29,"turns":3},{"damage":19,"enemies":"Snecko","floor":31,"turns":5},{"damage":75,"enemies":"Collector","floor":33,"turns":7}],"seed_played":"-6240184861525615740","potions_obtained":[{"floor":1.0,"key":"AttackPotion"},{"floor":7.0,"key":"EssenceOfSteel"},{"floor":14.0,"key":"Regen Potion"},{"floor":16.0,"key":"Swift Potion"},{"floor":18.0,"key":"Swift Potion"},{"floor":22.0,"key":"PowerPotion"},{"floor":24.0,"key":"SkillPotion"},{"floor":29,"key":"FearPotion"},{"floor":31,"key":"EssenceOfSteel"}],"is_trial":false,"path_per_floor":["M","?","M","?","T","E","M","?","T","E","R","$","$","M","R","B",null,"M","?","M","M","M","E","M","R","T","E","$","M","?","M","R","B"],"character_chosen":"IRONCLAD","items_purchased":["Magnetism","Combust","Blood Vial","Feel No Pain"],"campfire_rested":2,"item_purchase_floors":[12,12,28,28],"current_hp_per_floor":[80,80,80,69,69,75,70,50,50,26,26,26,26,21,45,34,80,70,70,74,59,63,62,45,45,45,30,30,36,36,33,57,0],"gold":83,"neow_bonus":"THREE_ENEMY_KILL","is_prod":false,"is_daily":false,"chose_seed":false,"campfire_upgraded":2,"win_rate":0,"timestamp":1559968902,"path_taken":["M","?","M","?","?","E","M","?","T","E","R","?","$","?","R","BOSS","M","?","M","M","M","E","M","R","T","E","$","M","?","M","R","BOSS"],"build_version":"2019-01-23","purchased_purges":1,"victory":false,"max_hp_per_floor":[80,80,80,80,80,80,80,80,80,80,80,80,80,80,80,80,80,80,80,80,80,80,80,80,80,80,80,80,80,80,82,82,82],"card_choices":[{"not_picked":["Wild Strike","Iron Wave"],"picked":"Rampage","floor":1.0},{"not_picked":["Twin Strike","Warcry"],"picked":"Seeing Red","floor":3.0},{"not_picked":["Wild Strike","Clash"],"picked":"Blood for Blood","floor":6.0},{"not_picked":["Uppercut","Shrug It Off"],"picked":"Hemokinesis","floor":7.0},{"not_picked":["Perfected Strike","Anger"],"picked":"Twin Strike","floor":10.0},{"not_picked":["Havoc","Shrug It Off"],"picked":"Battle Trance","floor":14.0},{"not_picked":["Berserk","Fiend Fire"],"picked":"Reaper","floor":16.0},{"not_picked":["Heavy Blade","Carnage"],"picked":"Infernal Blade+1","floor":18.0},{"not_picked":["True Grit","Cleave"],"picked":"Thunderclap","floor":20.0},{"not_picked":["Heavy Blade","Clothesline"],"picked":"Second Wind","floor":21.0},{"not_picked":["Twin Strike","Sentinel"],"picked":"Armaments+1","floor":22.0},{"not_picked":["Shrug It Off+1","Clash"],"picked":"Seeing Red","floor":23.0},{"not_picked":["Whirlwind","Perfected Strike+1"],"picked":"Immolate","floor":24.0},{"not_picked":["Heavy Blade+1","Sword Boomerang"],"picked":"Evolve","floor":27},{"not_picked":["Anger","Wild Strike"],"picked":"Feed","floor":29},{"not_picked":["Body Slam","Heavy Blade+1","Headbutt"],"picked":"Singing Bowl","floor":31}],"player_experience":491730,"relics_obtained":[{"floor":5.0,"key":"Pen Nib"},{"floor":6.0,"key":"War Paint"},{"floor":9.0,"key":"Pocketwatch"},{"floor":10.0,"key":"Self Forming Clay"},{"floor":23.0,"key":"Torii"},{"floor":26.0,"key":"Shovel"},{"floor":27,"key":"Singing Bowl"}],"event_choices":[{"cards_removed":["Strike_R"],"damage_healed":0.0,"max_hp_gain":0.0,"max_hp_loss":0.0,"gold_gain":0.0,"event_name":"Living Wall","player_choice":"Forget","floor":2.0,"gold_loss":0.0,"damage_taken":0.0},{"damage_healed":0.0,"max_hp_gain":0.0,"max_hp_loss":0.0,"gold_gain":75.0,"event_name":"World of Goop","player_choice":"Gather Gold","floor":4.0,"gold_loss":0.0,"damage_taken":11.0},{"damage_healed":0.0,"max_hp_gain":0.0,"max_hp_loss":0.0,"gold_gain":0.0,"event_name":"Golden Idol","player_choice":"Take Damage","floor":8.0,"gold_loss":0.0,"damage_taken":20.0,"relics_obtained":["Golden Idol"]},{"damage_healed":0.0,"max_hp_gain":0.0,"max_hp_loss":0.0,"gold_gain":0.0,"event_name":"The Library","player_choice":"Read","floor":19.0,"gold_loss":0.0,"damage_taken":0.0,"cards_obtained":["Metallicize"]},{"damage_healed":0,"gold_gain":0,"player_choice":"Stole Relic","damage_taken":0,"relics_obtained":["Oddly Smooth Stone"],"max_hp_gain":0,"max_hp_loss":0,"event_name":"Addict","floor":30,"gold_loss":0,"cards_obtained":["Shame"]}],"is_beta":false,"boss_relics":[{"not_picked":["Coffee Dripper","Mark of Pain"],"picked":"Philosopher\u0027s Stone"}],"items_purged_floors":[28],"is_endless":false,"potions_floor_spawned":[1,7,14,16,18,22,24,29,31],"killed_by":"Collector","ascension_level":3}