{"gold_per_floor":[14,89,109,126,138,201,226,261,336,336,352,352,368,386,386,484,484,502,517,517],"floor_reached":20,"playtime":1735,"items_purged":[],"score":226,"play_id":"8f57e446-5a81-4dd8-a2b1-5a2922c15e0a","local_time":"20190604105637","is_ascension_mode":true,"campfire_choices":[{"floor":10.0,"key":"REST"},{"data":"True Grit","floor":12.0,"key":"SMITH"},{"data":"Armaments","floor":15.0,"key":"SMITH"}],"neow_cost":"NO_GOLD","seed_source_timestamp":0,"circlet_count":0,"master_deck":["Strike_R","Strike_R","Strike_R","Strike_R","Strike_R","Defend_R","Defend_R","Defend_R","Defend_R","Bash","Immolate","Blood for Blood","True Grit+1","Whirlwind","Thunderclap","Demon Form","Second Wind","Blood for Blood","Armaments+1","Sentinel","Feed","Inflame","Havoc+1"],"special_seed":0,"relics":["Burning Blood","Tiny Chest","Centennial Puzzle","Bottled Flame","Runic Cube"],"potions_floor_usage":[20],"damage_taken":[{"damage":7.0,"enemies":"Jaw Worm","floor":1.0,"turns":3.0},{"damage":1.0,"enemies":"Cultist","floor":3.0,"turns":3.0},{"damage":5.0,"enemies":"Small Slimes","floor":4.0,"turns":2.0},{"damage":7.0,"enemies":"Looter","floor":5.0,"turns":4.0},{"damage":55.0,"enemies":"Lagavulin","floor":6.0,"turns":8.0},{"damage":20.0,"enemies":"3 Sentries","floor":8.0,"turns":3.0},{"damage":12.0,"enemies":"Blue Slaver","floor":11.0,"turns":4.0},{"damage":0.0,"enemies":"3 Louse","floor":13.0,"turns":1.0},{"damage":0.0,"enemies":"Lots of Slimes","floor":14.0,"turns":1.0},{"damage":30.0,"enemies":"Hexaghost","floor":16.0,"turns":11.0},{"damage":21.0,"enemies":"Shell Parasite","floor":18.0,"turns":8.0},{"damage":44.0,"enemies":"Spheric Guardian","floor":19.0,"turns":6.0},{"damage":22,"enemies":"Colosseum Slavers","floor":20,"turns":3},{"damage":17,"enemies":"Colosseum Nobs","floor":20,"turns":3}],"seed_played":"-5654780874764609524","potions_obtained":[{"floor":1.0,"key":"LiquidBronze"},{"floor":3.0,"key":"AttackPotion"},{"floor":11.0,"key":"Dexterity Potion"},{"floor":14.0,"key":"Strength Potion"},{"floor":19.0,"key":"SpeedPotion"}],"is_trial":false,"path_per_floor":["M","?","M","M","M","E","T","E","T","R","M","R","M","M","R","B",null,"M","M","?"],"character_chosen":"IRONCLAD","items_purchased":[],"campfire_rested":1,"item_purchase_floors":[],"current_hp_per_floor":[79,68,73,74,73,24,24,10,10,34,28,28,34,40,40,16,80,65,27,0],"gold":517,"neow_bonus":"THREE_RARE_CARDS","is_prod":false,"is_daily":false,"chose_seed":false,"campfire_upgraded":2,"win_rate":0,"timestamp":1559670997,"path_taken":["M","?","M","M","M","E","?","E","T","R","M","R","M","M","R","BOSS","M","?","?"],"build_version":"2019-01-23","purchased_purges":0,"victory":false,"max_hp_per_floor":[80,80,80,80,80,80,80,80,80,80,80,80,80,80,80,80,80,80,80,83],"card_choices":[{"not_picked":["Double Tap","Reaper"],"picked":"Immolate","floor":0.0},{"not_picked":["Fire Breathing","Flame Barrier"],"picked":"Blood for Blood","floor":1.0},{"not_picked":["Clash","Pummel"],"picked":"True Grit","floor":3.0},{"not_picked":["Headbutt","Twin Strike"],"picked":"Whirlwind","floor":4.0},{"not_picked":["Heavy Blade","Twin Strike"],"picked":"Thunderclap","floor":5.0},{"not_picked":["True Grit","Iron Wave"],"picked":"Demon Form","floor":6.0},{"not_picked":["Sever Soul","Body Slam"],"picked":"Second Wind","floor":8.0},{"not_picked":["Wild Strike","Twin Strike"],"picked":"Blood for Blood","floor":11.0},{"not_picked":["Shrug It Off","Disarm"],"picked":"Armaments","floor":13.0},{"not_picked":["Iron Wave","Clash"],"picked":"Sentinel","floor":14.0},{"not_picked":["Impervious","Double Tap"],"picked":"Feed","floor":16.0},{"not_picked":["Uppercut","Shrug It Off+1"],"picked":"Inflame","floor":18.0},{"not_picked":["Carnage","Entrench"],"picked":"Havoc+1","floor":19.0}],"player_experience":393779,"relics_obtained":[{"floor":6.0,"key":"Tiny Chest"},{"floor":8.0,"key":"Centennial Puzzle"},{"floor":9.0,"key":"Bottled Flame"}],"event_choices":[{"damage_healed":0.0,"max_hp_gain":0.0,"max_hp_loss":0.0,"gold_gain":75.0,"event_name":"World of Goop","player_choice":"Gather Gold","floor":2.0,"gold_loss":0.0,"damage_taken":11.0},{"damage_healed":0,"gold_gain":0,"player_choice":"Fight","damage_taken":0,"max_hp_gain":0,"max_hp_loss":0,"event_name":"Colosseum","floor":20,"gold_loss":0},{"damage_healed":0,"gold_gain":0,"player_choice":"Fought Nobs","damage_taken":0,"max_hp_gain":0,"max_hp_loss":0,"event_name":"Colosseum","floor":20,"gold_loss":0}],"is_beta":false,"boss_relics":[{"not_picked":["Runic Pyramid","Fusion Hammer"],"picked":"Runic Cube"}],"items_purged_floors":[],"is_endless":false,"potions_floor_spawned":[1,3,11,14,19],"killed_by":"Colosseum Nobs","ascension_level":4}