{"gold_per_floor":[114,134,146,165,2,2,34,59,59,59,59,83,101,276,276,276],"floor_reached":16,"playtime":2059,"items_purged":[],"score":158,"play_id":"64214cac-1fe7-4ead-b1ec-8da1c3caeb07","local_time":"20190705125250","is_ascension_mode":true,"campfire_choices":[{"data":"The Bomb","floor":6,"key":"SMITH"},{"floor":11,"key":"REST"},{"data":"Limit Break","floor":15,"key":"SMITH"}],"neow_cost":"PERCENT_DAMAGE","seed_source_timestamp":0,"circlet_count":0,"master_deck":["Strike_R","Strike_R","Strike_R","Strike_R","Strike_R","Defend_R","Defend_R","Defend_R","Defend_R","Bash","Pummel","Cleave","Fire Breathing","Combust","The Bomb+1","Limit Break+1","Fire Breathing","Injury","Thunderclap","Thunderclap","Doubt"],"special_seed":0,"relics":["Burning Blood","Red Skull","Odd Mushroom","Anchor","Golden Idol"],"potions_floor_usage":[8,16],"damage_taken":[{"damage":21.0,"enemies":"Jaw Worm","floor":1.0,"turns":4.0},{"damage":0.0,"enemies":"Small Slimes","floor":2.0,"turns":2.0},{"damage":1.0,"enemies":"Cultist","floor":3.0,"turns":4.0},{"damage":15,"enemies":"Gremlin Gang","floor":4,"turns":5},{"damage":29,"enemies":"Lagavulin","floor":7,"turns":6},{"damage":10,"enemies":"The Mushroom Lair","floor":8,"turns":3},{"damage":27,"enemies":"Exordium Thugs","floor":12,"turns":5},{"damage":3,"enemies":"Large Slime","floor":13,"turns":3},{"damage":39,"enemies":"The Guardian","floor":16,"turns":4}],"seed_played":"3372584456606868665","potions_obtained":[{"floor":1.0,"key":"Block Potion"},{"floor":2.0,"key":"SkillPotion"}],"is_trial":false,"path_per_floor":["M","M","M","M","$","R","E","?","T","?","R","M","M","?","R","B"],"character_chosen":"IRONCLAD","items_purchased":["The Bomb"],"campfire_rested":1,"item_purchase_floors":[5],"current_hp_per_floor":[52,58,63,54,54,54,31,27,27,27,55,34,37,37,37,0],"gold":276,"neow_bonus":"TWENTY_PERCENT_HP_BONUS","is_prod":false,"is_daily":false,"chose_seed":false,"campfire_upgraded":2,"win_rate":0,"timestamp":1562345570,"path_taken":["M","M","M","M","$","R","E","?","T","?","R","M","M","?","R","BOSS"],"build_version":"2019-07-01","purchased_purges":0,"victory":false,"max_hp_per_floor":[96,96,96,96,96,96,96,96,96,96,96,96,96,96,96,96],"card_choices":[{"not_picked":["Flex","Corruption"],"picked":"Pummel","floor":1.0},{"not_picked":["Shrug It Off","Sword Boomerang"],"picked":"Cleave","floor":2.0},{"not_picked":["Anger","Body Slam"],"picked":"Fire Breathing","floor":3.0},{"not_picked":["Searing Blow","Pommel Strike"],"picked":"Combust","floor":4},{"not_picked":["Anger","Flame Barrier"],"picked":"Limit Break","floor":7},{"not_picked":["Anger","Shrug It Off"],"picked":"Fire Breathing","floor":8},{"not_picked":["Shockwave","Iron Wave"],"picked":"Thunderclap","floor":12},{"not_picked":["Sword Boomerang","Clothesline"],"picked":"Thunderclap","floor":13}],"player_experience":783182,"relics_obtained":[{"floor":7,"key":"Red Skull"},{"floor":8,"key":"Odd Mushroom"},{"floor":9,"key":"Anchor"}],"event_choices":[{"damage_healed":0,"gold_gain":0,"player_choice":"Fought Mushrooms","damage_taken":0,"max_hp_gain":0,"max_hp_loss":0,"event_name":"Mushrooms","floor":8,"gold_loss":0},{"damage_healed":0,"gold_gain":0,"player_choice":"Take Wound","damage_taken":0,"relics_obtained":["Golden Idol"],"max_hp_gain":0,"max_hp_loss":0,"event_name":"Golden Idol","floor":10,"gold_loss":0,"cards_obtained":["Injury"]},{"damage_healed":0,"gold_gain":175,"player_choice":"AGREE","damage_taken":0,"max_hp_gain":0,"max_hp_loss":0,"event_name":"Liars Game","floor":14,"gold_loss":0,"cards_obtained":["Doubt"]}],"is_beta":false,"boss_relics":[],"items_purged_floors":[],"is_endless":false,"potions_floor_spawned":[1,2],"killed_by":"The Guardian","ascension_level":6}