{"gold_per_floor":[112,112,74,84,99,99,110,145,145,171,171,190,190,208,208,306,306,279,279,279,299,299,324,324,396,396,396,396,60,70,30,30,127,127,142,162,262,272,272,272,272,285,359,38,56,56,74,98,98,98,98,98,48,48],"floor_reached":54,"playtime":6127,"items_purged":["Parasite"],"score":825,"play_id":"dbf5a38b-0883-4b7d-b44d-cc08540df065","local_time":"20190609150932","is_ascension_mode":true,"campfire_choices":[{"data":"Neutralize","floor":6.0,"key":"SMITH"},{"floor":13.0,"key":"REST"},{"floor":15.0,"key":"REST"},{"data":"Bullet Time","floor":24.0,"key":"SMITH"},{"data":"Tools of the Trade","floor":27.0,"key":"SMITH"},{"data":"Tactician","floor":32.0,"key":"SMITH"},{"data":"Madness","floor":40.0,"key":"SMITH"},{"data":"Madness","floor":46.0,"key":"SMITH"},{"floor":49.0,"key":"RECALL"},{"data":"A Thousand Cuts","floor":52.0,"key":"SMITH"}],"neow_cost":"NONE","seed_source_timestamp":0,"circlet_count":0,"master_deck":["Defend_G","Defend_G+1","Survivor","Neutralize+1","Poisoned Stab","Footwork","Tactician+1","Dagger Spray","Caltrops","Bullet Time+1","Escape Plan","Expertise","Backstab","Caltrops","Tools of the Trade+1","Footwork+1","RitualDagger","Footwork+1","Acrobatics","Predator+1","Bite+1","Bite+1","Bite+1","Bite+1","Bite+1","Footwork","Acrobatics","Sucker Punch+1","Blur","Malaise","Reflex+1","Cloak And Dagger+1","Acrobatics+1","Dagger Throw+1","PiercingWail+1","Backflip","Madness+1","Madness+1","Choke+1","Blur","Madness+1","Calculated Gamble+1","A Thousand Cuts+1"],"special_seed":0,"relics":["Ring of the Snake","NeowsBlessing","Centennial Puzzle","Odd Mushroom","Eternal Feather","Paper Crane","Mercury Hourglass","Molten Egg 2","Bronze Scales","Dodecahedron","Astrolabe","Thread and Needle","Bottled Lightning","Orichalcum","Smiling Mask"],"potions_floor_usage":[54,54],"damage_taken":[{"damage":0.0,"enemies":"Cultist","floor":1.0,"turns":1.0},{"damage":0.0,"enemies":"Small Slimes","floor":4.0,"turns":1.0},{"damage":0.0,"enemies":"Jaw Worm","floor":5.0,"turns":1.0},{"damage":4.0,"enemies":"Looter","floor":7.0,"turns":4.0},{"damage":38.0,"enemies":"3 Sentries","floor":8.0,"turns":8.0},{"damage":5.0,"enemies":"The Mushroom Lair","floor":10.0,"turns":3.0},{"damage":1.0,"enemies":"Red Slaver","floor":12.0,"turns":4.0},{"damage":3.0,"enemies":"Large Slime","floor":14.0,"turns":5.0},{"damage":4.0,"enemies":"The Guardian","floor":16.0,"turns":10.0},{"damage":24.0,"enemies":"2 Thieves","floor":18.0,"turns":5.0},{"damage":13.0,"enemies":"Shell Parasite","floor":21.0,"turns":7.0},{"damage":18.0,"enemies":"Book of Stabbing","floor":23.0,"turns":7.0},{"damage":13.0,"enemies":"Snake Plant","floor":30.0,"turns":5.0},{"damage":13.0,"enemies":"Champ","floor":33.0,"turns":12.0},{"damage":9.0,"enemies":"Orb Walker","floor":35.0,"turns":5.0},{"damage":37.0,"enemies":"3 Darklings","floor":36.0,"turns":5.0},{"damage":0.0,"enemies":"Mind Bloom Boss Battle","floor":37.0,"turns":6.0},{"damage":21.0,"enemies":"Sphere and 2 Shapes","floor":38.0,"turns":5.0},{"damage":0.0,"enemies":"Writhing Mass","floor":42.0,"turns":8.0},{"damage":30.0,"enemies":"4 Shapes","floor":45.0,"turns":5.0},{"damage":2.0,"enemies":"Jaw Worm Horde","floor":47.0,"turns":5.0},{"damage":19.0,"enemies":"Awakened One","floor":50.0,"turns":15.0},{"damage":76,"enemies":"Shield and Spear","floor":54,"turns":9}],"seed_played":"-6873621708499771082","potions_obtained":[{"floor":5.0,"key":"Energy Potion"},{"floor":7.0,"key":"LiquidBronze"},{"floor":10.0,"key":"Strength Potion"},{"floor":14.0,"key":"Ancient Potion"},{"floor":18.0,"key":"Dexterity Potion"},{"floor":33.0,"key":"Poison Potion"},{"floor":35.0,"key":"Block Potion"},{"floor":36.0,"key":"GamblersBrew"},{"floor":37.0,"key":"GamblersBrew"},{"floor":42.0,"key":"SkillPotion"}],"is_trial":false,"path_per_floor":["M","?","$","M","M","R","M","E","T","?","?","M","R","M","R","B",null,"M","?","?","M","?","E","R","T","T","R","?","$","M","$","R","B",null,"M","M","?","M","?","R","?","M","T","$","M","R","M","T","R","B",null,"R","$","E"],"character_chosen":"THE_SILENT","items_purchased":["Footwork","Dodecahedron","Footwork","Acrobatics","Blur","Orichalcum","Blur","Madness"],"campfire_rested":2,"item_purchase_floors":[3,29,29,29,31,44,44,44],"current_hp_per_floor":[70,56,56,56,56,56,52,14,14,9,9,8,29,26,47,43,70,46,40,40,27,27,9,24,24,24,39,39,39,41,41,49,49,49,43,18,27,21,15,36,36,49,49,49,28,49,49,49,49,49,49,49,46,0],"gold":48,"neow_bonus":"THREE_ENEMY_KILL","is_prod":false,"is_daily":false,"chose_seed":false,"campfire_upgraded":7,"win_rate":0,"timestamp":1560118172,"path_taken":["M","?","$","M","M","R","M","E","T","?","?","M","R","M","R","BOSS","M","?","?","?","?","E","R","?","T","R","?","$","M","?","R","BOSS","M","M","?","M","?","R","?","M","T","$","?","R","M","?","R","BOSS","R","$","E"],"build_version":"2019-01-23","purchased_purges":1,"victory":false,"max_hp_per_floor":[70,70,70,70,70,70,70,70,70,70,70,70,70,70,70,70,70,70,70,70,70,70,70,70,70,70,70,49,49,49,49,49,49,49,49,49,49,49,49,49,49,49,49,49,49,49,49,49,49,49,49,49,46,46],"card_choices":[{"not_picked":["Blade Dance","Sucker Punch"],"picked":"Poisoned Stab","floor":1.0},{"not_picked":["Reflex","Bane"],"picked":"Tactician","floor":4.0},{"not_picked":["Deadly Poison","Calculated Gamble"],"picked":"Dagger Spray","floor":5.0},{"not_picked":["Flechettes","Finisher"],"picked":"Caltrops","floor":7.0},{"not_picked":["Terror","Bane"],"picked":"Bullet Time","floor":8.0},{"not_picked":["Heel Hook","Flechettes"],"picked":"Escape Plan","floor":10.0},{"not_picked":["Slice","Flying Knee"],"picked":"Backstab","floor":12.0},{"not_picked":["Dagger Throw","Deadly Poison"],"picked":"Caltrops","floor":14.0},{"not_picked":["Wraith Form v2","Doppelganger"],"picked":"Tools of the Trade","floor":16.0},{"not_picked":["Setup","Bane"],"picked":"Footwork+1","floor":18.0},{"not_picked":["Deflect","Quick Slash"],"picked":"Acrobatics","floor":21.0},{"not_picked":["Crippling Poison","PiercingWail"],"picked":"Predator+1","floor":23.0},{"not_picked":["Backstab+1","Endless Agony+1"],"picked":"Sucker Punch+1","floor":30.0},{"not_picked":["Phantasmal Killer","Tools of the Trade"],"picked":"Malaise","floor":33.0},{"not_picked":["Riddle With Holes+1","Acrobatics","Bouncing Flask+1"],"picked":"SKIP","floor":35.0},{"not_picked":["Predator+1","Acrobatics"],"picked":"Dagger Throw+1","floor":36.0},{"not_picked":["Prepared","Bane+1"],"picked":"PiercingWail+1","floor":37.0},{"not_picked":["Poisoned Stab+1","Crippling Poison+1"],"picked":"Backflip","floor":38.0},{"not_picked":["Caltrops+1","Riddle With Holes+1"],"picked":"Choke+1","floor":42.0},{"not_picked":["Reflex","Dagger Throw+1"],"picked":"Calculated Gamble+1","floor":45.0},{"not_picked":["Quick Slash+1","Outmaneuver+1"],"picked":"A Thousand Cuts","floor":47.0}],"player_experience":517322,"relics_obtained":[{"floor":8.0,"key":"Centennial Puzzle"},{"floor":10.0,"key":"Odd Mushroom"},{"floor":23.0,"key":"Mercury Hourglass"},{"floor":25.0,"key":"Molten Egg 2"},{"floor":26.0,"key":"Bronze Scales"},{"floor":37.0,"key":"Thread and Needle"},{"floor":43.0,"key":"Bottled Lightning"},{"floor":48.0,"key":"Smiling Mask"}],"event_choices":[{"damage_healed":0.0,"max_hp_gain":0.0,"max_hp_loss":0.0,"gold_gain":0.0,"event_name":"Shining Light","player_choice":"Entered Light","floor":2.0,"gold_loss":0.0,"damage_taken":14.0,"cards_upgraded":["Strike_G","Defend_G"]},{"damage_healed":0.0,"max_hp_gain":0.0,"max_hp_loss":0.0,"gold_gain":0.0,"event_name":"Mushrooms","player_choice":"Fought Mushrooms","floor":10.0,"gold_loss":0.0,"damage_taken":0.0},{"damage_healed":0.0,"max_hp_gain":0.0,"max_hp_loss":0.0,"gold_gain":0.0,"cards_transformed":["Strike_G"],"event_name":"Living Wall","player_choice":"Change","floor":11.0,"gold_loss":0.0,"damage_taken":0.0,"cards_obtained":["Expertise"]},{"damage_healed":0.0,"max_hp_gain":0.0,"max_hp_loss":0.0,"gold_gain":0.0,"event_name":"Nest","player_choice":"Joined the Cult","floor":19.0,"gold_loss":0.0,"damage_taken":6.0,"cards_obtained":["RitualDagger"]},{"damage_healed":0.0,"max_hp_gain":0.0,"max_hp_loss":0.0,"gold_gain":0.0,"event_name":"Duplicator","player_choice":"Copied","floor":20.0,"gold_loss":0.0,"damage_taken":0.0,"cards_obtained":["Footwork"]},{"damage_healed":0.0,"max_hp_gain":0.0,"max_hp_loss":0.0,"gold_gain":0.0,"event_name":"The Mausoleum","player_choice":"Opened","floor":22.0,"gold_loss":0.0,"damage_taken":0.0,"relics_obtained":["Paper Crane"]},{"damage_healed":0.0,"max_hp_gain":0.0,"max_hp_loss":21.0,"gold_gain":0.0,"event_name":"Vampires","player_choice":"Became a vampire","floor":28.0,"gold_loss":0.0,"damage_taken":0.0,"cards_obtained":["Bite","Bite","Bite","Bite","Bite"]},{"damage_healed":0.0,"max_hp_gain":0.0,"max_hp_loss":0.0,"gold_gain":0.0,"event_name":"MindBloom","player_choice":"Fight","floor":37.0,"gold_loss":0.0,"damage_taken":0.0},{"damage_healed":0.0,"max_hp_gain":0.0,"max_hp_loss":0.0,"gold_gain":0.0,"event_name":"Winding Halls","player_choice":"Embrace Madness","floor":39.0,"gold_loss":0.0,"damage_taken":6.0,"cards_obtained":["Madness","Madness"]},{"damage_healed":0.0,"max_hp_gain":0.0,"max_hp_loss":0.0,"gold_gain":0.0,"event_name":"Upgrade Shrine","player_choice":"Upgraded","floor":41.0,"gold_loss":0.0,"damage_taken":0.0,"cards_upgraded":["Madness"]}],"is_beta":false,"boss_relics":[{"not_picked":["Tiny House","Calling Bell"],"picked":"Eternal Feather"},{"not_picked":["Pandora\u0027s Box","Fusion Hammer"],"picked":"Astrolabe"}],"items_purged_floors":[53],"is_endless":false,"potions_floor_spawned":[5,7,10,14,18,33,35,36,37,42],"killed_by":"Shield and Spear","ascension_level":3}