{"gold_per_floor":[115,115,133,19,30,62,62,78,125,156,169,15,28,46,46,123,123,139,153,186,186,196,230,230,250,250,250,275,294,313,340,340,340],"floor_reached":33,"playtime":2446,"items_purged":[],"score":606,"play_id":"33790293-7a4a-4f25-b9f7-446457efea7b","local_time":"20190908091224","is_ascension_mode":true,"campfire_choices":[{"data":"Genetic Algorithm","floor":7.0,"key":"SMITH"},{"data":"Hyperbeam","floor":15.0,"key":"SMITH"},{"data":"Seek","floor":24.0,"key":"SMITH"},{"data":"Hologram","floor":27.0,"key":"SMITH"},{"data":"Meteor Strike","floor":32.0,"key":"SMITH"}],"neow_cost":"NONE","seed_source_timestamp":0,"circlet_count":0,"master_deck":["AscendersBane","Strike_B","Strike_B","Strike_B","Strike_B","Defend_B","Defend_B","Defend_B","Defend_B","Zap","Dualcast","Doom and Gloom","Hyperbeam+1","Chill","Conserve Battery","Self Repair","Genetic Algorithm+1","Rebound+1","Reprogram","Hologram+1","Buffer","Hyperbeam","Turbo","Seek+1","Go for the Eyes","Beam Cell+1","Steam","Writhe","Hologram+1","Meteor Strike+1","Heatsinks"],"special_seed":0,"relics":["Cracked Core","Pen Nib","Singing Bowl","Bronze Scales","PreservedInsect","Sozu","Red Mask","Mummified Hand","Whetstone","Dodecahedron","Dream Catcher"],"potions_floor_usage":[],"damage_taken":[{"damage":13.0,"enemies":"Small Slimes","floor":1.0,"turns":3.0},{"damage":0.0,"enemies":"Cultist","floor":3.0,"turns":3.0},{"damage":2.0,"enemies":"Jaw Worm","floor":5.0,"turns":3.0},{"damage":0.0,"enemies":"3 Sentries","floor":6.0,"turns":2.0},{"damage":6.0,"enemies":"Looter","floor":8.0,"turns":4.0},{"damage":42.0,"enemies":"Lagavulin","floor":10.0,"turns":8.0},{"damage":7.0,"enemies":"Large Slime","floor":11.0,"turns":4.0},{"damage":5.0,"enemies":"Exordium Wildlife","floor":13.0,"turns":2.0},{"damage":0.0,"enemies":"Red Slaver","floor":14.0,"turns":3.0},{"damage":22.0,"enemies":"The Guardian","floor":16.0,"turns":10.0},{"damage":18.0,"enemies":"Shell Parasite","floor":18.0,"turns":5.0},{"damage":0.0,"enemies":"Spheric Guardian","floor":19.0,"turns":2.0},{"damage":3.0,"enemies":"Masked Bandits","floor":20.0,"turns":1.0},{"damage":0.0,"enemies":"Snecko","floor":22.0,"turns":5.0},{"damage":5.0,"enemies":"Slavers","floor":23.0,"turns":3.0},{"damage":0.0,"enemies":"Snake Plant","floor":25.0,"turns":2.0},{"damage":17.0,"enemies":"Book of Stabbing","floor":28.0,"turns":4.0},{"damage":3.0,"enemies":"Cultist and Chosen","floor":29.0,"turns":2.0},{"damage":0.0,"enemies":"Centurion and Healer","floor":30.0,"turns":5.0},{"damage":9.0,"enemies":"Gremlin Leader","floor":31.0,"turns":4.0},{"damage":57,"enemies":"Champ","floor":33,"turns":10}],"seed_played":"-2447149835446557640","potions_obtained":[{"floor":3.0,"key":"Explosive Potion"},{"floor":5.0,"key":"FocusPotion"},{"floor":6.0,"key":"Regen Potion"},{"floor":14.0,"key":"EssenceOfSteel"}],"is_trial":false,"path_per_floor":["M","?","M","$","M","E","R","M","T","E","M","$","M","M","R","B",null,"M","M","?","?","M","E","R","M","T","R","E","M","M","E","R","B"],"character_chosen":"DEFECT","items_purchased":["Self Repair","Genetic Algorithm","Hyperbeam"],"campfire_rested":0,"item_purchase_floors":[4,4,12],"current_hp_per_floor":[51,51,51,51,56,58,58,59,59,24,36,36,33,40,40,25,63,52,52,49,49,58,55,55,57,57,57,40,44,51,51,51,0],"gold":340,"neow_bonus":"RANDOM_COMMON_RELIC","is_prod":false,"is_daily":false,"chose_seed":false,"campfire_upgraded":5,"win_rate":0,"timestamp":1567948344,"path_taken":["M","?","M","$","M","E","R","M","T","E","M","$","?","M","R","BOSS","M","M","?","?","M","E","R","M","T","R","E","M","M","E","R","BOSS"],"build_version":"2019-07-17","purchased_purges":0,"victory":false,"max_hp_per_floor":[71,71,71,71,71,73,73,73,73,73,73,73,75,75,75,75,75,75,75,75,75,77,79,79,81,81,81,81,81,81,83,83,83],"card_choices":[{"not_picked":["Compile Driver","Tempest"],"picked":"Doom and Gloom","floor":1.0},{"not_picked":["Rip and Tear","Lockon"],"picked":"Conserve Battery","floor":3.0},{"not_picked":["Undo","Barrage"],"picked":"Rebound","floor":5.0},{"not_picked":["Coolheaded","Loop","Defragment"],"picked":"Singing Bowl","floor":6.0},{"not_picked":["Cold Snap","Gash"],"picked":"Reprogram","floor":8.0},{"not_picked":["Turbo","Defragment"],"picked":"Hologram","floor":10.0},{"not_picked":["Streamline","Genetic Algorithm"],"picked":"Buffer","floor":11.0},{"not_picked":["Fusion","Redo","Chill"],"picked":"Singing Bowl","floor":13.0},{"not_picked":["Stack","Gash"],"picked":"Turbo","floor":14.0},{"not_picked":["Hyperbeam","Electrodynamics"],"picked":"Seek","floor":16.0},{"not_picked":["Ball Lightning","Coolheaded"],"picked":"Go for the Eyes","floor":18.0},{"not_picked":["FTL","Sweeping Beam+1"],"picked":"Beam Cell","floor":19.0},{"not_picked":["Double Energy","Beam Cell"],"picked":"Steam","floor":20.0},{"not_picked":["Sweeping Beam","Hello World","Go for the Eyes"],"picked":"Singing Bowl","floor":22.0},{"not_picked":["Chaos","Turbo","Steam"],"picked":"Singing Bowl","floor":23.0},{"not_picked":["Ball Lightning","Steam Power","Fusion"],"picked":"Singing Bowl","floor":25.0},{"not_picked":["Reprogram","Double Energy"],"picked":"Hologram+1","floor":28.0},{"not_picked":["Double Energy","Compile Driver"],"picked":"Meteor Strike","floor":29.0},{"not_picked":["Stack","Compile Driver"],"picked":"Heatsinks","floor":30.0},{"not_picked":["Tempest","Capacitor+1","Sweeping Beam"],"picked":"Singing Bowl","floor":31.0}],"player_experience":1334340,"relics_obtained":[{"floor":6.0,"key":"Singing Bowl"},{"floor":9.0,"key":"Bronze Scales"},{"floor":10.0,"key":"PreservedInsect"},{"floor":20.0,"key":"Red Mask"},{"floor":23.0,"key":"Whetstone"},{"floor":28.0,"key":"Dodecahedron"},{"floor":31.0,"key":"Dream Catcher"}],"event_choices":[{"damage_healed":0.0,"max_hp_gain":0.0,"max_hp_loss":0.0,"gold_gain":0.0,"event_name":"Match and Keep!","player_choice":"2 cards matched","floor":2.0,"gold_loss":0.0,"damage_taken":0.0,"cards_obtained":["Hyperbeam","Chill"]},{"damage_healed":0.0,"max_hp_gain":0.0,"max_hp_loss":0.0,"gold_gain":0.0,"event_name":"Masked Bandits","player_choice":"Fought Bandits","floor":20.0,"gold_loss":0.0,"damage_taken":0.0},{"damage_healed":0.0,"max_hp_gain":0.0,"max_hp_loss":0.0,"gold_gain":0.0,"event_name":"The Mausoleum","player_choice":"Opened","floor":21.0,"gold_loss":0.0,"damage_taken":0.0,"relics_obtained":["Mummified Hand"],"cards_obtained":["Writhe"]}],"is_beta":false,"boss_relics":[{"not_picked":["Astrolabe","Black Star"],"picked":"Sozu"}],"items_purged_floors":[],"is_endless":false,"potions_floor_spawned":[3,5,6,14,22,23,31],"killed_by":"Champ","ascension_level":15}