{"gold_per_floor":[110,124,102,112,38,71,71,102,154,441,472,484,513,542,554,661,673,695,707,731,743,755,767,796,808],"floor_reached":25,"playtime":2071,"items_purged":[],"score":302,"play_id":"e38b81e4-aa29-42fb-8dd6-ad6b8faa6183","local_time":"20190710161859","is_ascension_mode":true,"campfire_choices":[{"data":"Neutralize","floor":7.0,"key":"SMITH"},{"floor":12.0,"key":"REST"},{"data":"Night Terror","floor":15.0,"key":"SMITH"},{"floor":23,"key":"REST"}],"neow_cost":"NONE","seed_source_timestamp":0,"circlet_count":0,"master_deck":["Defend_G","Defend_G","Defend_G","Defend_G","Defend_G","Survivor","Neutralize+1","After Image","Well Laid Plans","Noxious Fumes","Poisoned Stab","Backflip","Noxious Fumes","Blur","Bouncing Flask","Regret","Escape Plan","Dodge and Roll","Night Terror+1","Tools of the Trade","After Image","PiercingWail","Bite","Bite","Bite","Bite","Bite","Outmaneuver"],"special_seed":0,"relics":["Ring of the Snake","Letter Opener","Potion Belt","MawBank","Runic Pyramid"],"potions_floor_usage":[16,16,20,24,25],"damage_taken":[{"damage":2.0,"enemies":"Cultist","floor":1.0,"turns":5.0},{"damage":6.0,"enemies":"Jaw Worm","floor":2.0,"turns":4.0},{"damage":1.0,"enemies":"Small Slimes","floor":4.0,"turns":4.0},{"damage":19.0,"enemies":"Gremlin Nob","floor":6.0,"turns":5.0},{"damage":10.0,"enemies":"Lagavulin","floor":8.0,"turns":8.0},{"damage":15.0,"enemies":"Gremlin Gang","floor":11.0,"turns":5.0},{"damage":14.0,"enemies":"Looter","floor":13.0,"turns":4.0},{"damage":3.0,"enemies":"2 Fungi Beasts","floor":14.0,"turns":3.0},{"damage":6,"enemies":"The Guardian","floor":16,"turns":8},{"damage":21,"enemies":"Spheric Guardian","floor":18,"turns":4},{"damage":32,"enemies":"Shell Parasite","floor":20,"turns":8},{"damage":35,"enemies":"Cultist and Chosen","floor":24,"turns":9},{"damage":24,"enemies":"Slavers","floor":25,"turns":2}],"seed_played":"-8630776110157641223","potions_obtained":[{"floor":1.0,"key":"Energy Potion"},{"floor":6.0,"key":"Block Potion"},{"floor":8.0,"key":"GhostInAJar"},{"floor":13.0,"key":"Weak Potion"},{"floor":14.0,"key":"SpeedPotion"}],"is_trial":false,"path_per_floor":["M","M","$","M","$","E","R","E","T","?","M","R","M","M","R","B",null,"M","?","M","?","?","R","M","E"],"character_chosen":"THE_SILENT","items_purchased":["Poisoned Stab","Noxious Fumes"],"campfire_rested":2,"item_purchase_floors":[3,5],"current_hp_per_floor":[61,55,55,54,54,35,35,25,25,25,10,31,17,14,14,8,55,34,34,2,2,18,32,15,0],"gold":808,"neow_bonus":"ONE_RANDOM_RARE_CARD","is_prod":false,"is_daily":false,"chose_seed":false,"campfire_upgraded":2,"win_rate":0,"timestamp":1562789939,"path_taken":["M","?","$","M","$","E","R","E","T","?","M","R","M","?","R","BOSS","M","?","?","?","?","R","M","E"],"build_version":"2019-07-05","purchased_purges":0,"victory":false,"max_hp_per_floor":[70,70,70,70,70,70,70,70,70,70,70,70,70,70,70,70,70,70,70,70,49,49,49,49,49],"card_choices":[{"not_picked":["Deflect","Blade Dance"],"picked":"Well Laid Plans","floor":1.0},{"not_picked":["Dodge and Roll","Acrobatics"],"picked":"Noxious Fumes","floor":2.0},{"not_picked":["Blade Dance","Slice"],"picked":"Backflip","floor":4.0},{"not_picked":["Skewer","PiercingWail"],"picked":"Blur","floor":6.0},{"not_picked":["PiercingWail","Predator"],"picked":"Bouncing Flask","floor":8.0},{"not_picked":["All Out Attack","Poisoned Stab"],"picked":"Escape Plan","floor":11.0},{"not_picked":["Sucker Punch","Infinite Blades"],"picked":"Dodge and Roll","floor":13.0},{"not_picked":["Distraction","Underhanded Strike"],"picked":"Night Terror","floor":14.0},{"not_picked":["Glass Knife","Doppelganger"],"picked":"Tools of the Trade","floor":16},{"not_picked":["Terror","Infinite Blades","Riddle With Holes"],"picked":"SKIP","floor":18},{"not_picked":["Flying Knee","Slice"],"picked":"PiercingWail","floor":20},{"not_picked":["Catalyst","Underhanded Strike"],"picked":"Outmaneuver","floor":24}],"player_experience":855081,"relics_obtained":[{"floor":6.0,"key":"Letter Opener"},{"floor":8.0,"key":"Potion Belt"},{"floor":9.0,"key":"MawBank"}],"event_choices":[{"damage_healed":0.0,"max_hp_gain":0.0,"max_hp_loss":0.0,"gold_gain":275.0,"event_name":"Golden Shrine","player_choice":"Desecrate","floor":10.0,"gold_loss":0.0,"damage_taken":0.0,"cards_obtained":["Regret"]},{"damage_healed":0,"gold_gain":0,"player_choice":"Copied","damage_taken":0,"max_hp_gain":0,"max_hp_loss":0,"event_name":"Duplicator","floor":19,"gold_loss":0,"cards_obtained":["After Image"]},{"damage_healed":0,"gold_gain":0,"player_choice":"Became a vampire","damage_taken":0,"max_hp_gain":0,"max_hp_loss":21,"event_name":"Vampires","floor":21,"gold_loss":0,"cards_obtained":["Bite","Bite","Bite","Bite","Bite"]},{"damage_healed":16,"gold_gain":0,"player_choice":"Heal","damage_taken":0,"max_hp_gain":0,"max_hp_loss":0,"event_name":"The Library","floor":22,"gold_loss":0}],"is_beta":false,"boss_relics":[{"not_picked":["Sozu","Velvet Choker"],"picked":"Runic Pyramid"}],"items_purged_floors":[],"is_endless":false,"potions_floor_spawned":[1,6,8,13,14],"killed_by":"Slavers","ascension_level":6}