{"gold_per_floor":[110,130,147,161,175,175,204,231,243,215,259,237,39,57,57,130,130,146,161,92,102,102,102],"floor_reached":23,"playtime":2245,"items_purged":[],"score":359,"play_id":"f796ab18-407d-4bf7-92d6-8dcf182bf059","local_time":"20190906155724","is_ascension_mode":true,"campfire_choices":[{"data":"Streamline","floor":6.0,"key":"SMITH"},{"floor":15.0,"key":"REST"}],"neow_cost":"NONE","seed_source_timestamp":127442409023326,"circlet_count":0,"master_deck":["AscendersBane","Strike_B","Strike_B","Strike_B","Defend_B","Defend_B","Defend_B","Defend_B","Zap","Dualcast","Dramatic Entrance","Cold Snap","Recycle","Sunder","Streamline+1","Turbo","Echo Form","Rebound","Redo","BootSequence","Self Repair","Scrape","Enlightenment","Hologram","Seek","Self Repair","Beam Cell","Undo","Coolheaded","Amplify"],"special_seed":0,"relics":["Cracked Core","MawBank","Potion Belt","PreservedInsect","Black Star"],"potions_floor_usage":[16,16,21,23],"damage_taken":[{"damage":1.0,"enemies":"Cultist","floor":1.0,"turns":3.0},{"damage":0.0,"enemies":"2 Louse","floor":2.0,"turns":2.0},{"damage":0.0,"enemies":"Small Slimes","floor":3.0,"turns":2.0},{"damage":10.0,"enemies":"2 Fungi Beasts","floor":4.0,"turns":3.0},{"damage":29.0,"enemies":"Exordium Wildlife","floor":5.0,"turns":4.0},{"damage":10.0,"enemies":"3 Sentries","floor":7.0,"turns":5.0},{"damage":8.0,"enemies":"Blue Slaver","floor":8.0,"turns":4.0},{"damage":12.0,"enemies":"Lagavulin","floor":11.0,"turns":6.0},{"damage":1.0,"enemies":"Looter","floor":14.0,"turns":2.0},{"damage":23,"enemies":"The Guardian","floor":16,"turns":13},{"damage":30,"enemies":"2 Thieves","floor":18,"turns":4},{"damage":28,"enemies":"Spheric Guardian","floor":19,"turns":4},{"damage":25,"enemies":"Centurion and Healer","floor":21,"turns":4},{"damage":12,"enemies":"Book of Stabbing","floor":23,"turns":1}],"seed_played":"6406988098415937613","potions_obtained":[{"floor":3.0,"key":"SneckoOil"},{"floor":7.0,"key":"Regen Potion"},{"floor":8.0,"key":"Weak Potion"},{"floor":10.0,"key":"SteroidPotion"},{"floor":10.0,"key":"Dexterity Potion"},{"floor":11.0,"key":"Dexterity Potion"},{"floor":14.0,"key":"Explosive Potion"},{"floor":16,"key":"PowerPotion"},{"floor":19,"key":"Ancient Potion"}],"is_trial":false,"path_per_floor":["M","M","M","M","M","R","E","M","T","?","E","$","$","M","R","B",null,"M","M","$","M","?","E"],"character_chosen":"DEFECT","items_purchased":["BootSequence","Self Repair","Scrape","Enlightenment","Undo"],"campfire_rested":1,"item_purchase_floors":[12,13,13,13,20],"current_hp_per_floor":[63,63,63,53,24,24,14,6,6,6,9,9,9,8,29,13,57,34,27,27,9,9,0],"gold":102,"neow_bonus":"RANDOM_COLORLESS","is_prod":false,"is_daily":false,"chose_seed":false,"campfire_upgraded":1,"win_rate":0,"timestamp":1567799844,"path_taken":["M","M","M","M","M","R","E","?","T","?","E","?","$","M","R","BOSS","M","?","?","M","?","E"],"build_version":"2019-07-17","purchased_purges":0,"victory":false,"max_hp_per_floor":[71,71,71,71,71,71,71,71,71,71,71,71,71,71,71,71,71,71,71,71,71,71,71],"card_choices":[{"not_picked":["Redo","Stack"],"picked":"Cold Snap","floor":1.0},{"not_picked":["Ball Lightning","Hello World"],"picked":"Recycle","floor":2.0},{"not_picked":["Sweeping Beam","Leap"],"picked":"Sunder","floor":3.0},{"not_picked":["Cold Snap","Redo"],"picked":"Streamline","floor":4.0},{"not_picked":["Redo","Coolheaded"],"picked":"Turbo","floor":5.0},{"not_picked":["Force Field","Biased Cognition"],"picked":"Echo Form","floor":7.0},{"not_picked":["Compile Driver","Sunder"],"picked":"Rebound","floor":8.0},{"not_picked":["Rip and Tear","Barrage"],"picked":"Redo","floor":11.0},{"not_picked":["Sunder","Genetic Algorithm"],"picked":"Hologram","floor":14.0},{"not_picked":["Biased Cognition","Creative AI"],"picked":"Seek","floor":16},{"not_picked":["Steam","BootSequence"],"picked":"Self Repair","floor":18},{"not_picked":["Lockon","Stack"],"picked":"Beam Cell","floor":19},{"not_picked":["Melter+1","Leap+1"],"picked":"Coolheaded","floor":21}],"player_experience":1318580,"relics_obtained":[{"floor":7.0,"key":"MawBank"},{"floor":9.0,"key":"Potion Belt"},{"floor":11.0,"key":"PreservedInsect"}],"event_choices":[{"damage_healed":0.0,"max_hp_gain":0.0,"max_hp_loss":0.0,"gold_gain":0.0,"event_name":"The Woman in Blue","player_choice":"Bought 3 Potions","floor":10.0,"gold_loss":0.0,"damage_taken":0.0},{"damage_healed":0,"gold_gain":0,"cards_transformed":["Strike_B"],"player_choice":"Transformed","damage_taken":0,"max_hp_gain":0,"max_hp_loss":0,"event_name":"Transmorgrifier","floor":22,"gold_loss":0,"cards_obtained":["Amplify"]}],"is_beta":false,"boss_relics":[{"not_picked":["Empty Cage","Nuclear Battery"],"picked":"Black Star"}],"items_purged_floors":[],"is_endless":false,"potions_floor_spawned":[3,7,8,11,14,16,19],"killed_by":"Book of Stabbing","ascension_level":15}