{"gold_per_floor":[118,42,42,42,62,95,95,45,45,45,68,80,93,105,105,203,203,222,222,222,241,21,34,34,60,86,113,127,127,2,2,2,106,106,126,76,176,188,138,138,138,34,57,57,77,77,77,93,93,93],"floor_reached":51,"playtime":4098,"items_purged":["Defend_B","Strike_B","Strike_B","Defend_B","Defend_B"],"score":656,"play_id":"f5fd63c7-2789-4de5-81b1-457abc7e1de0","local_time":"20191021233047","is_ascension_mode":false,"campfire_choices":[{"data":"Dualcast","floor":7,"key":"SMITH"},{"data":"Scrape","floor":10,"key":"SMITH"},{"data":"Skim","floor":15,"key":"SMITH"},{"data":"Beam Cell","floor":24,"key":"SMITH"},{"data":"Go for the Eyes","floor":29,"key":"SMITH"},{"floor":32,"key":"REST"},{"data":"Streamline","floor":40,"key":"SMITH"},{"data":"Go for the Eyes","floor":44,"key":"SMITH"},{"data":"Gash","floor":47,"key":"SMITH"},{"data":"All For One","floor":49,"key":"SMITH"}],"neow_cost":"NONE","seed_source_timestamp":18232830007600,"circlet_count":0,"master_deck":["Strike_B+1","Zap+1","Dualcast+1","Beam Cell+1","Scrape+1","Go for the Eyes+1","Skim+1","Leap+1","Conserve Battery+1","Seek+1","Streamline+1","Reboot+1","Go for the Eyes+1","All For One+1","Streamline+1","Gash+1","Hologram+1","Gash+1","Dramatic Entrance"],"relics":["Cracked Core","Incense Burner","Toxic Egg 2","Odd Mushroom","Black Star","Centennial Puzzle","Gremlin Horn","Boot","Torii","PreservedInsect","Smiling Mask","Coffee Dripper","Unceasing Top","Happy Flower"],"potions_floor_usage":[6,16,16,33],"damage_taken":[{"damage":7,"enemies":"2 Louse","floor":1,"turns":2},{"damage":0,"enemies":"Small Slimes","floor":5,"turns":2},{"damage":18,"enemies":"Gremlin Nob","floor":6,"turns":4},{"damage":5,"enemies":"The Mushroom Lair","floor":11,"turns":3},{"damage":0,"enemies":"Jaw Worm","floor":12,"turns":2},{"damage":0,"enemies":"Blue Slaver","floor":13,"turns":2},{"damage":0,"enemies":"2 Fungi Beasts","floor":14,"turns":2},{"damage":12,"enemies":"Slime Boss","floor":16,"turns":9},{"damage":0,"enemies":"Chosen","floor":18,"turns":3},{"damage":5,"enemies":"2 Thieves","floor":21,"turns":4},{"damage":1,"enemies":"Chosen and Byrds","floor":23,"turns":4},{"damage":14,"enemies":"Gremlin Leader","floor":25,"turns":5},{"damage":28,"enemies":"Slavers","floor":27,"turns":5},{"damage":0,"enemies":"3 Cultists","floor":28,"turns":3},{"damage":43,"enemies":"Collector","floor":33,"turns":10},{"damage":11,"enemies":"3 Darklings","floor":35,"turns":3},{"damage":7,"enemies":"Mind Bloom Boss Battle","floor":37,"turns":6},{"damage":1,"enemies":"3 Shapes","floor":38,"turns":3},{"damage":0,"enemies":"3 Darklings","floor":45,"turns":2},{"damage":0,"enemies":"Sphere and 2 Shapes","floor":48,"turns":1},{"damage":12,"enemies":"Awakened One","floor":50,"turns":6}],"seed_played":"-3606202227728659550","potions_obtained":[{"floor":5,"key":"Weak Potion"},{"floor":11,"key":"Weak Potion"},{"floor":12,"key":"SkillPotion"},{"floor":13,"key":"Block Potion"},{"floor":18,"key":"FairyPotion"},{"floor":27,"key":"SkillPotion"},{"floor":28,"key":"PowerPotion"},{"floor":45,"key":"FocusPotion"},{"floor":48,"key":"Block Potion"}],"is_trial":false,"path_per_floor":["M","$","?","?","M","E","R","?","T","R","?","M","M","M","R","B",null,"M","?","?","M","$","M","R","E","T","E","M","R","$","?","R","B",null,"M","$","?","M","$","R","?","$","T","R","M","?","R","M","R","B",null],"character_chosen":"DEFECT","items_purchased":["Scrape","Reboot+1","Go for the Eyes","Hologram+1"],"campfire_rested":1,"item_purchase_floors":[2,22,30,42],"current_hp_per_floor":[75,75,59,59,59,41,41,41,41,41,36,36,36,36,36,24,82,82,82,82,77,77,76,76,62,62,34,34,34,34,34,58,15,82,71,71,64,63,63,63,63,63,63,63,63,63,63,63,63,51],"gold":93,"neow_bonus":"TEN_PERCENT_HP_BONUS","is_prod":false,"is_daily":false,"chose_seed":false,"campfire_upgraded":9,"win_rate":0.0,"timestamp":1571715047,"path_taken":["M","$","?","?","M","E","R","?","T","R","?","M","?","M","R","BOSS","M","?","?","M","$","M","R","E","T","E","M","R","$","?","R","BOSS","M","?","?","M","$","R","?","?","T","R","?","?","R","M","R","BOSS"],"build_version":"2019-07-17","purchased_purges":5,"victory":true,"max_hp_per_floor":[82,82,82,82,82,82,82,82,82,82,82,82,82,82,82,82,82,82,82,82,82,82,82,82,82,82,82,82,82,82,82,82,82,82,82,82,82,82,82,82,82,82,82,82,82,82,82,82,82,82],"card_choices":[{"not_picked":["Streamline","Consume"],"picked":"Beam Cell","floor":1},{"not_picked":["Barrage","Conserve Battery"],"picked":"Go for the Eyes","floor":5},{"not_picked":["Heatsinks","Darkness"],"picked":"Skim","floor":6},{"not_picked":["Sweeping Beam","Stack+1"],"picked":"Leap+1","floor":11},{"not_picked":["Cold Snap","Compile Driver"],"picked":"Conserve Battery+1","floor":12},{"not_picked":["Conserve Battery+1","BootSequence+1","Barrage"],"picked":"SKIP","floor":13},{"not_picked":["Conserve Battery+1","Turbo+1","Barrage"],"picked":"SKIP","floor":14},{"not_picked":["Buffer","Creative AI"],"picked":"Seek+1","floor":16},{"not_picked":["Steam+1","Genetic Algorithm+1","Static Discharge"],"picked":"SKIP","floor":18},{"not_picked":["Sunder","Coolheaded+1","Conserve Battery+1"],"picked":"SKIP","floor":21},{"not_picked":["Barrage","Conserve Battery+1","Sweeping Beam"],"picked":"SKIP","floor":23},{"not_picked":["Coolheaded+1","Thunder Strike","Leap+1"],"picked":"SKIP","floor":25},{"not_picked":["Steam+1","BootSequence+1","Sunder"],"picked":"SKIP","floor":27},{"not_picked":["Heatsinks+1","Tempest+1","Leap+1"],"picked":"SKIP","floor":28},{"not_picked":["Reboot+1","Thunder Strike"],"picked":"All For One","floor":33},{"not_picked":["Redo+1","Compile Driver+1"],"picked":"Streamline+1","floor":35},{"not_picked":["Skim+1","Coolheaded+1"],"picked":"Gash+1","floor":37},{"not_picked":["Sweeping Beam","Loop+1","Defragment+1"],"picked":"SKIP","floor":38},{"not_picked":["Stack+1","Recycle+1"],"picked":"Gash","floor":45},{"not_picked":["Jack Of All Trades+1","Violence+1"],"picked":"Dramatic Entrance","floor":46},{"not_picked":["Glacier+1","Leap+1","Barrage+1"],"picked":"SKIP","floor":48}],"player_experience":56240,"relics_obtained":[{"floor":6,"key":"Incense Burner"},{"floor":9,"key":"Toxic Egg 2"},{"floor":11,"key":"Odd Mushroom"},{"floor":25,"key":"Centennial Puzzle"},{"floor":25,"key":"Gremlin Horn"},{"floor":26,"key":"Boot"},{"floor":27,"key":"Torii"},{"floor":27,"key":"PreservedInsect"},{"floor":37,"key":"Unceasing Top"},{"floor":43,"key":"Happy Flower"}],"event_choices":[{"damage_healed":0,"gold_gain":0,"player_choice":"Entered Light","damage_taken":16,"max_hp_gain":0,"max_hp_loss":0,"event_name":"Shining Light","floor":3,"gold_loss":0,"cards_upgraded":["Zap","Strike_B"]},{"cards_removed":["Strike_B"],"damage_healed":0,"gold_gain":0,"player_choice":"Forget","damage_taken":0,"max_hp_gain":0,"max_hp_loss":0,"event_name":"Living Wall","floor":4,"gold_loss":0},{"cards_removed":["Defend_B"],"damage_healed":0,"gold_gain":0,"player_choice":"Card Removal","damage_taken":0,"max_hp_gain":0,"max_hp_loss":0,"event_name":"The Cleric","floor":8,"gold_loss":50},{"damage_healed":0,"gold_gain":0,"player_choice":"Fought Mushrooms","damage_taken":0,"max_hp_gain":0,"max_hp_loss":0,"event_name":"Mushrooms","floor":11,"gold_loss":0},{"damage_healed":0,"gold_gain":0,"player_choice":"Ignored","damage_taken":0,"max_hp_gain":0,"max_hp_loss":0,"event_name":"The Mausoleum","floor":19,"gold_loss":0},{"damage_healed":0,"gold_gain":0,"player_choice":"Read","damage_taken":0,"max_hp_gain":0,"max_hp_loss":0,"event_name":"The Library","floor":20,"gold_loss":0,"cards_obtained":["Streamline"]},{"damage_healed":0,"gold_gain":0,"player_choice":"Gave Potion","damage_taken":0,"relics_obtained":["Smiling Mask"],"max_hp_gain":0,"max_hp_loss":0,"event_name":"WeMeetAgain","floor":31,"gold_loss":0},{"damage_healed":0,"gold_gain":0,"player_choice":"Fight","damage_taken":0,"max_hp_gain":0,"max_hp_loss":0,"event_name":"MindBloom","floor":37,"gold_loss":0},{"damage_healed":0,"gold_gain":0,"player_choice":"Ignored","damage_taken":0,"max_hp_gain":0,"max_hp_loss":0,"event_name":"Mysterious Sphere","floor":41,"gold_loss":0},{"damage_healed":0,"gold_gain":0,"player_choice":"Memory 1","damage_taken":0,"max_hp_gain":0,"max_hp_loss":0,"event_name":"SensoryStone","floor":46,"gold_loss":0}],"is_beta":false,"boss_relics":[{"not_picked":["Busted Crown","Nuclear Battery"],"picked":"Black Star"},{"not_picked":["Sozu","Runic Dome"],"picked":"Coffee Dripper"}],"items_purged_floors":[22,30,36,39,42],"is_endless":false,"potions_floor_spawned":[5,11,12,13,18,27,28,45,48],"ascension_level":0}