{"gold_per_floor":[117,117,117,292,74,104,118,118,118,118],"floor_reached":10,"playtime":652,"items_purged":["Doubt"],"score":83,"play_id":"6b0a9f01-487b-4f7c-8796-77fdae462f30","local_time":"20190629050041","is_ascension_mode":true,"campfire_choices":[{"floor":8,"key":"REST"}],"neow_cost":"NONE","seed_source_timestamp":0,"circlet_count":0,"master_deck":["Strike_B","Strike_B","Strike_B","Defend_B","Defend_B","Defend_B","Defend_B","Zap","Dualcast+1","Machine Learning","Turbo","Echo Form","FTL"],"special_seed":0,"relics":["Cracked Core","Mercury Hourglass","Bronze Scales","Darkstone Periapt","Mummified Hand"],"potions_floor_usage":[],"damage_taken":[{"damage":12.0,"enemies":"Jaw Worm","floor":1.0,"turns":2.0},{"damage":20,"enemies":"3 Sentries","floor":6,"turns":6},{"damage":6,"enemies":"2 Louse","floor":7,"turns":2},{"damage":48,"enemies":"Gremlin Nob","floor":10,"turns":3}],"seed_played":"-5608814616816578814","potions_obtained":[],"is_trial":false,"path_per_floor":["M","?","?","?","$","E","M","R","T","E"],"character_chosen":"DEFECT","items_purchased":["Bronze Scales"],"campfire_rested":1,"item_purchase_floors":[5],"current_hp_per_floor":[56,56,31,31,31,11,5,27,27,0],"gold":118,"neow_bonus":"TRANSFORM_CARD","is_prod":false,"is_daily":false,"chose_seed":false,"campfire_upgraded":0,"win_rate":0,"timestamp":1561798841,"path_taken":["M","?","?","?","?","E","M","R","T","E"],"build_version":"2019-01-23","purchased_purges":1,"victory":false,"max_hp_per_floor":[75,75,75,75,75,75,75,75,75,75],"card_choices":[{"not_picked":["Stack","Compile Driver"],"picked":"Turbo","floor":1.0},{"not_picked":["Gash","Coolheaded"],"picked":"Echo Form","floor":6},{"not_picked":["Beam Cell","Double Energy"],"picked":"FTL","floor":7}],"player_experience":687940,"relics_obtained":[{"floor":6,"key":"Darkstone Periapt"},{"floor":9,"key":"Mummified Hand"}],"event_choices":[{"damage_healed":0,"gold_gain":0,"player_choice":"Grow","damage_taken":0,"max_hp_gain":0,"max_hp_loss":0,"event_name":"Living Wall","floor":2,"gold_loss":0,"cards_upgraded":["Dualcast"]},{"damage_healed":0,"gold_gain":0,"player_choice":"Success","damage_taken":25,"relics_obtained":["Mercury Hourglass"],"max_hp_gain":0,"max_hp_loss":0,"event_name":"Scrap Ooze","floor":3,"gold_loss":0},{"damage_healed":0,"gold_gain":175,"player_choice":"AGREE","damage_taken":0,"max_hp_gain":0,"max_hp_loss":0,"event_name":"Liars Game","floor":4,"gold_loss":0,"cards_obtained":["Doubt"]}],"is_beta":false,"boss_relics":[],"items_purged_floors":[5],"is_endless":false,"potions_floor_spawned":[],"killed_by":"Gremlin Nob","ascension_level":6}