{"gold_per_floor":[110,69,244,259,277,277,289,289,289,317,317,345,356,356],"floor_reached":14,"playtime":856,"items_purged":[],"score":120,"play_id":"f648b7c6-da93-441d-8814-d5909e77b5b8","local_time":"20190613124231","is_ascension_mode":true,"campfire_choices":[{"data":"Dualcast","floor":6,"key":"SMITH"},{"data":"Hologram","floor":8,"key":"SMITH"}],"neow_cost":"NONE","seed_source_timestamp":341154513202,"circlet_count":0,"master_deck":["Strike_B","Strike_B","Strike_B","Strike_B","Defend_B","Defend_B","Defend_B","Defend_B","Zap","Dualcast+1","Hyperbeam","Hello World","Heatsinks","Doubt","Turbo","Gash","Hologram+1","Reinforced Body","Conserve Battery","Scrape","Steam","Fusion"],"relics":["Cracked Core","Bottled Lightning","Orichalcum"],"potions_floor_usage":[10,10],"damage_taken":[{"damage":1,"enemies":"Cultist","floor":1,"turns":3},{"damage":6,"enemies":"2 Louse","floor":4,"turns":3},{"damage":5,"enemies":"Small Slimes","floor":5,"turns":3},{"damage":18,"enemies":"Red Slaver","floor":7,"turns":4},{"damage":25,"enemies":"3 Sentries","floor":10,"turns":3},{"damage":16,"enemies":"Gremlin Nob","floor":12,"turns":4},{"damage":0,"enemies":"Looter","floor":13,"turns":3},{"damage":8,"enemies":"Lagavulin","floor":14,"turns":3}],"seed_played":"2044157674694103367","potions_obtained":[{"floor":4,"key":"Explosive Potion"},{"floor":7,"key":"Explosive Potion"},{"floor":13,"key":"LiquidBronze"}],"is_trial":false,"path_per_floor":["M","$","?","M","M","R","M","R","T","E","?","E","M","E"],"character_chosen":"DEFECT","items_purchased":["Heatsinks"],"campfire_rested":0,"item_purchase_floors":[2],"current_hp_per_floor":[74,74,74,68,63,63,45,45,45,20,20,4,4,0],"gold":356,"neow_bonus":"ONE_RANDOM_RARE_CARD","is_prod":false,"is_daily":false,"chose_seed":false,"campfire_upgraded":2,"win_rate":0,"timestamp":1560454951,"path_taken":["M","$","?","M","M","R","M","R","T","E","?","E","?","E"],"build_version":"2019-01-23","purchased_purges":0,"victory":false,"max_hp_per_floor":[75,75,75,75,75,75,75,75,75,75,75,75,75,75],"card_choices":[{"not_picked":["Streamline","Go for the Eyes"],"picked":"Hello World","floor":1},{"not_picked":["Sunder","Conserve Battery"],"picked":"Turbo","floor":4},{"not_picked":["Ball Lightning","Barrage"],"picked":"Gash","floor":5},{"not_picked":["Aggregate","Darkness"],"picked":"Hologram","floor":7},{"not_picked":["Ball Lightning","Go for the Eyes"],"picked":"Reinforced Body","floor":10},{"not_picked":["Rainbow","Coolheaded"],"picked":"Steam","floor":12},{"not_picked":["Steam","Defragment"],"picked":"Fusion","floor":13}],"player_experience":597105,"relics_obtained":[{"floor":10,"key":"Bottled Lightning"},{"floor":12,"key":"Orichalcum"}],"event_choices":[{"damage_healed":0,"gold_gain":175,"player_choice":"AGREE","damage_taken":0,"max_hp_gain":0,"max_hp_loss":0,"event_name":"Liars Game","floor":3,"gold_loss":0,"cards_obtained":["Doubt"]},{"damage_healed":0,"gold_gain":0,"player_choice":"2 cards matched","damage_taken":0,"max_hp_gain":0,"max_hp_loss":0,"event_name":"Match and Keep!","floor":11,"gold_loss":0,"cards_obtained":["Conserve Battery","Scrape"]}],"is_beta":false,"boss_relics":[],"items_purged_floors":[],"is_endless":false,"potions_floor_spawned":[4,7,13],"killed_by":"Lagavulin","ascension_level":4}