{"gold_per_floor":[116,191,204,223,233,233,233,233,233,249,249],"floor_reached":11,"playtime":545,"items_purged":[],"score":65,"play_id":"c54b1ed9-f35b-4ef2-91a7-a46351366f73","local_time":"20191020143533","is_ascension_mode":false,"campfire_choices":[{"data":"Self Repair","floor":6,"key":"SMITH"},{"data":"Tempest","floor":8,"key":"SMITH"}],"neow_cost":"NONE","seed_source_timestamp":100640234819900,"circlet_count":0,"master_deck":["Strike_B","Strike_B","Strike_B","Strike_B","Defend_B","Defend_B","Defend_B","Defend_B","Zap","Dualcast","Self Repair+1","Tempest+1","Cold Snap","Sweeping Beam","Defragment"],"relics":["Coffee Dripper","Regal Pillow","NlothsMask"],"potions_floor_usage":[],"damage_taken":[{"damage":6,"enemies":"2 Louse","floor":1,"turns":2},{"damage":5,"enemies":"Small Slimes","floor":3,"turns":3},{"damage":0,"enemies":"Cultist","floor":4,"turns":3},{"damage":0,"enemies":"Blue Slaver","floor":5,"turns":3},{"damage":13,"enemies":"Exordium Wildlife","floor":10,"turns":2}],"seed_played":"-2331443104327666751","potions_obtained":[{"floor":1,"key":"LiquidBronze"},{"floor":3,"key":"Explosive Potion"},{"floor":10,"key":"Regen Potion"}],"is_trial":false,"path_per_floor":["M","?","M","M","M","R","?","R","T","M","?"],"character_chosen":"DEFECT","items_purchased":[],"campfire_rested":0,"item_purchase_floors":[],"current_hp_per_floor":[69,58,60,67,74,74,74,74,74,71,71],"gold":249,"neow_bonus":"BOSS_RELIC","is_prod":false,"is_daily":false,"chose_seed":false,"campfire_upgraded":2,"win_rate":0.0,"timestamp":1571596533,"path_taken":["M","?","M","M","M","R","?","R","T","M","?"],"build_version":"2019-07-17","purchased_purges":0,"victory":false,"max_hp_per_floor":[75,75,75,75,75,75,75,75,75,75,75],"card_choices":[{"not_picked":["BootSequence","Compile Driver"],"picked":"Self Repair","floor":1},{"not_picked":["Scrape","Melter"],"picked":"Tempest","floor":3},{"not_picked":["Darkness","Barrage"],"picked":"Cold Snap","floor":4},{"not_picked":["Stack","Gash"],"picked":"Sweeping Beam","floor":5},{"not_picked":["Leap","Beam Cell"],"picked":"Defragment","floor":10}],"player_experience":11589,"relics_obtained":[{"floor":9,"key":"Regal Pillow"}],"event_choices":[{"damage_healed":0,"gold_gain":75,"player_choice":"Gather Gold","damage_taken":11,"max_hp_gain":0,"max_hp_loss":0,"event_name":"World of Goop","floor":2,"gold_loss":0},{"damage_healed":0,"gold_gain":0,"player_choice":"Ignored","damage_taken":0,"max_hp_gain":0,"max_hp_loss":0,"event_name":"Golden Wing","floor":7,"gold_loss":0},{"damage_healed":0,"gold_gain":0,"player_choice":"Trade","damage_taken":0,"relics_obtained":["NlothsMask"],"max_hp_gain":0,"max_hp_loss":0,"event_name":"FaceTrader","floor":11,"gold_loss":0}],"is_beta":false,"boss_relics":[],"items_purged_floors":[],"is_endless":false,"potions_floor_spawned":[1,3,10],"ascension_level":0}