{"gold_per_floor":[118,118,118,16,27,27,55,55,55,73,73,93,117,160,160,283,283,304,31,54,1,21,21,56,56,56,90,90,114,132,132,132,261,261,279,304,104,120,120,120,155,155,155,173,173,514,573,607,607,607],"floor_reached":51,"playtime":6360,"items_purged":["Regret"],"score":939,"play_id":"27c73291-a3ba-4d78-889b-c929ac1dc095","local_time":"20190607184020","is_ascension_mode":true,"campfire_choices":[{"data":"Neutralize","floor":6.0,"key":"SMITH"},{"data":"Dagger Spray","floor":8.0,"key":"SMITH"},{"floor":15.0,"key":"REST"},{"data":"Deflect","floor":23.0,"key":"SMITH"},{"floor":25.0,"key":"REST"},{"floor":28.0,"key":"REST"},{"floor":32.0,"key":"REST"},{"data":"Tactician","floor":40.0,"key":"SMITH"},{"floor":42.0,"key":"REST"},{"floor":45.0,"key":"REST"},{"floor":49.0,"key":"REST"}],"neow_cost":"NONE","seed_source_timestamp":0,"circlet_count":0,"master_deck":["Defend_G","Defend_G","Defend_G","Defend_G","Strike_G","Strike_G+1","Strike_G","Strike_G","Strike_G+1","Survivor","Neutralize+1","Dagger Spray+1","Quick Slash","Bouncing Flask","All Out Attack+1","Backflip","Injury","Cloak And Dagger","Backflip","Corpse Explosion","Glass Knife+1","Backstab+1","Caltrops+1","Cloak And Dagger","Deflect+1","Caltrops+1","Tools of the Trade+1","Clumsy","Acrobatics","Flying Knee+1","Well Laid Plans+1","Phantasmal Killer","Tactician+1","Distraction+1","Backflip+1","Concentrate","Prepared","Dagger Throw+1","Outmaneuver+1","Acrobatics","Tactician","Escape Plan+1","Normality","Slice+1","Underhanded Strike+1","Acrobatics+1","Footwork+1"],"special_seed":0,"relics":["Ring of the Snake","NeowsBlessing","Gremlin Horn","Molten Egg 2","Frozen Egg 2","Golden Idol","Dodecahedron","Cursed Key","TwistedFunnel","Pen Nib","Tough Bandages","Nilry\u0027s Codex","Orrery","Blood Vial","Unceasing Top","Paper Crane","Old Coin","StoneCalendar","Centennial Puzzle"],"potions_floor_usage":[50],"damage_taken":[{"damage":0.0,"enemies":"Small Slimes","floor":1.0,"turns":1.0},{"damage":0.0,"enemies":"Jaw Worm","floor":5.0,"turns":1.0},{"damage":0.0,"enemies":"Lagavulin","floor":7.0,"turns":1.0},{"damage":0.0,"enemies":"2 Louse","floor":10.0,"turns":2.0},{"damage":0.0,"enemies":"Exordium Wildlife","floor":12.0,"turns":2.0},{"damage":0.0,"enemies":"Gremlin Gang","floor":13.0,"turns":1.0},{"damage":14.0,"enemies":"Gremlin Nob","floor":14.0,"turns":5.0},{"damage":6.0,"enemies":"The Guardian","floor":16.0,"turns":11.0},{"damage":7.0,"enemies":"2 Thieves","floor":18.0,"turns":3.0},{"damage":0.0,"enemies":"3 Byrds","floor":20.0,"turns":2.0},{"damage":21.0,"enemies":"Snake Plant","floor":22.0,"turns":3.0},{"damage":18.0,"enemies":"Book of Stabbing","floor":24.0,"turns":3.0},{"damage":18.0,"enemies":"Slavers","floor":27.0,"turns":3.0},{"damage":0.0,"enemies":"Snecko","floor":29.0,"turns":2.0},{"damage":0.0,"enemies":"Cultist and Chosen","floor":30.0,"turns":3.0},{"damage":18.0,"enemies":"Champ","floor":33.0,"turns":11.0},{"damage":0.0,"enemies":"3 Darklings","floor":35.0,"turns":3.0},{"damage":5.0,"enemies":"3 Shapes","floor":36.0,"turns":2.0},{"damage":14.0,"enemies":"Spire Growth","floor":38.0,"turns":5.0},{"damage":23.0,"enemies":"Nemesis","floor":41.0,"turns":9.0},{"damage":26.0,"enemies":"3 Darklings","floor":44.0,"turns":4.0},{"damage":8.0,"enemies":"Reptomancer","floor":46.0,"turns":6.0},{"damage":12.0,"enemies":"2 Orb Walkers","floor":47.0,"turns":4.0},{"damage":0.0,"enemies":"Giant Head","floor":48.0,"turns":5.0},{"damage":4,"enemies":"Awakened One","floor":50,"turns":12}],"seed_played":"3588079178325202007","potions_obtained":[{"floor":5.0,"key":"Weak Potion"},{"floor":12.0,"key":"Explosive Potion"},{"floor":14.0,"key":"Regen Potion"},{"floor":16.0,"key":"PowerPotion"},{"floor":18.0,"key":"Strength Potion"},{"floor":22.0,"key":"AttackPotion"},{"floor":27.0,"key":"FearPotion"},{"floor":30.0,"key":"AttackPotion"},{"floor":41.0,"key":"Dexterity Potion"},{"floor":47.0,"key":"Block Potion"},{"floor":48.0,"key":"Poison Potion"}],"is_trial":false,"path_per_floor":["M","?","?","$","M","R","E","R","T","M","?","M","M","E","R","B",null,"M","$","M","$","M","R","E","R","T","E","R","M","M","?","R","B",null,"M","M","$","M","?","R","E","R","T","M","R","E","?","E","R","B",null],"character_chosen":"THE_SILENT","items_purchased":["Quick Slash","TwistedFunnel","Caltrops+1","Deflect","Blood Vial","Acrobatics"],"campfire_rested":7,"item_purchase_floors":[4,19,19,21,37,37],"current_hp_per_floor":[70,56,56,56,56,56,56,56,56,56,56,56,56,42,63,64,70,63,63,63,63,42,42,24,45,45,27,48,48,48,32,53,35,70,70,65,65,53,53,53,32,53,53,29,50,44,34,36,57,55],"gold":607,"neow_bonus":"THREE_ENEMY_KILL","is_prod":false,"is_daily":false,"chose_seed":false,"campfire_upgraded":4,"win_rate":0,"timestamp":1559958020,"path_taken":["M","?","?","$","M","R","E","R","T","M","?","M","M","E","R","BOSS","M","$","M","$","M","R","E","R","T","E","R","M","M","?","R","BOSS","M","M","$","M","?","R","E","R","T","M","R","E","?","E","R","BOSS"],"build_version":"2019-01-23","purchased_purges":1,"victory":true,"max_hp_per_floor":[70,70,70,70,70,70,70,70,70,70,70,70,70,70,70,70,70,70,70,70,70,70,70,70,70,70,70,70,70,70,70,70,70,70,70,70,70,70,70,70,70,70,70,70,70,70,70,70,70,70],"card_choices":[{"not_picked":["Backstab","Outmaneuver"],"picked":"Dagger Spray","floor":1.0},{"not_picked":["Dagger Throw","Underhanded Strike"],"picked":"Bouncing Flask","floor":5.0},{"not_picked":["Deadly Poison","Blade Dance"],"picked":"All Out Attack","floor":7.0},{"not_picked":["Flying Knee+1","Flechettes+1"],"picked":"Backflip","floor":10.0},{"not_picked":["Deflect","Riddle With Holes+1"],"picked":"Cloak And Dagger","floor":12.0},{"not_picked":["Blade Dance","Dagger Throw+1"],"picked":"Backflip","floor":13.0},{"not_picked":["Flying Knee+1","Concentrate"],"picked":"Corpse Explosion","floor":14.0},{"not_picked":["Unload+1","Grand Finale+1"],"picked":"Glass Knife+1","floor":16.0},{"not_picked":["Deadly Poison","Masterful Stab+1"],"picked":"Backstab+1","floor":18.0},{"not_picked":["Acrobatics","Quick Slash+1"],"picked":"Cloak And Dagger","floor":20.0},{"not_picked":["Dagger Throw+1","Underhanded Strike+1"],"picked":"Caltrops+1","floor":22.0},{"not_picked":["Sucker Punch+1","Cloak And Dagger"],"picked":"Tools of the Trade+1","floor":24.0},{"not_picked":["Accuracy+1","All Out Attack+1"],"picked":"Acrobatics","floor":27.0},{"not_picked":["Poisoned Stab+1","Bouncing Flask"],"picked":"Flying Knee+1","floor":29.0},{"not_picked":["Blade Dance+1","Bane+1"],"picked":"Well Laid Plans+1","floor":30.0},{"not_picked":["Wraith Form v2+1","Storm of Steel"],"picked":"Phantasmal Killer","floor":33.0},{"not_picked":["Outmaneuver","Deadly Poison"],"picked":"Tactician","floor":34.0},{"not_picked":["All Out Attack+1","Infinite Blades+1"],"picked":"Distraction+1","floor":34.0},{"not_picked":["Poisoned Stab+1","Deflect"],"picked":"Backflip+1","floor":34.0},{"not_picked":["Quick Slash+1","Cloak And Dagger"],"picked":"Concentrate","floor":34.0},{"not_picked":["Sucker Punch+1","Dagger Spray+1"],"picked":"Prepared","floor":34.0},{"not_picked":["Grand Finale+1","PiercingWail+1"],"picked":"Dagger Throw+1","floor":35.0},{"not_picked":["Cloak And Dagger","Blade Dance+1"],"picked":"Outmaneuver+1","floor":36.0},{"not_picked":["Outmaneuver+1","Endless Agony+1"],"picked":"Tactician","floor":38.0},{"not_picked":["Heel Hook+1","PiercingWail+1"],"picked":"Escape Plan+1","floor":41.0},{"not_picked":["Outmaneuver","Deadly Poison+1"],"picked":"Slice+1","floor":44.0},{"not_picked":["Bane+1","PiercingWail"],"picked":"Underhanded Strike+1","floor":46.0},{"not_picked":["Skewer+1","Eviscerate+1"],"picked":"Acrobatics+1","floor":47.0},{"not_picked":["Escape Plan","Underhanded Strike+1"],"picked":"Footwork+1","floor":48.0}],"player_experience":478743,"relics_obtained":[{"floor":7.0,"key":"Molten Egg 2"},{"floor":9.0,"key":"Frozen Egg 2"},{"floor":14.0,"key":"Dodecahedron"},{"floor":24.0,"key":"Pen Nib"},{"floor":27.0,"key":"Tough Bandages"},{"floor":31.0,"key":"Nilry\u0027s Codex"},{"floor":41.0,"key":"Unceasing Top"},{"floor":43.0,"key":"Paper Crane"},{"floor":46.0,"key":"Old Coin"},{"floor":47.0,"key":"StoneCalendar"},{"floor":48.0,"key":"Centennial Puzzle"}],"event_choices":[{"damage_healed":0.0,"max_hp_gain":0.0,"max_hp_loss":0.0,"gold_gain":0.0,"event_name":"Shining Light","player_choice":"Entered Light","floor":2.0,"gold_loss":0.0,"damage_taken":14.0,"cards_upgraded":["Strike_G","Strike_G"]},{"damage_healed":0.0,"max_hp_gain":0.0,"max_hp_loss":0.0,"gold_gain":0.0,"event_name":"Big Fish","player_choice":"Box","floor":3.0,"gold_loss":0.0,"damage_taken":0.0,"relics_obtained":["Gremlin Horn"],"cards_obtained":["Regret"]},{"damage_healed":0.0,"max_hp_gain":0.0,"max_hp_loss":0.0,"gold_gain":0.0,"event_name":"Golden Idol","player_choice":"Take Wound","floor":11.0,"gold_loss":0.0,"damage_taken":0.0,"relics_obtained":["Golden Idol"],"cards_obtained":["Injury"]},{"damage_healed":0.0,"max_hp_gain":0.0,"max_hp_loss":0.0,"gold_gain":0.0,"event_name":"Cursed Tome","player_choice":"Obtained Book","floor":31.0,"gold_loss":0.0,"damage_taken":16.0},{"cards_removed":["Defend_G"],"damage_healed":0.0,"max_hp_gain":0.0,"max_hp_loss":0.0,"gold_gain":0.0,"event_name":"Falling","player_choice":"Removed Skill","floor":39.0,"gold_loss":0.0,"damage_taken":0.0},{"damage_healed":0.0,"max_hp_gain":0.0,"max_hp_loss":0.0,"gold_gain":0.0,"event_name":"Mysterious Sphere","player_choice":"Fight","floor":47.0,"gold_loss":0.0,"damage_taken":0.0}],"is_beta":false,"boss_relics":[{"not_picked":["Tiny House","Philosopher\u0027s Stone"],"picked":"Cursed Key"},{"not_picked":["HoveringKite","Runic Dome"],"picked":"Orrery"}],"items_purged_floors":[4],"is_endless":false,"potions_floor_spawned":[5,12,14,16,18,22,27,30,41,47,48],"ascension_level":2}