{"gold_per_floor":[118,118,137,137,13,47,47,76,76,96,96,125,125,202,202,300,300,311,311,26,45,122,122,122],"floor_reached":24,"playtime":1575,"items_purged":[],"score":247,"play_id":"d6214755-8bed-49bf-8d26-103f70b59cc9","local_time":"20190603000922","is_ascension_mode":true,"campfire_choices":[{"data":"Go for the Eyes","floor":7.0,"key":"SMITH"},{"data":"Bandage Up","floor":11.0,"key":"SMITH"},{"data":"Redo","floor":13.0,"key":"SMITH"},{"data":"Dualcast","floor":15.0,"key":"SMITH"},{"data":"Capacitor","floor":23.0,"key":"SMITH"}],"neow_cost":"NONE","seed_source_timestamp":0,"circlet_count":0,"master_deck":["Strike_B","Strike_B","Defend_B","Defend_B","Defend_B","Defend_B","Zap","Dualcast+1","Blizzard","Chaos+1","Go for the Eyes+1","Doom and Gloom","Bandage Up+1","Gash","Glacier","Redo+1","Core Surge","Echo Form","Redo+1","Leap+1","Capacitor+1"],"special_seed":0,"relics":["Cracked Core","NeowsBlessing","Letter Opener","WingedGreaves","Singing Bowl","DataDisk","Tiny Chest","Eternal Feather","Toxic Egg 2"],"potions_floor_usage":[],"damage_taken":[{"damage":0.0,"enemies":"2 Louse","floor":1.0,"turns":1.0},{"damage":0.0,"enemies":"Cultist","floor":3.0,"turns":1.0},{"damage":0.0,"enemies":"Gremlin Nob","floor":6.0,"turns":1.0},{"damage":26.0,"enemies":"Lagavulin","floor":8.0,"turns":6.0},{"damage":0.0,"enemies":"Jaw Worm","floor":10.0,"turns":3.0},{"damage":14.0,"enemies":"3 Sentries","floor":12.0,"turns":5.0},{"damage":13.0,"enemies":"The Guardian","floor":16.0,"turns":7.0},{"damage":6.0,"enemies":"Chosen","floor":18.0,"turns":5.0},{"damage":10.0,"enemies":"Shell Parasite","floor":21.0,"turns":6.0},{"damage":75,"enemies":"Gremlin Leader","floor":24,"turns":5}],"seed_played":"-9017740508297258384","potions_obtained":[{"floor":1.0,"key":"EssenceOfSteel"},{"floor":10.0,"key":"FearPotion"},{"floor":21.0,"key":"SteroidPotion"}],"is_trial":false,"path_per_floor":["M","?","M","?","$","E","R","E","T","M","R","E","R","T","R","B",null,"M","?","$","M","T","R","E"],"character_chosen":"DEFECT","items_purchased":["Doom and Gloom","Bandage Up","Toxic Egg 2","Leap+1"],"campfire_rested":0,"item_purchase_floors":[5,5,20,20],"current_hp_per_floor":[75,75,75,75,75,75,75,53,53,57,57,49,49,49,49,42,75,69,69,69,65,65,75,0],"gold":122,"neow_bonus":"THREE_ENEMY_KILL","is_prod":false,"is_daily":false,"chose_seed":false,"campfire_upgraded":5,"win_rate":0,"timestamp":1559545762,"path_taken":["M","?","?","?","?","E","R","E","T","M","R","E","R","?","R","BOSS","M","?","$","?","?","R","E"],"build_version":"2019-01-23","purchased_purges":0,"victory":false,"max_hp_per_floor":[75,75,75,75,75,75,75,75,75,75,75,75,75,75,75,75,75,75,75,75,75,75,75,75],"card_choices":[{"not_picked":["Undo","Turbo"],"picked":"Blizzard","floor":1.0},{"not_picked":["Heatsinks","Aggregate"],"picked":"Go for the Eyes","floor":3.0},{"not_picked":["Lockon","Rebound"],"picked":"Gash","floor":6.0},{"not_picked":["Steam","Lockon"],"picked":"Glacier","floor":8.0},{"not_picked":["Leap","Cold Snap"],"picked":"Redo","floor":10.0},{"not_picked":["Double Energy","Rebound"],"picked":"Core Surge","floor":12.0},{"not_picked":["Seek","Buffer"],"picked":"Echo Form","floor":16.0},{"not_picked":["Streamline","Go for the Eyes"],"picked":"Redo+1","floor":18.0},{"not_picked":["Hologram+1","Glacier+1"],"picked":"Capacitor","floor":21.0}],"player_experience":355209,"relics_obtained":[{"floor":6.0,"key":"Letter Opener"},{"floor":8.0,"key":"WingedGreaves"},{"floor":9.0,"key":"Singing Bowl"},{"floor":12.0,"key":"DataDisk"},{"floor":14.0,"key":"Tiny Chest"}],"event_choices":[{"damage_healed":0.0,"max_hp_gain":0.0,"max_hp_loss":0.0,"gold_gain":0.0,"cards_transformed":["Strike_B"],"event_name":"Transmorgrifier","player_choice":"Transformed","floor":2.0,"gold_loss":0.0,"damage_taken":0.0,"cards_obtained":["Chaos"]},{"damage_healed":0.0,"max_hp_gain":0.0,"max_hp_loss":0.0,"gold_gain":0.0,"event_name":"Upgrade Shrine","player_choice":"Upgraded","floor":4.0,"gold_loss":0.0,"damage_taken":0.0,"cards_upgraded":["Chaos"]},{"cards_removed":["Strike_B"],"damage_healed":0.0,"max_hp_gain":0.0,"max_hp_loss":0.0,"gold_gain":0.0,"event_name":"Purifier","player_choice":"Purged","floor":19.0,"gold_loss":0.0,"damage_taken":0.0}],"is_beta":false,"boss_relics":[{"not_picked":["Runic Dome","Fusion Hammer"],"picked":"Eternal Feather"}],"items_purged_floors":[],"is_endless":false,"potions_floor_spawned":[1,10,21],"killed_by":"Gremlin Leader","ascension_level":1}