{"gold_per_floor":[109,129,146,146,164,164,174,186,235,30,63,78,78,97,97,200,200,210,210,210,220,110,110,110],"floor_reached":24,"playtime":2737,"items_purged":["Strike_G"],"score":220,"play_id":"a497fe51-cca2-4c9a-8c08-2e6969692dea","local_time":"20190605134904","is_ascension_mode":true,"campfire_choices":[{"data":"Neutralize","floor":6.0,"key":"SMITH"},{"floor":15.0,"key":"REST"},{"floor":23,"key":"REST"}],"neow_cost":"NONE","seed_source_timestamp":0,"circlet_count":0,"master_deck":["Defend_G","Defend_G+1","Defend_G","Defend_G","Defend_G","Strike_G","Strike_G","Strike_G","Strike_G","Survivor","Neutralize+1","Forethought","Noxious Fumes+1","Acrobatics","Tactician","Tactician","Distraction","Venomology","Magnetism","Noxious Fumes","Acrobatics","Backflip","A Thousand Cuts","Corpse Explosion","Choke","Neutralize+1","Outmaneuver+1","Caltrops"],"special_seed":0,"relics":["Ring of the Snake","Potion Belt","Ninja Scroll","White Beast Statue","Nilry\u0027s Codex"],"potions_floor_usage":[21,21,24],"damage_taken":[{"damage":0.0,"enemies":"Cultist","floor":1.0,"turns":5.0},{"damage":12.0,"enemies":"Jaw Worm","floor":2.0,"turns":5.0},{"damage":4.0,"enemies":"2 Louse","floor":3.0,"turns":3.0},{"damage":10.0,"enemies":"Large Slime","floor":5.0,"turns":4.0},{"damage":16.0,"enemies":"Lots of Slimes","floor":7.0,"turns":4.0},{"damage":5.0,"enemies":"Red Slaver","floor":8.0,"turns":6.0},{"damage":5.0,"enemies":"Lagavulin","floor":11.0,"turns":7.0},{"damage":0.0,"enemies":"Looter","floor":12.0,"turns":4.0},{"damage":1.0,"enemies":"Blue Slaver","floor":14.0,"turns":4.0},{"damage":4.0,"enemies":"Hexaghost","floor":16.0,"turns":8.0},{"damage":47.0,"enemies":"3 Byrds","floor":18.0,"turns":6.0},{"damage":0,"enemies":"Shell Parasite","floor":21,"turns":2},{"damage":33,"enemies":"Centurion and Healer","floor":24,"turns":4}],"seed_played":"814269871483919218","potions_obtained":[{"floor":2.0,"key":"AttackPotion"},{"floor":5.0,"key":"SpeedPotion"},{"floor":7.0,"key":"Ancient Potion"},{"floor":11.0,"key":"SpeedPotion"},{"floor":14.0,"key":"SteroidPotion"},{"floor":18.0,"key":"EssenceOfSteel"},{"floor":21,"key":"Swift Potion"}],"is_trial":false,"path_per_floor":["M","M","M","?","M","R","M","M","T","$","E","M","T","M","R","B",null,"M","?","?","M","$","R","M"],"character_chosen":"THE_SILENT","items_purchased":["Magnetism","Noxious Fumes","Caltrops"],"campfire_rested":2,"item_purchase_floors":[10,10,22],"current_hp_per_floor":[70,58,54,40,30,30,14,9,9,9,4,4,4,3,24,20,70,23,7,7,7,7,28,0],"gold":110,"neow_bonus":"RANDOM_COLORLESS","is_prod":false,"is_daily":false,"chose_seed":false,"campfire_upgraded":1,"win_rate":0,"timestamp":1559767744,"path_taken":["M","?","M","?","M","R","M","M","T","$","E","M","?","M","R","BOSS","M","?","?","M","$","R","?"],"build_version":"2019-01-23","purchased_purges":1,"victory":false,"max_hp_per_floor":[70,70,70,70,70,70,70,70,70,70,70,70,70,70,70,70,70,70,70,70,70,70,70,70],"card_choices":[{"not_picked":["Acrobatics","Catalyst"],"picked":"Noxious Fumes","floor":1.0},{"not_picked":["Quick Slash","Cloak And Dagger"],"picked":"Acrobatics","floor":2.0},{"not_picked":["Bane","Outmaneuver"],"picked":"Tactician","floor":3.0},{"not_picked":["Skewer","Deadly Poison"],"picked":"Tactician","floor":5.0},{"not_picked":["Masterful Stab","Quick Slash"],"picked":"Distraction","floor":7.0},{"not_picked":["Sucker Punch","PiercingWail"],"picked":"Venomology","floor":8.0},{"not_picked":["Bane","Blade Dance"],"picked":"Acrobatics","floor":11.0},{"not_picked":["Crippling Poison","Slice"],"picked":"Backflip","floor":12.0},{"not_picked":["Slice","Cloak And Dagger"],"picked":"A Thousand Cuts","floor":14.0},{"not_picked":["Night Terror","Unload"],"picked":"Corpse Explosion","floor":16.0},{"not_picked":["Dodge and Roll","Deflect+1"],"picked":"Choke","floor":18.0},{"not_picked":["Cloak And Dagger","Flying Knee"],"picked":"Outmaneuver+1","floor":21}],"player_experience":424970,"relics_obtained":[{"floor":11.0,"key":"Potion Belt"},{"floor":13.0,"key":"Ninja Scroll"},{"floor":19.0,"key":"Nilry\u0027s Codex"}],"event_choices":[{"damage_healed":0.0,"max_hp_gain":0.0,"max_hp_loss":0.0,"gold_gain":0.0,"event_name":"Shining Light","player_choice":"Entered Light","floor":4.0,"gold_loss":0.0,"damage_taken":14.0,"cards_upgraded":["Noxious Fumes","Defend_G"]},{"damage_healed":0.0,"max_hp_gain":0.0,"max_hp_loss":0.0,"gold_gain":0.0,"event_name":"Cursed Tome","player_choice":"Obtained Book","floor":19.0,"gold_loss":0.0,"damage_taken":16.0},{"damage_healed":0.0,"max_hp_gain":0.0,"max_hp_loss":0.0,"gold_gain":0.0,"event_name":"Duplicator","player_choice":"Copied","floor":20.0,"gold_loss":0.0,"damage_taken":0.0,"cards_obtained":["Neutralize"]}],"is_beta":false,"boss_relics":[{"not_picked":["Runic Dome","Ectoplasm"],"picked":"White Beast Statue"}],"items_purged_floors":[22],"is_endless":false,"potions_floor_spawned":[2,5,7,11,14,18,21],"killed_by":"Centurion and Healer","ascension_level":2}