{"gold_per_floor":[114,129,129,146,161,161,161,196,223,269,269,294,294,318,318,411,411,429,444,105,130,130,130],"floor_reached":23,"playtime":2001,"items_purged":[],"score":338,"play_id":"c1275f68-3a41-466b-8a1b-f5faf8f2b514","local_time":"20190907230707","is_ascension_mode":true,"campfire_choices":[{"data":"Genetic Algorithm","floor":6.0,"key":"SMITH"},{"floor":11.0,"key":"REST"},{"data":"Dualcast","floor":13.0,"key":"SMITH"},{"data":"FTL","floor":15.0,"key":"SMITH"}],"neow_cost":"NONE","seed_source_timestamp":7728796174651,"circlet_count":0,"master_deck":["AscendersBane","Strike_B","Strike_B","Strike_B","Strike_B","Defend_B","Defend_B","Defend_B","Defend_B","Zap+1","Dualcast+1","Undo","Glacier","Sweeping Beam","Genetic Algorithm+1","Rebound","FTL+1","Doom and Gloom","Echo Form","Lockon","Capacitor","Tempest","Auto Shields","Ghostly","Ghostly","Ghostly"],"special_seed":0,"relics":["Cracked Core","NeowsBlessing","Golden Idol","Ancient Tea Set","DataDisk","Juzu Bracelet","Nuclear Battery","Ice Cream"],"potions_floor_usage":[],"damage_taken":[{"damage":0.0,"enemies":"Small Slimes","floor":1.0,"turns":1.0},{"damage":0.0,"enemies":"Cultist","floor":2.0,"turns":1.0},{"damage":0.0,"enemies":"2 Louse","floor":4.0,"turns":1.0},{"damage":5.0,"enemies":"Blue Slaver","floor":5.0,"turns":4.0},{"damage":32.0,"enemies":"Lagavulin","floor":8.0,"turns":11.0},{"damage":0.0,"enemies":"2 Fungi Beasts","floor":12.0,"turns":3.0},{"damage":0.0,"enemies":"Looter","floor":14.0,"turns":3.0},{"damage":11,"enemies":"Hexaghost","floor":16,"turns":8},{"damage":10,"enemies":"Spheric Guardian","floor":18,"turns":6},{"damage":2,"enemies":"Chosen","floor":19,"turns":4},{"damage":14,"enemies":"Snecko","floor":21,"turns":5},{"damage":44,"enemies":"Gremlin Leader","floor":23,"turns":10}],"seed_played":"-7903682491317360687","potions_obtained":[{"floor":4.0,"key":"Strength Potion"},{"floor":5.0,"key":"SteroidPotion"},{"floor":12.0,"key":"Ancient Potion"},{"floor":19,"key":"Regen Potion"},{"floor":21,"key":"Regen Potion"}],"is_trial":false,"path_per_floor":["M","M","?","M","M","R","?","E","T","T","R","M","R","M","R","B",null,"M","M","$","M","?","E"],"character_chosen":"DEFECT","items_purchased":["Ice Cream","Tempest"],"campfire_rested":1,"item_purchase_floors":[20,20],"current_hp_per_floor":[64,64,64,64,59,59,59,27,27,27,46,46,46,46,46,35,57,47,45,45,31,31,0],"gold":130,"neow_bonus":"THREE_ENEMY_KILL","is_prod":false,"is_daily":false,"chose_seed":false,"campfire_upgraded":3,"win_rate":0,"timestamp":1567912027,"path_taken":["M","M","?","?","M","R","?","E","T","?","R","M","R","M","R","BOSS","M","M","$","M","?","E"],"build_version":"2019-07-17","purchased_purges":0,"victory":false,"max_hp_per_floor":[71,71,71,71,71,71,64,64,64,64,64,64,64,64,64,64,64,64,64,64,64,32,32],"card_choices":[{"not_picked":["Turbo","Force Field"],"picked":"Undo","floor":1.0},{"not_picked":["Steam Power","Aggregate"],"picked":"Glacier","floor":2.0},{"not_picked":["Rebound","Glacier"],"picked":"Sweeping Beam","floor":4.0},{"not_picked":["Heatsinks","Double Energy"],"picked":"Genetic Algorithm","floor":5.0},{"not_picked":["Loop","Stack"],"picked":"Rebound","floor":8.0},{"not_picked":["Fusion","Compile Driver"],"picked":"FTL","floor":12.0},{"not_picked":["Darkness","Stack"],"picked":"Doom and Gloom","floor":14.0},{"not_picked":["Electrodynamics","Thunder Strike"],"picked":"Echo Form","floor":16},{"not_picked":["Recycle","Barrage"],"picked":"Lockon","floor":18},{"not_picked":["Auto Shields","Reprogram"],"picked":"Capacitor","floor":19},{"not_picked":["Cold Snap","Leap+1"],"picked":"Auto Shields","floor":21}],"player_experience":1325249,"relics_obtained":[{"floor":8.0,"key":"Ancient Tea Set"},{"floor":9.0,"key":"DataDisk"},{"floor":10.0,"key":"Juzu Bracelet"}],"event_choices":[{"damage_healed":0.0,"max_hp_gain":0.0,"max_hp_loss":0.0,"gold_gain":0.0,"event_name":"Upgrade Shrine","player_choice":"Upgraded","floor":3.0,"gold_loss":0.0,"damage_taken":0.0,"cards_upgraded":["Zap"]},{"damage_healed":0.0,"max_hp_gain":0.0,"max_hp_loss":7.0,"gold_gain":0.0,"event_name":"Golden Idol","player_choice":"Lose Max HP","floor":7.0,"gold_loss":0.0,"damage_taken":0.0,"relics_obtained":["Golden Idol"]},{"damage_healed":0,"gold_gain":0,"player_choice":"Became a Ghost","damage_taken":0,"max_hp_gain":0,"max_hp_loss":32,"event_name":"Ghosts","floor":22,"gold_loss":0,"cards_obtained":["Ghostly","Ghostly","Ghostly"]}],"is_beta":false,"boss_relics":[{"not_picked":["Astrolabe","Tiny House"],"picked":"Nuclear Battery"}],"items_purged_floors":[],"is_endless":false,"potions_floor_spawned":[4,5,12,19,21],"killed_by":"Gremlin Leader","ascension_level":15}