{"gold_per_floor":[117,117,137,100,110,141,141,170,170,170],"floor_reached":10,"playtime":555,"items_purged":[],"score":133,"play_id":"54cac123-1325-4f0b-b3cb-662f77cd6e95","local_time":"20190907222038","is_ascension_mode":true,"campfire_choices":[{"floor":7,"key":"REST"}],"neow_cost":"NONE","seed_source_timestamp":2884494158238,"circlet_count":0,"master_deck":["AscendersBane","Strike_B","Strike_B","Strike_B","Strike_B","Defend_B","Defend_B","Defend_B","Defend_B","Zap","Dualcast","Conserve Battery","Gash","FTL+1","Sunder+1","BootSequence","Gash"],"relics":["Cracked Core","NeowsBlessing","Whetstone","Pocketwatch","Toxic Egg 2"],"potions_floor_usage":[8],"damage_taken":[{"damage":0,"enemies":"Jaw Worm","floor":1,"turns":1},{"damage":0,"enemies":"Cultist","floor":3,"turns":1},{"damage":0,"enemies":"Small Slimes","floor":5,"turns":1},{"damage":49,"enemies":"3 Sentries","floor":6,"turns":13},{"damage":34,"enemies":"Gremlin Nob","floor":8,"turns":4},{"damage":2,"enemies":"Exordium Wildlife","floor":10,"turns":2}],"seed_played":"-8496534166230377984","potions_obtained":[{"floor":2,"key":"FocusPotion"},{"floor":2,"key":"SkillPotion"},{"floor":3,"key":"LiquidBronze"}],"is_trial":false,"path_per_floor":["M","?","M","$","M","E","R","E","T","M"],"character_chosen":"DEFECT","items_purchased":["FTL"],"campfire_rested":1,"item_purchase_floors":[4],"current_hp_per_floor":[64,64,64,64,64,15,36,2,2,0],"gold":170,"neow_bonus":"THREE_ENEMY_KILL","is_prod":false,"is_daily":false,"chose_seed":true,"campfire_upgraded":0,"win_rate":0,"timestamp":1567909238,"path_taken":["M","?","M","?","?","E","R","E","T","M"],"build_version":"2019-07-17","purchased_purges":0,"victory":false,"max_hp_per_floor":[71,71,71,71,71,71,71,71,71,71],"card_choices":[{"not_picked":["Stack","Compile Driver"],"picked":"Conserve Battery","floor":1},{"not_picked":["Leap","Fission"],"picked":"Gash","floor":3},{"not_picked":["Streamline","Capacitor"],"picked":"Sunder","floor":5},{"not_picked":["Compile Driver","Storm"],"picked":"BootSequence","floor":6},{"not_picked":["Recycle","Barrage"],"picked":"Gash","floor":8}],"player_experience":1324694,"relics_obtained":[{"floor":6,"key":"Whetstone"},{"floor":8,"key":"Pocketwatch"},{"floor":9,"key":"Toxic Egg 2"}],"event_choices":[{"damage_healed":0,"gold_gain":0,"player_choice":"Got Potions","damage_taken":0,"max_hp_gain":0,"max_hp_loss":0,"event_name":"Lab","floor":2,"gold_loss":0}],"is_beta":false,"boss_relics":[],"items_purged_floors":[],"is_endless":false,"potions_floor_spawned":[3,5],"killed_by":"Exordium Wildlife","ascension_level":15}