{"gold_per_floor":[117,137,137,29,39,70,70,99,99,109,109,138,157,168,168,241,241,253,253,269,269,2,2,2],"floor_reached":24,"playtime":3869,"items_purged":["Shame"],"score":403,"play_id":"fcdf70a0-153e-43cc-9a22-bfa0cab00b80","local_time":"20190907221019","is_ascension_mode":true,"campfire_choices":[{"floor":7.0,"key":"REST"},{"floor":15.0,"key":"REST"},{"data":"Dualcast","floor":23.0,"key":"SMITH"}],"neow_cost":"NONE","seed_source_timestamp":2884494158238,"circlet_count":0,"master_deck":["AscendersBane","Defend_B","Defend_B","Defend_B","Defend_B","Zap","Dualcast+1","Conserve Battery","Fission","FTL","Sunder+1","Capacitor","BootSequence","Gash","Turbo+1","Parasite","Cold Snap","Scrape","Go for the Eyes","All For One","Hologram+1","Bite","Bite","Bite","Bite","Bite","Defragment+1","Self Repair","Auto Shields+1","Rip and Tear"],"special_seed":0,"relics":["Cracked Core","NeowsBlessing","Whetstone","Pocketwatch","Toxic Egg 2","StoneCalendar","Nuclear Battery","Boot"],"potions_floor_usage":[],"damage_taken":[{"damage":0.0,"enemies":"Jaw Worm","floor":1.0,"turns":1.0},{"damage":0.0,"enemies":"Cultist","floor":2.0,"turns":1.0},{"damage":0.0,"enemies":"Small Slimes","floor":5.0,"turns":1.0},{"damage":53.0,"enemies":"3 Sentries","floor":6.0,"turns":11.0},{"damage":28.0,"enemies":"Gremlin Nob","floor":8.0,"turns":4.0},{"damage":3.0,"enemies":"Exordium Wildlife","floor":10.0,"turns":4.0},{"damage":8.0,"enemies":"Lagavulin","floor":12.0,"turns":4.0},{"damage":0.0,"enemies":"3 Louse","floor":13.0,"turns":3.0},{"damage":0.0,"enemies":"Lots of Slimes","floor":14.0,"turns":3.0},{"damage":2.0,"enemies":"Hexaghost","floor":16.0,"turns":7.0},{"damage":38.0,"enemies":"Shell Parasite","floor":18.0,"turns":6.0},{"damage":19.0,"enemies":"Spheric Guardian","floor":20.0,"turns":4.0},{"damage":22,"enemies":"Book of Stabbing","floor":24,"turns":3}],"seed_played":"-8496534166230377984","potions_obtained":[{"floor":3.0,"key":"SkillPotion"},{"floor":3.0,"key":"AttackPotion"},{"floor":6.0,"key":"AttackPotion"},{"floor":8.0,"key":"Swift Potion"},{"floor":13.0,"key":"FearPotion"},{"floor":14.0,"key":"PowerPotion"},{"floor":16.0,"key":"SteroidPotion"},{"floor":18.0,"key":"FocusPotion"}],"is_trial":false,"path_per_floor":["M","M","?","$","M","E","R","E","T","M","?","E","M","M","R","B",null,"M","?","M","?","$","R","E"],"character_chosen":"DEFECT","items_purchased":["FTL","Sunder","Self Repair","Auto Shields+1","Rip and Tear"],"campfire_rested":2,"item_purchase_floors":[4,4,22,22,22],"current_hp_per_floor":[64,64,64,64,64,11,32,4,4,1,18,10,10,10,31,29,61,23,23,8,8,8,8,0],"gold":2,"neow_bonus":"THREE_ENEMY_KILL","is_prod":false,"is_daily":false,"chose_seed":false,"campfire_upgraded":1,"win_rate":0,"timestamp":1567908619,"path_taken":["M","M","?","?","?","E","R","E","T","M","?","E","M","M","R","BOSS","M","?","M","?","$","R","E"],"build_version":"2019-07-17","purchased_purges":1,"victory":false,"max_hp_per_floor":[71,71,71,71,71,71,71,71,71,71,71,71,71,71,71,71,71,71,49,49,49,49,49,49],"card_choices":[{"not_picked":["Stack","Compile Driver"],"picked":"Conserve Battery","floor":1.0},{"not_picked":["Leap","Gash"],"picked":"Fission","floor":2.0},{"not_picked":["Streamline","Sunder"],"picked":"Capacitor","floor":5.0},{"not_picked":["Compile Driver","Storm"],"picked":"BootSequence","floor":6.0},{"not_picked":["Recycle","Barrage"],"picked":"Gash","floor":8.0},{"not_picked":["Heatsinks","Aggregate+1"],"picked":"Turbo+1","floor":10.0},{"not_picked":["Turbo+1","Blizzard"],"picked":"Cold Snap","floor":12.0},{"not_picked":["Stack+1","Sunder"],"picked":"Scrape","floor":13.0},{"not_picked":["Barrage","Cold Snap"],"picked":"Go for the Eyes","floor":14.0},{"not_picked":["Reboot+1","Biased Cognition"],"picked":"All For One","floor":16.0},{"not_picked":["Streamline","Static Discharge"],"picked":"Hologram+1","floor":18.0},{"not_picked":["Redo+1","Heatsinks"],"picked":"Defragment+1","floor":20.0}],"player_experience":1320825,"relics_obtained":[{"floor":6.0,"key":"Whetstone"},{"floor":8.0,"key":"Pocketwatch"},{"floor":9.0,"key":"Toxic Egg 2"},{"floor":12.0,"key":"StoneCalendar"}],"event_choices":[{"damage_healed":0.0,"max_hp_gain":0.0,"max_hp_loss":0.0,"gold_gain":0.0,"event_name":"Lab","player_choice":"Got Potions","floor":3.0,"gold_loss":0.0,"damage_taken":0.0},{"damage_healed":17.0,"max_hp_gain":0.0,"max_hp_loss":0.0,"gold_gain":0.0,"event_name":"Mushrooms","player_choice":"Healed and dodged fight","floor":11.0,"gold_loss":0.0,"damage_taken":0.0,"cards_obtained":["Parasite"]},{"damage_healed":0.0,"max_hp_gain":0.0,"max_hp_loss":22.0,"gold_gain":0.0,"event_name":"Vampires","player_choice":"Became a vampire","floor":19.0,"gold_loss":0.0,"damage_taken":0.0,"cards_obtained":["Bite","Bite","Bite","Bite","Bite"]},{"damage_healed":0.0,"max_hp_gain":0.0,"max_hp_loss":0.0,"gold_gain":0.0,"event_name":"Addict","player_choice":"Stole Relic","floor":21.0,"gold_loss":0.0,"damage_taken":0.0,"relics_obtained":["Boot"],"cards_obtained":["Shame"]}],"is_beta":false,"boss_relics":[{"not_picked":["Astrolabe","Coffee Dripper"],"picked":"Nuclear Battery"}],"items_purged_floors":[22],"is_endless":false,"potions_floor_spawned":[6,8,13,14,16,18],"killed_by":"Book of Stabbing","ascension_level":15}