{"gold_per_floor":[111,111,36,36,53,85,98,98,98,98,114,147,162,193,193,295,295,308,341,341,360,24,24,53,53,98,108,208,226,253,267,267,368,368,382,382,55,74,74,74,74,74,74,108,108,108,330,347,347,347,347,347,15,49,49],"floor_reached":56,"playtime":8610,"items_purged":["Regret","Strike_G"],"score":1543,"play_id":"1501c3c0-57ca-4d40-94c4-ee7fe3eb3183","local_time":"20190809115044","is_ascension_mode":true,"campfire_choices":[{"floor":8.0,"key":"REST"},{"floor":15.0,"key":"REST"},{"floor":23.0,"key":"REST"},{"floor":25.0,"key":"REST"},{"floor":32.0,"key":"DIG"},{"floor":40.0,"key":"DIG"},{"floor":42.0,"key":"DIG"},{"floor":46.0,"key":"REST"},{"floor":49.0,"key":"RECALL"},{"floor":52.0,"key":"DIG"}],"neow_cost":"TEN_PERCENT_HP_LOSS","seed_source_timestamp":230439198767708,"circlet_count":0,"master_deck":["Strike_G","Strike_G+1","Defend_G","Defend_G","Defend_G","Survivor","Neutralize+1","Sucker Punch","Malaise","Backflip","Footwork+1","After Image","Crippling Poison","Corpse Explosion","Footwork","Heel Hook","Adrenaline","Tactician","Footwork","Storm of Steel","Concentrate","Bandage Up","Adrenaline","Backflip","Finisher+1","Blade Dance+1","Burst","Madness","Madness","Accuracy","Backflip","Panache","Madness","The Bomb","Terror","Caltrops","Blur"],"special_seed":0,"relics":["Ring of the Serpent","Pantograph","Whetstone","Bottled Lightning","Art of War","Shuriken","Fusion Hammer","Red Mask","Meat on the Bone","Singing Bowl","Paper Crane","Shovel","Oddly Smooth Stone","Bag of Preparation","Ninja Scroll","Pear","Blue Candle","Question Card","Ancient Tea Set","Mummified Hand","Medical Kit","Vajra"],"potions_floor_usage":[55,55],"damage_taken":[{"damage":3.0,"enemies":"2 Louse","floor":1.0,"turns":2.0},{"damage":1.0,"enemies":"Small Slimes","floor":5.0,"turns":4.0},{"damage":45.0,"enemies":"3 Sentries","floor":6.0,"turns":13.0},{"damage":0.0,"enemies":"Cultist","floor":7.0,"turns":4.0},{"damage":0.0,"enemies":"Looter","floor":11.0,"turns":4.0},{"damage":39.0,"enemies":"Gremlin Nob","floor":12.0,"turns":9.0},{"damage":0.0,"enemies":"Lots of Slimes","floor":13.0,"turns":1.0},{"damage":2.0,"enemies":"Lagavulin","floor":14.0,"turns":9.0},{"damage":20.0,"enemies":"The Guardian","floor":16.0,"turns":13.0},{"damage":0.0,"enemies":"2 Thieves","floor":18.0,"turns":3.0},{"damage":1.0,"enemies":"Masked Bandits","floor":19.0,"turns":2.0},{"damage":0.0,"enemies":"3 Byrds","floor":21.0,"turns":2.0},{"damage":29.0,"enemies":"Slavers","floor":24.0,"turns":4.0},{"damage":12.0,"enemies":"Centurion and Healer","floor":27.0,"turns":6.0},{"damage":15.0,"enemies":"Colosseum Slavers","floor":28.0,"turns":4.0},{"damage":13.0,"enemies":"Colosseum Nobs","floor":28.0,"turns":5.0},{"damage":16.0,"enemies":"Cultist and Chosen","floor":29.0,"turns":5.0},{"damage":6.0,"enemies":"Gremlin Leader","floor":30.0,"turns":8.0},{"damage":0.0,"enemies":"Chosen and Byrds","floor":31.0,"turns":6.0},{"damage":25.0,"enemies":"Champ","floor":33.0,"turns":13.0},{"damage":8.0,"enemies":"Orb Walker","floor":35.0,"turns":4.0},{"damage":14.0,"enemies":"3 Shapes","floor":38.0,"turns":4.0},{"damage":26.0,"enemies":"Reptomancer","floor":44.0,"turns":7.0},{"damage":15.0,"enemies":"Spire Growth","floor":48.0,"turns":4.0},{"damage":61.0,"enemies":"Awakened One","floor":50.0,"turns":13.0},{"damage":7.0,"enemies":"Shield and Spear","floor":54.0,"turns":4.0},{"damage":45,"enemies":"The Heart","floor":55,"turns":11}],"seed_played":"-1855265343599861838","potions_obtained":[{"floor":5.0,"key":"EssenceOfSteel"},{"floor":6.0,"key":"Regen Potion"},{"floor":13.0,"key":"Explosive Potion"},{"floor":14.0,"key":"EssenceOfSteel"},{"floor":18.0,"key":"Swift Potion"},{"floor":21.0,"key":"Block Potion"},{"floor":27.0,"key":"Weak Potion"},{"floor":29.0,"key":"SkillPotion"},{"floor":31.0,"key":"Fire Potion"},{"floor":35.0,"key":"PowerPotion"},{"floor":48.0,"key":"FearPotion"},{"floor":54.0,"key":"SpeedPotion"}],"is_trial":false,"path_per_floor":["M","?","$","?","M","E","M","R","T","?","M","E","M","E","R","B",null,"M","?","?","M","$","R","E","R","T","M","?","M","E","M","R","B",null,"M","?","$","M","?","R","$","R","T","E","?","R","?","M","R","B",null,"R","$","E","B",null],"character_chosen":"THE_SILENT","items_purchased":["Bandage Up","Meat on the Bone","Accuracy","Ninja Scroll","Caltrops","Medical Kit"],"campfire_rested":5,"item_purchase_floors":[22,22,37,37,53,53],"current_hp_per_floor":[60,60,60,60,59,14,14,32,32,32,32,8,8,6,24,29,55,55,54,54,54,54,63,38,56,56,48,40,40,38,44,44,44,60,58,50,50,40,40,50,50,50,50,42,32,55,55,44,44,24,65,65,65,62,50],"gold":49,"neow_bonus":"TRANSFORM_TWO_CARDS","is_prod":false,"is_daily":false,"chose_seed":false,"campfire_upgraded":0,"win_rate":0,"timestamp":1565365844,"path_taken":["M","?","$","?","M","E","?","R","T","?","M","E","?","E","R","BOSS","M","?","?","?","$","R","E","R","T","?","?","M","E","M","R","BOSS","M","?","$","M","?","R","$","R","T","E","?","R","?","M","R","BOSS","R","$","E","BOSS"],"build_version":"2019-07-17","purchased_purges":2,"victory":true,"max_hp_per_floor":[63,63,63,63,63,63,63,63,63,63,63,63,63,63,63,63,63,63,63,63,63,63,63,63,63,63,63,63,63,63,65,65,65,65,67,67,67,67,67,77,77,77,77,79,79,79,79,79,79,79,79,79,79,79,79],"card_choices":[{"not_picked":["Dodge and Roll","Dagger Throw"],"picked":"Backflip","floor":1.0},{"not_picked":["Underhanded Strike","Deadly Poison"],"picked":"Footwork","floor":5.0},{"not_picked":["Dodge and Roll","Prepared"],"picked":"After Image","floor":6.0},{"not_picked":["Sucker Punch","Blade Dance","Flying Knee"],"picked":"SKIP","floor":7.0},{"not_picked":["Underhanded Strike","Sucker Punch"],"picked":"Crippling Poison","floor":11.0},{"not_picked":["Bane","PiercingWail"],"picked":"Corpse Explosion","floor":12.0},{"not_picked":["Sucker Punch","Expertise"],"picked":"Footwork","floor":13.0},{"not_picked":["Masterful Stab","Eviscerate"],"picked":"Heel Hook","floor":14.0},{"not_picked":["Phantasmal Killer","Corpse Explosion"],"picked":"Adrenaline","floor":16.0},{"not_picked":["Dodge and Roll","Bane"],"picked":"Tactician","floor":18.0},{"not_picked":["Dodge and Roll","Dagger Throw"],"picked":"Footwork","floor":19.0},{"not_picked":["Bane+1","Acrobatics"],"picked":"Concentrate","floor":21.0},{"not_picked":["Flying Knee","Dodge and Roll"],"picked":"Adrenaline","floor":24.0},{"not_picked":["Dagger Throw","Accuracy"],"picked":"Backflip","floor":27.0},{"not_picked":["Poisoned Stab","Quick Slash+1"],"picked":"Finisher+1","floor":28.0},{"not_picked":["Prepared","Cloak And Dagger"],"picked":"Blade Dance+1","floor":29.0},{"not_picked":["Dash","Underhanded Strike"],"picked":"Flechettes","floor":30.0},{"not_picked":["Outmaneuver","Bane","Crippling Poison"],"picked":"Singing Bowl","floor":31.0},{"not_picked":["Tools of the Trade","Night Terror"],"picked":"Burst","floor":33.0},{"not_picked":["Underhanded Strike+1","Sucker Punch+1","Cloak And Dagger"],"picked":"Singing Bowl","floor":35.0},{"not_picked":["Underhanded Strike+1","Deflect+1"],"picked":"Backflip","floor":38.0},{"not_picked":["Slice","Underhanded Strike+1","Deflect","Bane"],"picked":"Singing Bowl","floor":44.0},{"not_picked":["Madness","Jack Of All Trades","Panacea"],"picked":"Panache","floor":45.0},{"not_picked":["Blind","Dark Shackles","Swift Strike"],"picked":"Madness","floor":45.0},{"not_picked":["Violence","Discovery","Dramatic Entrance"],"picked":"The Bomb","floor":45.0},{"not_picked":["Slice","Concentrate","Masterful Stab+1"],"picked":"Terror","floor":48.0},{"not_picked":["Blade Dance","Prepared","Quick Slash+1"],"picked":"Blur","floor":54.0}],"player_experience":1095414,"relics_obtained":[{"floor":6.0,"key":"Whetstone"},{"floor":9.0,"key":"Bottled Lightning"},{"floor":12.0,"key":"Art of War"},{"floor":14.0,"key":"Shuriken"},{"floor":19.0,"key":"Red Mask"},{"floor":24.0,"key":"Singing Bowl"},{"floor":28.0,"key":"Paper Crane"},{"floor":28.0,"key":"Shovel"},{"floor":30.0,"key":"Oddly Smooth Stone"},{"floor":32.0,"key":"Bag of Preparation"},{"floor":40.0,"key":"Pear"},{"floor":42.0,"key":"Blue Candle"},{"floor":43.0,"key":"Question Card"},{"floor":44.0,"key":"Ancient Tea Set"},{"floor":52.0,"key":"Mummified Hand"},{"floor":54.0,"key":"Vajra"}],"event_choices":[{"damage_healed":0.0,"max_hp_gain":0.0,"max_hp_loss":0.0,"gold_gain":0.0,"event_name":"Big Fish","player_choice":"Box","floor":2.0,"gold_loss":0.0,"damage_taken":0.0,"relics_obtained":["Pantograph"],"cards_obtained":["Regret"]},{"cards_removed":["Defend_G"],"damage_healed":0.0,"max_hp_gain":0.0,"max_hp_loss":0.0,"gold_gain":0.0,"event_name":"Purifier","player_choice":"Purged","floor":4.0,"gold_loss":0.0,"damage_taken":0.0},{"damage_healed":0.0,"max_hp_gain":0.0,"max_hp_loss":0.0,"gold_gain":0.0,"event_name":"Upgrade Shrine","player_choice":"Upgraded","floor":10.0,"gold_loss":0.0,"damage_taken":0.0,"cards_upgraded":["Footwork"]},{"damage_healed":0.0,"max_hp_gain":0.0,"max_hp_loss":0.0,"gold_gain":0.0,"event_name":"Masked Bandits","player_choice":"Fought Bandits","floor":19.0,"gold_loss":0.0,"damage_taken":0.0},{"damage_healed":0.0,"max_hp_gain":0.0,"max_hp_loss":0.0,"gold_gain":0.0,"cards_transformed":["Strike_G"],"event_name":"Transmorgrifier","player_choice":"Transformed","floor":20.0,"gold_loss":0.0,"damage_taken":0.0,"cards_obtained":["Storm of Steel"]},{"damage_healed":0.0,"max_hp_gain":0.0,"max_hp_loss":0.0,"gold_gain":0.0,"event_name":"Colosseum","player_choice":"Fight","floor":28.0,"gold_loss":0.0,"damage_taken":0.0},{"damage_healed":0.0,"max_hp_gain":0.0,"max_hp_loss":0.0,"gold_gain":0.0,"event_name":"Colosseum","player_choice":"Fought Nobs","floor":28.0,"gold_loss":0.0,"damage_taken":0.0},{"damage_healed":0.0,"max_hp_gain":0.0,"max_hp_loss":0.0,"gold_gain":0.0,"event_name":"Winding Halls","player_choice":"Embrace Madness","floor":36.0,"gold_loss":0.0,"damage_taken":8.0,"cards_obtained":["Madness","Madness"]},{"cards_removed":["Flechettes"],"damage_healed":0.0,"max_hp_gain":0.0,"max_hp_loss":0.0,"gold_gain":0.0,"event_name":"Falling","player_choice":"Removed Attack","floor":39.0,"gold_loss":0.0,"damage_taken":0.0},{"damage_healed":0.0,"max_hp_gain":0.0,"max_hp_loss":0.0,"gold_gain":0.0,"event_name":"SensoryStone","player_choice":"Memory 3","floor":45.0,"gold_loss":0.0,"damage_taken":10.0},{"damage_healed":0.0,"max_hp_gain":0.0,"max_hp_loss":0.0,"gold_gain":222.0,"event_name":"Tomb of Lord Red Mask","player_choice":"Wore Mask","floor":47.0,"gold_loss":0.0,"damage_taken":0.0}],"is_beta":false,"boss_relics":[{"not_picked":["Runic Pyramid","Calling Bell"],"picked":"Fusion Hammer"},{"not_picked":["White Beast Statue","Cursed Key"],"picked":"Ring of the Serpent"}],"items_purged_floors":[3,53],"is_endless":false,"potions_floor_spawned":[5,6,13,14,18,21,27,29,31,35,48,54],"ascension_level":6}