{"gold_per_floor":[115,190,365,365,92,126,102,137,163,228,242,242,258,271,271,271],"floor_reached":16,"playtime":685,"items_purged":[],"score":182,"play_id":"9112033d-08c1-458f-b490-1072ca678ddf","local_time":"20190608012957","is_ascension_mode":true,"campfire_choices":[{"floor":12.0,"key":"REST"},{"floor":15.0,"key":"REST"}],"neow_cost":"NONE","seed_source_timestamp":0,"circlet_count":0,"master_deck":["Strike_B","Strike_B","Strike_B","Strike_B","Defend_B","Defend_B","Defend_B","Defend_B","Zap","Dualcast","Turbo","Doubt","Loop+1","Biased Cognition+1","Go for the Eyes","Hologram","Heatsinks+1","Steam Power","Tempest","Steam"],"special_seed":0,"relics":["Cracked Core","NeowsBlessing","Blue Candle","Frozen Egg 2","Blood Vial","Vajra","Ancient Tea Set","Symbiotic Virus"],"potions_floor_usage":[16],"damage_taken":[{"damage":0.0,"enemies":"Jaw Worm","floor":1.0,"turns":1.0},{"damage":0.0,"enemies":"Lagavulin","floor":6.0,"turns":1.0},{"damage":0.0,"enemies":"3 Sentries","floor":8.0,"turns":1.0},{"damage":41.0,"enemies":"3 Sentries","floor":10.0,"turns":6.0},{"damage":9.0,"enemies":"2 Louse","floor":11.0,"turns":2.0},{"damage":4.0,"enemies":"Small Slimes","floor":13.0,"turns":2.0},{"damage":26.0,"enemies":"Exordium Thugs","floor":14.0,"turns":4.0},{"damage":41,"enemies":"The Guardian","floor":16,"turns":8}],"seed_played":"3912555708642425056","potions_obtained":[{"floor":10.0,"key":"LiquidBronze"},{"floor":13.0,"key":"FocusPotion"}],"is_trial":false,"path_per_floor":["M","?","?","T","$","E","$","E","T","?","M","R","M","M","R","B"],"character_chosen":"DEFECT","items_purchased":["Frozen Egg 2","Loop+1","Go for the Eyes"],"campfire_rested":2,"item_purchase_floors":[5,5,7],"current_hp_per_floor":[75,64,64,64,64,64,64,66,66,27,20,42,40,16,38,0],"gold":271,"neow_bonus":"THREE_ENEMY_KILL","is_prod":false,"is_daily":false,"chose_seed":false,"campfire_upgraded":0,"win_rate":0,"timestamp":1559982597,"path_taken":["M","?","?","?","$","E","$","E","T","?","?","R","M","M","R","BOSS"],"build_version":"2019-01-23","purchased_purges":0,"victory":false,"max_hp_per_floor":[75,75,75,75,75,75,75,75,75,75,75,75,75,75,75,75],"card_choices":[{"not_picked":["Go for the Eyes","Force Field"],"picked":"Turbo","floor":1.0},{"not_picked":["Coolheaded","Barrage"],"picked":"Biased Cognition+1","floor":6.0},{"not_picked":["Streamline","Coolheaded"],"picked":"Hologram","floor":8.0},{"not_picked":["Ball Lightning","Hologram"],"picked":"Heatsinks+1","floor":10.0},{"not_picked":["Barrage","Ball Lightning"],"picked":"Steam Power","floor":11.0},{"not_picked":["Compile Driver","Barrage"],"picked":"Tempest","floor":13.0},{"not_picked":["Redo","Undo"],"picked":"Steam","floor":14.0}],"player_experience":497189,"relics_obtained":[{"floor":4.0,"key":"Blue Candle"},{"floor":6.0,"key":"Blood Vial"},{"floor":8.0,"key":"Vajra"},{"floor":9.0,"key":"Ancient Tea Set"},{"floor":10.0,"key":"Symbiotic Virus"}],"event_choices":[{"damage_healed":0.0,"max_hp_gain":0.0,"max_hp_loss":0.0,"gold_gain":75.0,"event_name":"World of Goop","player_choice":"Gather Gold","floor":2.0,"gold_loss":0.0,"damage_taken":11.0},{"damage_healed":0.0,"max_hp_gain":0.0,"max_hp_loss":0.0,"gold_gain":175.0,"event_name":"Liars Game","player_choice":"AGREE","floor":3.0,"gold_loss":0.0,"damage_taken":0.0,"cards_obtained":["Doubt"]},{"damage_healed":0.0,"max_hp_gain":0.0,"max_hp_loss":0.0,"gold_gain":0.0,"event_name":"Dead Adventurer","player_choice":"Searched \u00271\u0027 times","floor":10.0,"gold_loss":0.0,"damage_taken":0.0}],"is_beta":false,"boss_relics":[],"items_purged_floors":[],"is_endless":false,"potions_floor_spawned":[10,13],"killed_by":"The Guardian","ascension_level":3}