{"gold_per_floor":[112,15,33,33,33,63,79,79,104,120,120,132,32,48,48,144,144,157,72,82,101,101,136,136,154,154,16,16,29,354,366,366,366],"floor_reached":33,"playtime":2908,"items_purged":["Defend_G","Catalyst"],"score":289,"play_id":"f0bab91e-3e46-459e-b930-5f5d435b3071","local_time":"20191021110514","is_ascension_mode":false,"campfire_choices":[{"data":"Blade Dance","floor":8,"key":"SMITH"},{"data":"Prepared","floor":11,"key":"SMITH"},{"data":"Neutralize","floor":15,"key":"SMITH"},{"floor":24,"key":"REST"},{"data":"Infinite Blades","floor":28,"key":"SMITH"},{"floor":32,"key":"REST"}],"neow_cost":"NONE","seed_source_timestamp":0,"circlet_count":0,"master_deck":["Strike_G","Strike_G","Strike_G+1","Strike_G","Strike_G+1","Defend_G","Defend_G","Defend_G","Defend_G","Survivor","Neutralize+1","Backstab","Prepared+1","Choke","Blade Dance+1","Leg Sweep","PiercingWail","Finisher","Venomology","PiercingWail","Cloak And Dagger","Dagger Spray+1","Infinite Blades+1","Flash of Steel","Caltrops","Accuracy","Backstab","Backstab"],"special_seed":0,"relics":["Ring of the Snake","Dream Catcher","Oddly Smooth Stone","Black Star","Anchor","Letter Opener","Bottled Lightning","Ginger","Old Coin","Nunchaku"],"potions_floor_usage":[16,18,21,23,23,23,23,23,29,30,30,33,33],"damage_taken":[{"damage":0.0,"enemies":"2 Louse","floor":1.0,"turns":2.0},{"damage":0.0,"enemies":"Jaw Worm","floor":3.0,"turns":4.0},{"damage":18,"enemies":"3 Sentries","floor":6,"turns":10},{"damage":0,"enemies":"Small Slimes","floor":7,"turns":3},{"damage":8,"enemies":"Gremlin Gang","floor":10,"turns":3},{"damage":0,"enemies":"2 Fungi Beasts","floor":12,"turns":2},{"damage":0,"enemies":"Red Slaver","floor":14,"turns":1},{"damage":19,"enemies":"Hexaghost","floor":16,"turns":11},{"damage":2,"enemies":"3 Byrds","floor":18,"turns":4},{"damage":18,"enemies":"Spheric Guardian","floor":20,"turns":5},{"damage":22,"enemies":"Centurion and Healer","floor":21,"turns":6},{"damage":21,"enemies":"Gremlin Leader","floor":23,"turns":5},{"damage":2,"enemies":"Cultist and Chosen","floor":25,"turns":6},{"damage":5,"enemies":"Snake Plant","floor":29,"turns":6},{"damage":2,"enemies":"Book of Stabbing","floor":30,"turns":5},{"damage":15,"enemies":"Centurion and Healer","floor":31,"turns":6},{"damage":29,"enemies":"Automaton","floor":33,"turns":5}],"seed_played":"5776532219540455742","potions_obtained":[{"floor":6,"key":"SmokeBomb"},{"floor":7,"key":"Fire Potion"},{"floor":16,"key":"Explosive Potion"},{"floor":20,"key":"Fire Potion"},{"floor":22,"key":"Dexterity Potion"},{"floor":29,"key":"SteroidPotion"},{"floor":30,"key":"SteroidPotion"}],"is_trial":false,"path_per_floor":["M","$","M","?","$","E","M","R","T","M","R","M","$","M","R","B",null,"M","?","M","M","?","E","R","M","T","$","R","M","E","M","R","B"],"character_chosen":"THE_SILENT","items_purchased":["Prepared","Infinite Blades","Flash of Steel"],"campfire_rested":2,"item_purchase_floors":[2,27,27],"current_hp_per_floor":[77,77,77,62,62,44,44,44,44,36,36,36,36,36,36,17,77,75,75,57,35,35,14,37,35,35,35,35,30,28,13,36,7],"gold":366,"neow_bonus":"TEN_PERCENT_HP_BONUS","is_prod":false,"is_daily":false,"chose_seed":false,"campfire_upgraded":4,"win_rate":0.0,"timestamp":1571670314,"path_taken":["M","$","M","?","$","E","M","R","T","M","R","M","$","M","R","BOSS","M","?","M","M","?","E","R","M","T","$","R","?","E","M","R","BOSS"],"build_version":"2019-07-17","purchased_purges":2,"victory":false,"max_hp_per_floor":[77,77,77,77,77,77,77,77,77,77,77,77,77,77,77,77,77,77,77,77,77,77,77,77,77,77,77,77,77,77,77,77,77],"card_choices":[{"not_picked":["Prepared","Reflex"],"picked":"Backstab","floor":1.0},{"not_picked":["Heel Hook","Quick Slash"],"picked":"Catalyst","floor":3.0},{"not_picked":["Poisoned Stab","Phantasmal Killer"],"picked":"Choke","floor":6},{"not_picked":["Flying Knee","Crippling Poison"],"picked":"Blade Dance","floor":7},{"not_picked":["Deadly Poison","Reflex"],"picked":"Leg Sweep","floor":10},{"not_picked":["Prepared","Dagger Spray"],"picked":"PiercingWail","floor":12},{"not_picked":["Underhanded Strike","Dash"],"picked":"Finisher","floor":14},{"not_picked":["Corpse Explosion","Storm of Steel"],"picked":"Venomology","floor":16},{"not_picked":["Flying Knee","Flechettes"],"picked":"PiercingWail","floor":18},{"not_picked":["Quick Slash","Dagger Spray","Dodge and Roll"],"picked":"SKIP","floor":20},{"not_picked":["Bane","Dodge and Roll"],"picked":"Cloak And Dagger","floor":21},{"not_picked":["Masterful Stab+1","Expertise"],"picked":"Dagger Spray+1","floor":23},{"not_picked":["Cloak And Dagger","Backflip","Underhanded Strike"],"picked":"SKIP","floor":25},{"not_picked":["Corpse Explosion","Quick Slash"],"picked":"Caltrops","floor":29},{"not_picked":["Endless Agony","Deflect+1"],"picked":"Accuracy","floor":30},{"not_picked":["Bouncing Flask","Endless Agony"],"picked":"Backstab","floor":31},{"not_picked":["Dodge and Roll+1","Phantasmal Killer"],"picked":"Backstab","floor":32}],"player_experience":38402,"relics_obtained":[{"floor":6,"key":"Dream Catcher"},{"floor":9,"key":"Oddly Smooth Stone"},{"floor":23,"key":"Letter Opener"},{"floor":23,"key":"Bottled Lightning"},{"floor":26,"key":"Ginger"},{"floor":30,"key":"Old Coin"},{"floor":30,"key":"Nunchaku"}],"event_choices":[{"damage_healed":0.0,"max_hp_gain":0.0,"max_hp_loss":0.0,"gold_gain":0.0,"event_name":"Shining Light","player_choice":"Entered Light","floor":4.0,"gold_loss":0.0,"damage_taken":15.0,"cards_upgraded":["Strike_G","Strike_G"]},{"damage_healed":0,"gold_gain":0,"player_choice":"Obtained Relic","damage_taken":0,"relics_obtained":["Anchor"],"max_hp_gain":0,"max_hp_loss":0,"event_name":"Addict","floor":19,"gold_loss":85},{"damage_healed":0,"gold_gain":0,"player_choice":"Got Potions","damage_taken":0,"max_hp_gain":0,"max_hp_loss":0,"event_name":"Lab","floor":22,"gold_loss":0}],"is_beta":false,"boss_relics":[{"not_picked":["Astrolabe","Orrery"],"picked":"Black Star"}],"items_purged_floors":[2,13],"is_endless":false,"potions_floor_spawned":[6,7,16,20,29,30],"killed_by":"Automaton","ascension_level":0}