{"gold_per_floor":[366,167,186,186,196,196,211,211,211,211,225,175,175,75,75,173,173,189,189,189,223,240,240,267,118,190,190,65,83,118,133,133,231,231,245,245,40,59,69,69,96,96,149,182,32,32,32,32,32,32],"floor_reached":51,"playtime":5287,"items_purged":["Strike_R","Strike_R","Strike_R","Thunderclap"],"score":704,"play_id":"286c24b8-ccfc-4937-b9f7-9a2c6b2c7f2b","local_time":"20190801141905","is_ascension_mode":false,"campfire_choices":[{"data":"Armaments","floor":6.0,"key":"SMITH"},{"data":"Searing Blow","floor":8.0,"key":"SMITH"},{"floor":15.0,"key":"REST"},{"data":"Searing Blow+1","floor":23.0,"key":"SMITH"},{"data":"Searing Blow+2","floor":27.0,"key":"SMITH"},{"floor":32.0,"key":"REST"},{"data":"Searing Blow+3","floor":40.0,"key":"SMITH"},{"data":"Searing Blow+4","floor":42,"key":"SMITH"},{"data":"Searing Blow+5","floor":46,"key":"SMITH"},{"data":"Searing Blow+6","floor":49,"key":"SMITH"}],"neow_cost":"PERCENT_DAMAGE","seed_source_timestamp":0,"circlet_count":0,"master_deck":["Bash","Searing Blow+7","Armaments+1","Armaments+1","Fiend Fire+1","Thunderclap+1","Battle Trance+1"],"special_seed":0,"relics":["Burning Blood","Blood Vial","Runic Pyramid","Red Mask","Paper Frog","Happy Flower","Pantograph","Letter Opener","Astrolabe","Medical Kit","Incense Burner","War Paint","Mercury Hourglass"],"potions_floor_usage":[41,50],"damage_taken":[{"damage":1.0,"enemies":"Cultist","floor":1.0,"turns":3.0},{"damage":12.0,"enemies":"Small Slimes","floor":3.0,"turns":3.0},{"damage":7.0,"enemies":"2 Louse","floor":5.0,"turns":2.0},{"damage":25.0,"enemies":"Large Slime","floor":7.0,"turns":6.0},{"damage":13.0,"enemies":"Exordium Wildlife","floor":11.0,"turns":3.0},{"damage":51.0,"enemies":"The Guardian","floor":16.0,"turns":15.0},{"damage":22.0,"enemies":"3 Byrds","floor":18.0,"turns":6.0},{"damage":48.0,"enemies":"Masked Bandits","floor":21.0,"turns":5.0},{"damage":1.0,"enemies":"Chosen","floor":22.0,"turns":4.0},{"damage":26.0,"enemies":"Gremlin Leader","floor":24.0,"turns":5.0},{"damage":0.0,"enemies":"Snake Plant","floor":29.0,"turns":2.0},{"damage":21.0,"enemies":"Slavers","floor":30.0,"turns":4.0},{"damage":19.0,"enemies":"Sentry and Sphere","floor":31.0,"turns":4.0},{"damage":23.0,"enemies":"Champ","floor":33.0,"turns":6.0},{"damage":2.0,"enemies":"Orb Walker","floor":35.0,"turns":2.0},{"damage":26.0,"enemies":"3 Darklings","floor":38.0,"turns":3.0},{"damage":27.0,"enemies":"Maw","floor":39.0,"turns":6.0},{"damage":3,"enemies":"Giant Head","floor":41,"turns":5},{"damage":53,"enemies":"Nemesis","floor":44,"turns":5},{"damage":30,"enemies":"Donu and Deca","floor":50,"turns":4}],"seed_played":"-2531159133519575338","potions_obtained":[{"floor":3.0,"key":"Regen Potion"},{"floor":5.0,"key":"SteroidPotion"},{"floor":7.0,"key":"PowerPotion"},{"floor":18.0,"key":"Dexterity Potion"},{"floor":22.0,"key":"EssenceOfSteel"},{"floor":24.0,"key":"Fire Potion"},{"floor":33.0,"key":"PowerPotion"},{"floor":36.0,"key":"BloodPotion"},{"floor":36.0,"key":"LiquidBronze"},{"floor":39.0,"key":"EssenceOfSteel"}],"is_trial":false,"path_per_floor":["M","$","M","?","M","R","M","R","T","?","M","?","T","$","R","B",null,"M","?","?","?","M","R","E","$","T","R","$","M","E","M","R","B",null,"M","?","$","M","M","R","E","R","T","E","$","R","?","$","R","B",null],"character_chosen":"IRONCLAD","items_purchased":["Searing Blow","Thunderclap","Happy Flower","Medical Kit"],"campfire_rested":2,"item_purchase_floors":[2,2,25,37],"current_hp_per_floor":[61,61,55,48,47,47,28,28,28,28,23,23,23,23,47,19,80,64,64,80,38,45,45,27,27,27,27,27,35,22,11,35,45,80,80,80,80,60,41,41,66,66,66,21,21,21,21,21,21,24],"gold":32,"neow_bonus":"TWO_FIFTY_GOLD","is_prod":false,"is_daily":false,"chose_seed":false,"campfire_upgraded":8,"win_rate":0,"timestamp":1564683545,"path_taken":["M","$","?","?","M","R","M","R","T","?","M","?","?","$","R","BOSS","M","?","?","?","M","R","E","$","T","R","$","M","E","M","R","BOSS","M","?","?","M","?","R","E","R","T","E","$","R","?","$","R","BOSS"],"build_version":"2019-07-17","purchased_purges":4,"victory":true,"max_hp_per_floor":[80,80,80,80,80,80,80,80,80,80,80,80,80,80,80,80,80,80,80,80,80,80,80,80,80,80,80,80,80,80,80,80,80,80,80,80,80,80,80,80,80,80,80,80,80,80,80,80,80,80],"card_choices":[{"not_picked":["Havoc","Flex","Rupture"],"picked":"SKIP","floor":1.0},{"not_picked":["Uppercut","Entrench"],"picked":"Armaments","floor":3.0},{"not_picked":["Heavy Blade","Rupture"],"picked":"Armaments","floor":5.0},{"not_picked":["Pommel Strike","Heavy Blade","Combust"],"picked":"SKIP","floor":7.0},{"not_picked":["Clothesline","Bludgeon","Havoc"],"picked":"SKIP","floor":11.0},{"not_picked":["Anger+1","Inflame+1","Rage"],"picked":"SKIP","floor":18.0},{"not_picked":["Body Slam","Reckless Charge","Clash"],"picked":"SKIP","floor":22.0},{"not_picked":["Shrug It Off","Warcry","Bludgeon"],"picked":"SKIP","floor":24.0},{"not_picked":["Twin Strike","Second Wind+1","Shockwave"],"picked":"SKIP","floor":29.0},{"not_picked":["Havoc","Sword Boomerang","Heavy Blade"],"picked":"SKIP","floor":30.0},{"not_picked":["Body Slam","Shrug It Off+1","Rampage+1"],"picked":"SKIP","floor":31.0},{"not_picked":["Feel No Pain","Intimidate","Warcry"],"picked":"SKIP","floor":35.0},{"not_picked":["Inflame+1","Twin Strike","Anger"],"picked":"SKIP","floor":38.0},{"not_picked":["Headbutt+1","Clothesline","Carnage"],"picked":"SKIP","floor":39.0},{"not_picked":["Clash+1","Iron Wave","Whirlwind"],"picked":"SKIP","floor":41},{"not_picked":["Pommel Strike","Ghostly Armor","Anger+1"],"picked":"SKIP","floor":44}],"player_experience":1048585,"relics_obtained":[{"floor":9.0,"key":"Blood Vial"},{"floor":21.0,"key":"Red Mask"},{"floor":24.0,"key":"Paper Frog"},{"floor":26.0,"key":"Pantograph"},{"floor":30.0,"key":"Letter Opener"},{"floor":41,"key":"Incense Burner"},{"floor":43,"key":"War Paint"},{"floor":44,"key":"Mercury Hourglass"}],"event_choices":[{"cards_removed":["Defend_R"],"damage_healed":0.0,"max_hp_gain":0.0,"max_hp_loss":0.0,"gold_gain":0.0,"event_name":"Golden Wing","player_choice":"Card Removal","floor":4.0,"gold_loss":0.0,"damage_taken":7.0},{"cards_removed":["Strike_R"],"damage_healed":0.0,"max_hp_gain":0.0,"max_hp_loss":0.0,"gold_gain":0.0,"event_name":"Living Wall","player_choice":"Forget","floor":10.0,"gold_loss":0.0,"damage_taken":0.0},{"cards_removed":["Defend_R"],"damage_healed":0.0,"max_hp_gain":0.0,"max_hp_loss":0.0,"gold_gain":0.0,"event_name":"The Cleric","player_choice":"Card Removal","floor":12.0,"gold_loss":50.0,"damage_taken":0.0},{"damage_healed":0.0,"max_hp_gain":0.0,"max_hp_loss":0.0,"gold_gain":0.0,"event_name":"Vampires","player_choice":"Ignored","floor":19.0,"gold_loss":0.0,"damage_taken":0.0},{"damage_healed":26.0,"max_hp_gain":0.0,"max_hp_loss":0.0,"gold_gain":0.0,"event_name":"The Library","player_choice":"Heal","floor":20.0,"gold_loss":0.0,"damage_taken":0.0},{"damage_healed":0.0,"max_hp_gain":0.0,"max_hp_loss":0.0,"gold_gain":0.0,"event_name":"Masked Bandits","player_choice":"Fought Bandits","floor":21.0,"gold_loss":0.0,"damage_taken":0.0},{"damage_healed":0.0,"max_hp_gain":0.0,"max_hp_loss":0.0,"gold_gain":0.0,"event_name":"Lab","player_choice":"Got Potions","floor":36.0,"gold_loss":0.0,"damage_taken":0.0},{"damage_healed":0,"gold_gain":0,"player_choice":"Memory 1","damage_taken":0,"max_hp_gain":0,"max_hp_loss":0,"event_name":"SensoryStone","floor":47,"gold_loss":0}],"is_beta":false,"boss_relics":[{"not_picked":["Cursed Key","Ectoplasm"],"picked":"Runic Pyramid"},{"not_picked":["Mark of Pain","Runic Cube"],"picked":"Astrolabe"}],"items_purged_floors":[2,14,28,45],"is_endless":false,"potions_floor_spawned":[3,5,7,18,22,24,33,39],"ascension_level":0}