{"gold_per_floor":[115,134,134,134,57,57,87,106,106,136,156,156,185,185,185,281,281,292,292,308,322,338,338,369,384,411,411,411,446,465,476,476,581,581,596,613,667,218,218,218,218,252,275,275,275,255,255,265,265,265,265,265,4,39,39],"floor_reached":55,"playtime":10898,"items_purged":["Normality"],"score":966,"play_id":"beb4371e-978b-4da5-bdc1-b093e2695397","local_time":"20190617194333","is_ascension_mode":true,"campfire_choices":[{"data":"Zap","floor":6.0,"key":"SMITH"},{"data":"Recycle","floor":12.0,"key":"SMITH"},{"floor":15.0,"key":"REST"},{"data":"Strike_B","floor":23.0,"key":"PURGE"},{"floor":28.0,"key":"REST"},{"data":"Fission","floor":32.0,"key":"SMITH"},{"data":"Seek","floor":40.0,"key":"SMITH"},{"data":"Redo","floor":41.0,"key":"SMITH"},{"data":"Decay","floor":44.0,"key":"PURGE"},{"data":"Injury","floor":47.0,"key":"PURGE"},{"floor":49.0,"key":"RECALL"},{"data":"Capacitor","floor":52.0,"key":"SMITH"}],"neow_cost":"NONE","seed_source_timestamp":0,"circlet_count":0,"master_deck":["Strike_B+1","Strike_B+1","Strike_B+1","Defend_B+1","Defend_B+1","Defend_B+1","Defend_B+1","Zap+1","Dualcast+1","Conserve Battery","Turbo","Scrape","Steam","Scrape+1","Redo+1","Recycle+1","All For One","Seek+1","Glacier","Stack","Capacitor+1","Chill","Go for the Eyes","Fission+1","Redo+1","Scrape","Echo Form","Turbo+1","Redo+1","Meteor Strike","Gash","Forethought","BootSequence","Rebound+1","Glacier+1","Chrysalis","Flash of Steel","Reprogram+1"],"special_seed":0,"relics":["Cracked Core","NeowsBlessing","Letter Opener","Peace Pipe","Bag of Preparation","Dodecahedron","Calipers","Eternal Feather","Symbiotic Virus","Oddly Smooth Stone","Pear","Calling Bell","Pen Nib","Darkstone Periapt","StoneCalendar","WingedGreaves","DataDisk","Centennial Puzzle","Ginger"],"potions_floor_usage":[55],"damage_taken":[{"damage":0.0,"enemies":"2 Louse","floor":1.0,"turns":1.0},{"damage":0.0,"enemies":"Jaw Worm","floor":2.0,"turns":1.0},{"damage":0.0,"enemies":"3 Sentries","floor":7.0,"turns":1.0},{"damage":0.0,"enemies":"Small Slimes","floor":8.0,"turns":2.0},{"damage":14.0,"enemies":"Gremlin Nob","floor":10.0,"turns":3.0},{"damage":0.0,"enemies":"Blue Slaver","floor":11.0,"turns":2.0},{"damage":29.0,"enemies":"Lagavulin","floor":13.0,"turns":4.0},{"damage":29.0,"enemies":"Hexaghost","floor":16.0,"turns":9.0},{"damage":0.0,"enemies":"Chosen","floor":18.0,"turns":2.0},{"damage":0.0,"enemies":"Spheric Guardian","floor":20.0,"turns":1.0},{"damage":12.0,"enemies":"Shelled Parasite and Fungi","floor":21.0,"turns":3.0},{"damage":5.0,"enemies":"Chosen and Byrds","floor":22.0,"turns":4.0},{"damage":55.0,"enemies":"Slavers","floor":24.0,"turns":6.0},{"damage":6.0,"enemies":"Snecko","floor":25.0,"turns":4.0},{"damage":11.0,"enemies":"Book of Stabbing","floor":29.0,"turns":5.0},{"damage":0.0,"enemies":"Sentry and Sphere","floor":30.0,"turns":4.0},{"damage":0.0,"enemies":"3 Cultists","floor":31.0,"turns":4.0},{"damage":8.0,"enemies":"Champ","floor":33.0,"turns":13.0},{"damage":7.0,"enemies":"3 Darklings","floor":35.0,"turns":6.0},{"damage":14.0,"enemies":"3 Shapes","floor":36.0,"turns":5.0},{"damage":40.0,"enemies":"2 Orb Walkers","floor":37.0,"turns":7.0},{"damage":43.0,"enemies":"Nemesis","floor":42.0,"turns":7.0},{"damage":0.0,"enemies":"3 Darklings","floor":48.0,"turns":3.0},{"damage":40.0,"enemies":"Awakened One","floor":50.0,"turns":21.0},{"damage":42.0,"enemies":"Shield and Spear","floor":54.0,"turns":7.0},{"damage":43,"enemies":"The Heart","floor":55,"turns":5}],"seed_played":"5398944731479198408","potions_obtained":[{"floor":7.0,"key":"FocusPotion"},{"floor":11.0,"key":"FearPotion"},{"floor":16.0,"key":"Swift Potion"},{"floor":18.0,"key":"Regen Potion"},{"floor":19.0,"key":"Dexterity Potion"},{"floor":29.0,"key":"SkillPotion"},{"floor":35.0,"key":"Energy Potion"},{"floor":36.0,"key":"SkillPotion"},{"floor":37.0,"key":"Dexterity Potion"},{"floor":46.0,"key":"EssenceOfSteel"},{"floor":54.0,"key":"EssenceOfSteel"}],"is_trial":false,"path_per_floor":["M","M","?","?","$","R","E","M","T","E","M","R","E","?","R","B",null,"M","?","M","M","M","R","E","M","T","?","R","E","M","M","R","B",null,"M","M","?","$","?","R","R","E","T","R","?","?","R","M","R","B",null,"R","$","E","B"],"character_chosen":"DEFECT","items_purchased":["Scrape","DataDisk","Gash","Forethought","BootSequence","Chrysalis","Flash of Steel"],"campfire_rested":2,"item_purchase_floors":[5,38,38,38,38,53,53],"current_hp_per_floor":[75,75,72,72,72,72,72,72,72,58,58,58,29,14,36,7,58,58,58,58,55,50,62,7,1,1,1,35,34,34,34,49,41,74,67,53,13,13,13,34,55,12,12,33,33,33,54,54,75,35,73,85,85,43,0],"gold":39,"neow_bonus":"THREE_ENEMY_KILL","is_prod":false,"is_daily":false,"chose_seed":false,"campfire_upgraded":6,"win_rate":0,"timestamp":1560825813,"path_taken":["M","M","?","?","$","R","E","M","T","E","M","R","E","?","R","BOSS","M","?","?","M","M","R","E","M","T","?","R","E","M","M","R","BOSS","M","M","?","$","?","R","R","E","T","R","?","?","R","?","R","BOSS","R","$","E","BOSS"],"build_version":"2019-01-23","purchased_purges":1,"victory":false,"max_hp_per_floor":[75,75,75,75,75,75,75,75,75,75,75,75,75,75,75,75,75,75,75,75,75,75,75,75,75,75,75,75,85,85,85,85,85,85,85,85,85,85,85,85,85,85,85,85,85,85,85,85,85,85,85,85,85,85,85],"card_choices":[{"not_picked":["Beam Cell","Hologram"],"picked":"Conserve Battery","floor":1.0},{"not_picked":["Beam Cell","FTL"],"picked":"Turbo","floor":2.0},{"not_picked":["Ball Lightning","Consume"],"picked":"Steam","floor":7.0},{"not_picked":["Storm","Self Repair"],"picked":"Scrape","floor":8.0},{"not_picked":["Conserve Battery","Recycle"],"picked":"Redo","floor":10.0},{"not_picked":["Redo","Streamline"],"picked":"Recycle","floor":11.0},{"not_picked":["Double Energy","Rebound"],"picked":"All For One","floor":13.0},{"not_picked":["Hyperbeam","Thunder Strike"],"picked":"Seek","floor":16.0},{"not_picked":["Heatsinks","Aggregate"],"picked":"Glacier","floor":18.0},{"not_picked":["Streamline","Leap"],"picked":"Stack","floor":20.0},{"not_picked":["Sweeping Beam","Streamline+1","Compile Driver"],"picked":"SKIP","floor":21.0},{"not_picked":["Go for the Eyes","Streamline+1"],"picked":"Capacitor","floor":22.0},{"not_picked":["Blizzard","Static Discharge"],"picked":"Chill","floor":24.0},{"not_picked":["Barrage","Static Discharge+1"],"picked":"Go for the Eyes","floor":25.0},{"not_picked":["Compile Driver+1","FTL"],"picked":"Fission","floor":29.0},{"not_picked":["Chill","Stack"],"picked":"Redo+1","floor":30.0},{"not_picked":["Chill","Hologram"],"picked":"Scrape","floor":31.0},{"not_picked":["Creative AI","Thunder Strike"],"picked":"Echo Form","floor":33.0},{"not_picked":["Chaos","Rebound"],"picked":"Turbo+1","floor":35.0},{"not_picked":["Compile Driver+1","Barrage"],"picked":"Redo","floor":36.0},{"not_picked":["Rebound","Turbo+1"],"picked":"Meteor Strike","floor":37.0},{"not_picked":["Stack+1","Barrage"],"picked":"Rebound+1","floor":42.0},{"not_picked":["Cold Snap+1","Rebound+1"],"picked":"Glacier+1","floor":48.0},{"not_picked":["Cold Snap+1","BootSequence"],"picked":"Reprogram+1","floor":54.0}],"player_experience":649862,"relics_obtained":[{"floor":7.0,"key":"Peace Pipe"},{"floor":9.0,"key":"Bag of Preparation"},{"floor":10.0,"key":"Dodecahedron"},{"floor":13.0,"key":"Calipers"},{"floor":24.0,"key":"Symbiotic Virus"},{"floor":26.0,"key":"Oddly Smooth Stone"},{"floor":29.0,"key":"Pear"},{"floor":34.0,"key":"Pen Nib"},{"floor":34.0,"key":"Darkstone Periapt"},{"floor":34.0,"key":"StoneCalendar"},{"floor":37.0,"key":"WingedGreaves"},{"floor":42.0,"key":"Centennial Puzzle"},{"floor":54.0,"key":"Ginger"}],"event_choices":[{"damage_healed":0.0,"max_hp_gain":0.0,"max_hp_loss":0.0,"gold_gain":0.0,"event_name":"Scrap Ooze","player_choice":"Success","floor":3.0,"gold_loss":0.0,"damage_taken":3.0,"relics_obtained":["Letter Opener"]},{"damage_healed":0.0,"max_hp_gain":0.0,"max_hp_loss":0.0,"gold_gain":0.0,"event_name":"Living Wall","player_choice":"Grow","floor":4.0,"gold_loss":0.0,"damage_taken":0.0,"cards_upgraded":["Dualcast"]},{"damage_healed":0.0,"max_hp_gain":0.0,"max_hp_loss":0.0,"gold_gain":0.0,"event_name":"Shining Light","player_choice":"Entered Light","floor":14.0,"gold_loss":0.0,"damage_taken":15.0,"cards_upgraded":["Scrape","Redo"]},{"damage_healed":0.0,"max_hp_gain":0.0,"max_hp_loss":0.0,"gold_gain":0.0,"event_name":"Lab","player_choice":"Got Potions","floor":19.0,"gold_loss":0.0,"damage_taken":0.0},{"damage_healed":0.0,"max_hp_gain":0.0,"max_hp_loss":0.0,"gold_gain":0.0,"event_name":"Back to Basics","player_choice":"Simplicity","floor":27.0,"gold_loss":0.0,"damage_taken":0.0,"cards_upgraded":["Strike_B","Strike_B","Strike_B","Defend_B","Defend_B","Defend_B","Defend_B"]},{"damage_healed":0.0,"max_hp_gain":0.0,"max_hp_loss":0.0,"gold_gain":0.0,"event_name":"Mysterious Sphere","player_choice":"Fight","floor":37.0,"gold_loss":0.0,"damage_taken":0.0},{"damage_healed":0.0,"max_hp_gain":0.0,"max_hp_loss":0.0,"gold_gain":0.0,"event_name":"Tomb of Lord Red Mask","player_choice":"Ignored","floor":39.0,"gold_loss":0.0,"damage_taken":0.0},{"damage_healed":0.0,"max_hp_gain":0.0,"max_hp_loss":0.0,"gold_gain":0.0,"event_name":"The Moai Head","player_choice":"Ignored","floor":45.0,"gold_loss":0.0,"damage_taken":0.0},{"damage_healed":0.0,"max_hp_gain":0.0,"max_hp_loss":0.0,"gold_gain":0.0,"event_name":"The Woman in Blue","player_choice":"Bought 1 Potion","floor":46.0,"gold_loss":0.0,"damage_taken":0.0}],"is_beta":false,"boss_relics":[{"not_picked":["Nuclear Battery","Runic Pyramid"],"picked":"Eternal Feather"},{"not_picked":["Fusion Hammer","Lizard Tail"],"picked":"Calling Bell"}],"items_purged_floors":[38],"is_endless":false,"potions_floor_spawned":[7,11,16,18,20,29,35,36,37,48,54],"killed_by":"The Heart","ascension_level":5}