{"gold_per_floor":[365,365,365,2,14,14,39,39,39,39,74,74,89,109,109,207,207,223,223,189,189,42,42,76,76,76,109,119,149,169,202,202,301,301,319,332,432,37,83,110,110,122,122,122,82,95,95,129,129,129,129,129,2,32,32],"floor_reached":56,"playtime":7575,"items_purged":["Pain","Strike_B"],"score":1752,"play_id":"381bdd91-58c6-4094-8fab-ebcd4713ad24","local_time":"20190721210057","is_ascension_mode":true,"campfire_choices":[{"floor":6.0,"key":"REST"},{"data":"Mind Blast","floor":8.0,"key":"SMITH"},{"floor":10.0,"key":"REST"},{"data":"Recycle","floor":12.0,"key":"SMITH"},{"data":"Reprogram","floor":15.0,"key":"SMITH"},{"data":"RitualDagger","floor":23.0,"key":"SMITH"},{"data":"Defragment","floor":25.0,"key":"SMITH"},{"floor":32.0,"key":"REST"},{"data":"Turbo","floor":41.0,"key":"SMITH"},{"data":"Reboot","floor":44.0,"key":"SMITH"},{"floor":47.0,"key":"REST"},{"floor":49.0,"key":"RECALL"},{"data":"Madness","floor":52.0,"key":"SMITH"}],"neow_cost":"PERCENT_DAMAGE","seed_source_timestamp":0,"circlet_count":0,"master_deck":["Strike_B+1","Strike_B","Strike_B+1","Defend_B","Defend_B","Defend_B","Defend_B","Zap","Dualcast+1","Auto Shields","Gash","Mind Blast+1","Force Field","Reprogram+1","Recycle+1","Glacier","Gash","All For One","White Noise","RitualDagger+1","FTL","Defragment+1","Core Surge","Steam","Coolheaded+1","Turbo+1","All For One+1","BootSequence","Reboot+1","Redo+1","Melter+1","Go for the Eyes+1","Madness+1","Hologram+1","Conserve Battery","Double Energy+1","Self Repair+1","Coolheaded+1","Seek","Compile Driver"],"special_seed":0,"relics":["Cracked Core","WarpedTongs","Blood Vial","Lantern","Symbiotic Virus","Unceasing Top","Runic Pyramid","Matryoshka","Juzu Bracelet","Mercury Hourglass","Dead Branch","Art of War","Ornamental Fan","Inserter","Turnip","Runic Capacitor","Emotion Chip","Dodecahedron","Whetstone","The Courier","Bottled Lightning"],"potions_floor_usage":[54],"damage_taken":[{"damage":6.0,"enemies":"Jaw Worm","floor":1.0,"turns":6.0},{"damage":5.0,"enemies":"Small Slimes","floor":5.0,"turns":3.0},{"damage":3.0,"enemies":"Gremlin Nob","floor":7.0,"turns":3.0},{"damage":17.0,"enemies":"Lagavulin","floor":11.0,"turns":6.0},{"damage":0.0,"enemies":"Cultist","floor":13.0,"turns":2.0},{"damage":6.0,"enemies":"Looter","floor":14.0,"turns":2.0},{"damage":3.0,"enemies":"Slime Boss","floor":16.0,"turns":8.0},{"damage":0.0,"enemies":"Chosen","floor":18.0,"turns":3.0},{"damage":10.0,"enemies":"Gremlin Leader","floor":24.0,"turns":5.0},{"damage":40.0,"enemies":"Book of Stabbing","floor":27.0,"turns":4.0},{"damage":3.0,"enemies":"Shell Parasite","floor":28.0,"turns":3.0},{"damage":0.0,"enemies":"Slavers","floor":29.0,"turns":4.0},{"damage":0.0,"enemies":"Centurion and Healer","floor":30.0,"turns":2.0},{"damage":3.0,"enemies":"Book of Stabbing","floor":31.0,"turns":5.0},{"damage":12.0,"enemies":"Automaton","floor":33.0,"turns":11.0},{"damage":0.0,"enemies":"Orb Walker","floor":35.0,"turns":2.0},{"damage":2.0,"enemies":"3 Darklings","floor":36.0,"turns":3.0},{"damage":0.0,"enemies":"Mind Bloom Boss Battle","floor":37.0,"turns":4.0},{"damage":15.0,"enemies":"2 Orb Walkers","floor":39.0,"turns":4.0},{"damage":12.0,"enemies":"Reptomancer","floor":40.0,"turns":3.0},{"damage":0.0,"enemies":"Sphere and 2 Shapes","floor":42.0,"turns":4.0},{"damage":0.0,"enemies":"Maw","floor":46.0,"turns":5.0},{"damage":29.0,"enemies":"Nemesis","floor":48.0,"turns":3.0},{"damage":3.0,"enemies":"Awakened One","floor":50.0,"turns":10.0},{"damage":1,"enemies":"Shield and Spear","floor":54,"turns":3},{"damage":64,"enemies":"The Heart","floor":55,"turns":8}],"seed_played":"-5503026911666103084","potions_obtained":[{"floor":1.0,"key":"SkillPotion"},{"floor":5.0,"key":"FearPotion"},{"floor":14.0,"key":"Explosive Potion"},{"floor":27.0,"key":"FearPotion"},{"floor":30.0,"key":"FearPotion"},{"floor":33.0,"key":"AttackPotion"},{"floor":35.0,"key":"Regen Potion"},{"floor":37.0,"key":"FearPotion"},{"floor":45.0,"key":"Regen Potion"},{"floor":45.0,"key":"AttackPotion"}],"is_trial":false,"path_per_floor":["M","?","?","$","M","R","E","R","T","R","E","R","M","M","R","B",null,"M","?","$","?","$","R","E","R","T","E","M","E","M","E","R","B",null,"M","M","?","$","?","E","R","M","T","R","?","M","R","E","R","B",null,"R","$","E","B",null],"character_chosen":"DEFECT","items_purchased":["Gash","Mind Blast","Blood Vial","FTL","Defragment","Core Surge","Runic Capacitor","Madness","Seek"],"campfire_rested":4,"item_purchase_floors":[4,4,4,20,22,22,38,38,53],"current_hp_per_floor":[44,29,29,29,26,48,47,47,47,69,54,54,56,52,52,51,69,71,65,65,51,51,51,43,43,43,5,4,6,8,7,31,21,65,67,67,69,69,65,55,55,57,57,57,57,59,80,51,51,75,79,79,79,80,26],"gold":32,"neow_bonus":"TWO_FIFTY_GOLD","is_prod":false,"is_daily":false,"chose_seed":false,"campfire_upgraded":8,"win_rate":0,"timestamp":1563757257,"path_taken":["M","?","?","$","?","R","E","R","T","R","E","R","M","M","R","BOSS","M","?","$","?","$","R","E","R","T","E","M","E","M","E","R","BOSS","M","M","?","$","?","E","R","M","T","R","?","M","R","E","R","BOSS","R","$","E","BOSS"],"build_version":"2019-07-17","purchased_purges":2,"victory":true,"max_hp_per_floor":[75,75,75,75,75,75,75,75,75,75,75,75,75,75,75,75,75,75,75,75,80,80,80,80,80,80,80,80,80,80,80,80,80,80,80,80,80,80,80,80,80,80,80,80,80,80,80,80,80,80,80,80,80,80,80],"card_choices":[{"not_picked":["Tempest","Beam Cell"],"picked":"Auto Shields","floor":1.0},{"not_picked":["Compile Driver","Rip and Tear"],"picked":"Force Field","floor":5.0},{"not_picked":["Doom and Gloom","FTL"],"picked":"Reprogram","floor":7.0},{"not_picked":["Rebound","FTL"],"picked":"Recycle","floor":11.0},{"not_picked":["Hologram","Streamline"],"picked":"Glacier","floor":13.0},{"not_picked":["Chill","Barrage"],"picked":"Gash","floor":14.0},{"not_picked":["Multi-Cast","Amplify"],"picked":"All For One","floor":16.0},{"not_picked":["Steam+1","Rip and Tear"],"picked":"White Noise","floor":18.0},{"not_picked":["Ball Lightning","Cold Snap+1"],"picked":"Steam","floor":24.0},{"not_picked":["Compile Driver+1","Force Field"],"picked":"Coolheaded+1","floor":27.0},{"not_picked":["Leap+1","Rebound+1"],"picked":"Turbo","floor":28.0},{"not_picked":["Sweeping Beam","Double Energy"],"picked":"All For One","floor":29.0},{"not_picked":["Hologram","Conserve Battery+1"],"picked":"BootSequence","floor":30.0},{"not_picked":["Chaos","Thunder Strike","Fusion"],"picked":"SKIP","floor":31.0},{"not_picked":["Multi-Cast","Core Surge"],"picked":"Reboot","floor":33.0},{"not_picked":["FTL","Rebound+1"],"picked":"Redo+1","floor":35.0},{"not_picked":["Lockon","Rebound"],"picked":"Melter+1","floor":36.0},{"not_picked":["Cold Snap+1","Coolheaded+1"],"picked":"Go for the Eyes+1","floor":37.0},{"not_picked":["Barrage+1","Leap+1"],"picked":"Hologram+1","floor":39.0},{"not_picked":["Sweeping Beam","Ball Lightning"],"picked":"Conserve Battery","floor":40.0},{"not_picked":["Machine Learning","Sweeping Beam"],"picked":"Double Energy+1","floor":42.0},{"not_picked":["Redo","White Noise+1"],"picked":"Self Repair+1","floor":46.0},{"not_picked":["Doom and Gloom+1","Glacier+1"],"picked":"Coolheaded+1","floor":48.0},{"not_picked":["Go for the Eyes","Rip and Tear"],"picked":"Compile Driver","floor":54}],"player_experience":1008346,"relics_obtained":[{"floor":7.0,"key":"Lantern"},{"floor":9.0,"key":"Symbiotic Virus"},{"floor":11.0,"key":"Unceasing Top"},{"floor":24.0,"key":"Matryoshka"},{"floor":26.0,"key":"Juzu Bracelet"},{"floor":26.0,"key":"Mercury Hourglass"},{"floor":27.0,"key":"Dead Branch"},{"floor":29.0,"key":"Art of War"},{"floor":31.0,"key":"Ornamental Fan"},{"floor":37.0,"key":"Turnip"},{"floor":39.0,"key":"Emotion Chip"},{"floor":40.0,"key":"Dodecahedron"},{"floor":43.0,"key":"Whetstone"},{"floor":48.0,"key":"The Courier"},{"floor":54,"key":"Bottled Lightning"}],"event_choices":[{"damage_healed":0.0,"max_hp_gain":0.0,"max_hp_loss":0.0,"gold_gain":0.0,"event_name":"Shining Light","player_choice":"Entered Light","floor":2.0,"gold_loss":0.0,"damage_taken":15.0,"cards_upgraded":["Strike_B","Dualcast"]},{"damage_healed":0.0,"max_hp_gain":0.0,"max_hp_loss":0.0,"gold_gain":0.0,"event_name":"Accursed Blacksmith","player_choice":"Rummage","floor":3.0,"gold_loss":0.0,"damage_taken":0.0,"relics_obtained":["WarpedTongs"],"cards_obtained":["Pain"]},{"damage_healed":0.0,"max_hp_gain":0.0,"max_hp_loss":0.0,"gold_gain":0.0,"event_name":"Nest","player_choice":"Joined the Cult","floor":19.0,"gold_loss":0.0,"damage_taken":6.0,"cards_obtained":["RitualDagger"]},{"damage_healed":0.0,"max_hp_gain":5.0,"max_hp_loss":0.0,"gold_gain":0.0,"event_name":"Forgotten Altar","player_choice":"Shed Blood","floor":21.0,"gold_loss":0.0,"damage_taken":19.0},{"damage_healed":0.0,"max_hp_gain":0.0,"max_hp_loss":0.0,"gold_gain":0.0,"event_name":"MindBloom","player_choice":"Fight","floor":37.0,"gold_loss":0.0,"damage_taken":0.0},{"damage_healed":0.0,"max_hp_gain":0.0,"max_hp_loss":0.0,"gold_gain":0.0,"event_name":"Mysterious Sphere","player_choice":"Fight","floor":39.0,"gold_loss":0.0,"damage_taken":0.0},{"damage_healed":0.0,"max_hp_gain":0.0,"max_hp_loss":0.0,"gold_gain":0.0,"event_name":"The Woman in Blue","player_choice":"Bought 3 Potions","floor":45.0,"gold_loss":0.0,"damage_taken":0.0}],"is_beta":false,"boss_relics":[{"not_picked":["Calling Bell","White Beast Statue"],"picked":"Runic Pyramid"},{"not_picked":["Empty Cage","Fusion Hammer"],"picked":"Inserter"}],"items_purged_floors":[4,38],"is_endless":false,"potions_floor_spawned":[1,5,14,27,30,33,35,37,48],"ascension_level":8}