{"gold_per_floor":[112,112,112,112,112,143,143,172,197,225,16,191,209,244,244,344,344,356,356,31,31,31,31,57,57,57,74,74,93,93,105,105,204,204,222,222,119,119,119,119,130,160,185,212,5,18,18],"floor_reached":47,"playtime":8364,"items_purged":["Regret"],"score":733,"play_id":"7dde7423-8040-405f-baa1-1c12ea4dadcf","local_time":"20190602231034","is_ascension_mode":true,"campfire_choices":[{"floor":7.0,"key":"DIG"},{"floor":15.0,"key":"REST"},{"floor":23.0,"key":"DIG"},{"floor":25.0,"key":"DIG"},{"floor":30.0,"key":"DIG"},{"floor":32.0,"key":"DIG"},{"floor":40.0,"key":"DIG"}],"neow_cost":"NONE","seed_source_timestamp":0,"circlet_count":0,"master_deck":["Defend_G","Defend_G","Defend_G","Defend_G","Defend_G","Survivor","Neutralize+1","Cloak And Dagger","All Out Attack","Wraith Form v2","Escape Plan+1","Deadly Poison+1","Setup+1","Doubt","Backflip+1","Backflip+1","Corpse Explosion+1","Flechettes+1","Reflex+1","PiercingWail+1","Dodge and Roll+1","A Thousand Cuts","Bite","Bite+1","Bite","Bite","Bite","Apotheosis+1","Acrobatics+1","Caltrops","Leg Sweep+1","Necronomicurse","Dagger Spray+1","Backflip+1","Crippling Poison+1","Calculated Gamble+1","A Thousand Cuts+1","Setup+1","Madness+1","Madness+1","Choke","Noxious Fumes+1","Magnetism+1","Thinking Ahead+1","Secret Weapon+1","Noxious Fumes+1","Tools of the Trade+1","Footwork+1","Underhanded Strike","Expertise+1","Underhanded Strike"],"special_seed":0,"relics":["Ring of the Snake","NeowsBlessing","Pantograph","Vajra","Shovel","Potion Belt","Toxic Egg 2","Singing Bowl","Orrery","Necronomicon","Darkstone Periapt","Boot","Whetstone","Frozen Egg 2","Mummified Hand","Happy Flower","Philosopher\u0027s Stone","Art of War","Ninja Scroll","Juzu Bracelet","Anchor"],"potions_floor_usage":[47],"damage_taken":[{"damage":0.0,"enemies":"Cultist","floor":1.0,"turns":1.0},{"damage":0.0,"enemies":"Lagavulin","floor":6.0,"turns":1.0},{"damage":0.0,"enemies":"3 Sentries","floor":8.0,"turns":1.0},{"damage":2.0,"enemies":"Gremlin Nob","floor":10.0,"turns":5.0},{"damage":2.0,"enemies":"Small Slimes","floor":13.0,"turns":2.0},{"damage":4.0,"enemies":"3 Sentries","floor":14.0,"turns":7.0},{"damage":22.0,"enemies":"The Guardian","floor":16.0,"turns":12.0},{"damage":5.0,"enemies":"Chosen","floor":18.0,"turns":5.0},{"damage":34.0,"enemies":"Gremlin Leader","floor":24.0,"turns":9.0},{"damage":2.0,"enemies":"Shell Parasite","floor":27.0,"turns":6.0},{"damage":15.0,"enemies":"Centurion and Healer","floor":29.0,"turns":8.0},{"damage":8.0,"enemies":"Chosen and Byrds","floor":31.0,"turns":7.0},{"damage":44.0,"enemies":"Champ","floor":33.0,"turns":17.0},{"damage":0.0,"enemies":"3 Darklings","floor":35.0,"turns":3.0},{"damage":6.0,"enemies":"3 Shapes","floor":41.0,"turns":2.0},{"damage":44.0,"enemies":"Giant Head","floor":42.0,"turns":7.0},{"damage":23.0,"enemies":"Nemesis","floor":44.0,"turns":5.0},{"damage":28.0,"enemies":"Maw","floor":46.0,"turns":5.0},{"damage":25,"enemies":"Transient","floor":47,"turns":3}],"seed_played":"8055222893919801141","potions_obtained":[{"floor":8.0,"key":"Swift Potion"},{"floor":13.0,"key":"AttackPotion"},{"floor":14.0,"key":"Swift Potion"},{"floor":16.0,"key":"EssenceOfSteel"},{"floor":18.0,"key":"Swift Potion"},{"floor":24.0,"key":"Ancient Potion"},{"floor":31.0,"key":"Ancient Potion"},{"floor":41.0,"key":"PowerPotion"},{"floor":44.0,"key":"LiquidBronze"}],"is_trial":false,"path_per_floor":["M","?","?","?","?","E","R","E","T","E","$","?","M","E","R","B",null,"M","?","$","?","?","R","E","R","T","M","?","M","R","M","R","B",null,"M","?","$","?","?","R","M","E","T","E","$","M","M"],"character_chosen":"THE_SILENT","items_purchased":["Deadly Poison+1","Setup+1","Apotheosis+1","Acrobatics+1","Caltrops","Leg Sweep+1","Choke","Noxious Fumes+1","Underhanded Strike","Regen Potion","Expertise+1"],"campfire_rested":1,"item_purchase_floors":[11,11,20,20,20,20,37,37,45,45,45],"current_hp_per_floor":[70,70,70,45,31,31,31,31,31,29,29,29,27,23,44,48,72,67,67,67,51,51,51,34,34,34,46,33,35,35,41,41,52,77,77,67,67,57,57,57,53,28,28,10,10,5,0],"gold":18,"neow_bonus":"THREE_ENEMY_KILL","is_prod":false,"is_daily":false,"chose_seed":false,"campfire_upgraded":0,"win_rate":0,"timestamp":1559542234,"path_taken":["M","?","?","?","?","E","R","E","T","E","$","?","M","E","R","BOSS","M","?","$","?","?","R","E","R","T","?","?","M","R","M","R","BOSS","M","?","$","?","?","R","M","E","T","E","?","M","M"],"build_version":"2019-01-23","purchased_purges":1,"victory":false,"max_hp_per_floor":[70,70,70,70,70,70,70,70,70,70,70,70,70,70,70,70,72,72,72,72,72,72,72,72,72,72,72,77,77,77,77,77,77,77,77,77,77,77,77,77,77,77,77,77,77,77,77],"card_choices":[{"not_picked":["Bane","Poisoned Stab"],"picked":"Cloak And Dagger","floor":1.0},{"not_picked":["Flying Knee","Finisher"],"picked":"All Out Attack","floor":6.0},{"not_picked":["PiercingWail","Blade Dance"],"picked":"Wraith Form v2","floor":8.0},{"not_picked":["Catalyst+1","Concentrate+1"],"picked":"Escape Plan+1","floor":10.0},{"not_picked":["Prepared+1","Deflect+1"],"picked":"Backflip+1","floor":13.0},{"not_picked":["Poisoned Stab","Flechettes"],"picked":"Backflip+1","floor":14.0},{"not_picked":["Adrenaline+1","Storm of Steel+1"],"picked":"Corpse Explosion+1","floor":16.0},{"not_picked":["Flying Knee","Underhanded Strike"],"picked":"Flechettes","floor":17.0},{"not_picked":["Poisoned Stab","Underhanded Strike"],"picked":"Reflex+1","floor":17.0},{"not_picked":["Endless Agony","Slice"],"picked":"PiercingWail+1","floor":17.0},{"not_picked":["Blade Dance+1","Quick Slash","Flying Knee"],"picked":"Singing Bowl","floor":17.0},{"not_picked":["PiercingWail+1","Outmaneuver+1"],"picked":"Dodge and Roll+1","floor":17.0},{"not_picked":["Slice","Reflex+1"],"picked":"A Thousand Cuts","floor":18.0},{"not_picked":["Leg Sweep+1","Slice"],"picked":"Dagger Spray+1","floor":24.0},{"not_picked":["Flying Knee","Infinite Blades+1"],"picked":"Backflip+1","floor":27.0},{"not_picked":["Sucker Punch","Cloak And Dagger+1"],"picked":"Crippling Poison+1","floor":29.0},{"not_picked":["Dodge and Roll+1","Leg Sweep+1"],"picked":"Calculated Gamble+1","floor":31.0},{"not_picked":["Malaise+1","Glass Knife"],"picked":"A Thousand Cuts+1","floor":33.0},{"not_picked":["Terror+1","Outmaneuver+1"],"picked":"Setup+1","floor":35.0},{"not_picked":["Mayhem+1","PanicButton+1"],"picked":"Magnetism+1","floor":38.0},{"not_picked":["Madness+1","Jack Of All Trades+1"],"picked":"Thinking Ahead+1","floor":38.0},{"not_picked":["Transmutation+1","Swift Strike"],"picked":"Secret Weapon+1","floor":38.0},{"not_picked":["PiercingWail+1","Prepared+1"],"picked":"Noxious Fumes+1","floor":41.0},{"not_picked":["Dagger Spray","Cloak And Dagger+1"],"picked":"Tools of the Trade+1","floor":42.0},{"not_picked":["Flechettes","All Out Attack"],"picked":"Footwork+1","floor":44.0},{"not_picked":["Distraction+1","Dodge and Roll+1"],"picked":"Underhanded Strike","floor":46.0}],"player_experience":346845,"relics_obtained":[{"floor":6.0,"key":"Shovel"},{"floor":7.0,"key":"Potion Belt"},{"floor":8.0,"key":"Toxic Egg 2"},{"floor":10.0,"key":"Singing Bowl"},{"floor":14.0,"key":"Blood Vial"},{"floor":21.0,"key":"Necronomicon"},{"floor":23.0,"key":"Darkstone Periapt"},{"floor":24.0,"key":"Boot"},{"floor":25.0,"key":"Whetstone"},{"floor":26.0,"key":"Frozen Egg 2"},{"floor":30.0,"key":"Mummified Hand"},{"floor":32.0,"key":"Happy Flower"},{"floor":40.0,"key":"Art of War"},{"floor":42.0,"key":"Ninja Scroll"},{"floor":43.0,"key":"Juzu Bracelet"},{"floor":44.0,"key":"Anchor"}],"event_choices":[{"damage_healed":0.0,"max_hp_gain":0.0,"max_hp_loss":0.0,"gold_gain":0.0,"event_name":"Living Wall","player_choice":"Grow","floor":2.0,"gold_loss":0.0,"damage_taken":0.0,"cards_upgraded":["Neutralize"]},{"damage_healed":0.0,"max_hp_gain":0.0,"max_hp_loss":0.0,"gold_gain":0.0,"event_name":"Big Fish","player_choice":"Box","floor":3.0,"gold_loss":0.0,"damage_taken":0.0,"relics_obtained":["Pantograph"],"cards_obtained":["Regret"]},{"damage_healed":0.0,"max_hp_gain":0.0,"max_hp_loss":0.0,"gold_gain":0.0,"event_name":"Scrap Ooze","player_choice":"Success","floor":4.0,"gold_loss":0.0,"damage_taken":25.0,"relics_obtained":["Vajra"]},{"damage_healed":0.0,"max_hp_gain":0.0,"max_hp_loss":0.0,"gold_gain":0.0,"event_name":"Shining Light","player_choice":"Entered Light","floor":5.0,"gold_loss":0.0,"damage_taken":14.0,"cards_upgraded":["Strike_G","Strike_G"]},{"damage_healed":0.0,"max_hp_gain":0.0,"max_hp_loss":0.0,"gold_gain":175.0,"event_name":"Liars Game","player_choice":"AGREE","floor":12.0,"gold_loss":0.0,"damage_taken":0.0,"cards_obtained":["Doubt"]},{"damage_healed":0.0,"max_hp_gain":0.0,"max_hp_loss":0.0,"gold_gain":0.0,"event_name":"Vampires","player_choice":"Became a vampire (Vial)","floor":19.0,"relics_lost":["Blood Vial"],"gold_loss":0.0,"damage_taken":0.0,"cards_obtained":["Bite","Bite","Bite","Bite","Bite"]},{"damage_healed":0.0,"max_hp_gain":0.0,"max_hp_loss":0.0,"gold_gain":0.0,"event_name":"Cursed Tome","player_choice":"Obtained Book","floor":21.0,"gold_loss":0.0,"damage_taken":16.0},{"damage_healed":0.0,"max_hp_gain":0.0,"max_hp_loss":0.0,"gold_gain":0.0,"event_name":"Beggar","player_choice":"Ignored","floor":22.0,"gold_loss":0.0,"damage_taken":0.0},{"damage_healed":0.0,"max_hp_gain":5.0,"max_hp_loss":0.0,"gold_gain":0.0,"event_name":"Forgotten Altar","player_choice":"Shed Blood","floor":28.0,"gold_loss":0.0,"damage_taken":18.0},{"damage_healed":0.0,"max_hp_gain":0.0,"max_hp_loss":0.0,"gold_gain":0.0,"event_name":"Winding Halls","player_choice":"Embrace Madness","floor":36.0,"gold_loss":0.0,"damage_taken":10.0,"cards_obtained":["Madness","Madness"]},{"damage_healed":0.0,"max_hp_gain":0.0,"max_hp_loss":0.0,"gold_gain":0.0,"event_name":"SensoryStone","player_choice":"Memory 3","floor":38.0,"gold_loss":0.0,"damage_taken":10.0},{"damage_healed":0.0,"max_hp_gain":0.0,"max_hp_loss":0.0,"gold_gain":0.0,"event_name":"Tomb of Lord Red Mask","player_choice":"Ignored","floor":39.0,"gold_loss":0.0,"damage_taken":0.0}],"is_beta":false,"boss_relics":[{"not_picked":["Astrolabe","Calling Bell"],"picked":"Orrery"},{"not_picked":["Sozu","Eternal Feather"],"picked":"Philosopher\u0027s Stone"}],"items_purged_floors":[11],"is_endless":false,"potions_floor_spawned":[8,13,14,16,18,24,31,41,44],"killed_by":"Transient","ascension_level":2}