{"gold_per_floor":[113,132,156,59,69,100,100,135,182,207,220,220,233,248,248,325,325,336,352,362,31,31],"floor_reached":22,"playtime":1809,"items_purged":["Strike_B"],"score":364,"play_id":"8eeb0759-75f1-423f-91eb-a9b3e4e44d98","local_time":"20190909084331","is_ascension_mode":true,"campfire_choices":[{"data":"Zap","floor":7.0,"key":"SMITH"},{"floor":12.0,"key":"REST"},{"floor":15.0,"key":"REST"}],"neow_cost":"NONE","seed_source_timestamp":128797264648429,"circlet_count":0,"master_deck":["AscendersBane","Strike_B","Strike_B","Strike_B","Defend_B","Defend_B","Defend_B","Defend_B","Zap+1","Dualcast","Coolheaded","Lockon","Hologram","Go for the Eyes","Static Discharge","Capacitor","Capacitor","Consume","Tempest","White Noise","Electrodynamics","FTL","BootSequence","Aggregate","Go for the Eyes"],"special_seed":0,"relics":["Cracked Core","Bag of Marbles","Darkstone Periapt","Pear","Bag of Preparation","Centennial Puzzle","White Beast Statue","Nunchaku"],"potions_floor_usage":[22],"damage_taken":[{"damage":1.0,"enemies":"Cultist","floor":1.0,"turns":3.0},{"damage":8.0,"enemies":"2 Louse","floor":2.0,"turns":3.0},{"damage":10.0,"enemies":"Jaw Worm","floor":5.0,"turns":3.0},{"damage":19.0,"enemies":"3 Sentries","floor":6.0,"turns":9.0},{"damage":23.0,"enemies":"Gremlin Nob","floor":8.0,"turns":4.0},{"damage":14.0,"enemies":"3 Sentries","floor":10.0,"turns":6.0},{"damage":4.0,"enemies":"Looter","floor":11.0,"turns":3.0},{"damage":6.0,"enemies":"Large Slime","floor":13.0,"turns":4.0},{"damage":0.0,"enemies":"2 Fungi Beasts","floor":14.0,"turns":3.0},{"damage":31.0,"enemies":"Hexaghost","floor":16.0,"turns":8.0},{"damage":13.0,"enemies":"Spheric Guardian","floor":18.0,"turns":4.0},{"damage":14.0,"enemies":"Shell Parasite","floor":19.0,"turns":5.0},{"damage":22.0,"enemies":"Shelled Parasite and Fungi","floor":20.0,"turns":4.0},{"damage":28,"enemies":"Snecko","floor":22,"turns":6}],"seed_played":"-868973491746815363","potions_obtained":[{"floor":5.0,"key":"Fire Potion"},{"floor":6.0,"key":"FearPotion"},{"floor":13.0,"key":"Fire Potion"},{"floor":18.0,"key":"PowerPotion"},{"floor":19.0,"key":"EssenceOfSteel"},{"floor":20.0,"key":"EssenceOfSteel"}],"is_trial":false,"path_per_floor":["M","M","T","$","M","E","R","E","T","E","M","R","M","M","R","B",null,"M","M","M","$","M"],"character_chosen":"DEFECT","items_purchased":["Hologram","Nunchaku","Go for the Eyes"],"campfire_rested":2,"item_purchase_floors":[4,21,21],"current_hp_per_floor":[70,62,62,62,52,33,33,20,20,6,2,28,22,22,48,17,70,57,43,21,21,0],"gold":31,"neow_bonus":"TEN_PERCENT_HP_BONUS","is_prod":false,"is_daily":false,"chose_seed":false,"campfire_upgraded":1,"win_rate":0,"timestamp":1568033011,"path_taken":["M","M","?","$","M","E","R","E","T","E","M","R","?","M","R","BOSS","M","?","M","$","M"],"build_version":"2019-07-17","purchased_purges":1,"victory":false,"max_hp_per_floor":[78,78,78,78,78,78,78,88,88,88,88,88,88,88,88,88,88,88,88,88,88,88],"card_choices":[{"not_picked":["Stack","Loop"],"picked":"Coolheaded","floor":1.0},{"not_picked":["Chaos","Sweeping Beam"],"picked":"Lockon","floor":2.0},{"not_picked":["Chill","Heatsinks"],"picked":"Go for the Eyes","floor":5.0},{"not_picked":["Aggregate","Rebound"],"picked":"Static Discharge","floor":6.0},{"not_picked":["Chaos","Reprogram"],"picked":"Capacitor","floor":8.0},{"not_picked":["Scrape","Turbo"],"picked":"Capacitor","floor":10.0},{"not_picked":["Genetic Algorithm","Cold Snap"],"picked":"Consume","floor":11.0},{"not_picked":["Melter","Undo"],"picked":"Tempest","floor":13.0},{"not_picked":["Redo","Gash"],"picked":"White Noise","floor":14.0},{"not_picked":["Machine Learning","Core Surge"],"picked":"Electrodynamics","floor":16.0},{"not_picked":["Ball Lightning","Go for the Eyes"],"picked":"FTL","floor":18.0},{"not_picked":["Steam Power","Lockon"],"picked":"BootSequence","floor":19.0},{"not_picked":["Coolheaded","Cold Snap"],"picked":"Aggregate","floor":20.0}],"player_experience":1343464,"relics_obtained":[{"floor":3.0,"key":"Bag of Marbles"},{"floor":6.0,"key":"Darkstone Periapt"},{"floor":8.0,"key":"Pear"},{"floor":9.0,"key":"Bag of Preparation"},{"floor":10.0,"key":"Centennial Puzzle"}],"event_choices":[],"is_beta":false,"boss_relics":[{"not_picked":["Empty Cage","Fusion Hammer"],"picked":"White Beast Statue"}],"items_purged_floors":[4],"is_endless":false,"potions_floor_spawned":[5,6,8,13,18,19,20],"killed_by":"Snecko","ascension_level":15}