{"gold_per_floor":[119,119,119,119,133,160,213,213,237,253,267,267,286,297,297,395,395,407,407,407,420,431,431,457,492,492,492,510,510,70,103,103,202,202,215,215,1,16,62,62,95,195,219,30,30,30,62,79,79,79,79,79,27,55,55],"floor_reached":55,"playtime":7317,"items_purged":[],"score":921,"play_id":"b1dd083a-a23f-4457-8add-4c25b4d93a28","local_time":"20190611172712","is_ascension_mode":true,"campfire_choices":[{"data":"Redo","floor":8.0,"key":"SMITH"},{"floor":12.0,"key":"REST"},{"data":"Dualcast","floor":15.0,"key":"SMITH"},{"data":"White Noise","floor":23.0,"key":"SMITH"},{"floor":27.0,"key":"REST"},{"floor":29.0,"key":"REST"},{"floor":32.0,"key":"REST"},{"floor":40.0,"key":"REST"},{"floor":49.0,"key":"RECALL"},{"data":"Metamorphosis","floor":52.0,"key":"SMITH"}],"neow_cost":"NONE","seed_source_timestamp":0,"circlet_count":0,"master_deck":["Strike_B+1","Defend_B","Defend_B","Defend_B","Zap","Dualcast+1","Coolheaded+1","Heatsinks","Steam","Redo+1","Sweeping Beam","Capacitor","White Noise+1","Leap","Scrape","Echo Form","Beam Cell+1","Static Discharge+1","Barrage+1","Blizzard","J.A.X.","Skim+1","Heatsinks","Scrape","Consume+1","Go for the Eyes+1","Gash+1","Reinforced Body","Turbo","Capacitor","Core Surge+1","Biased Cognition","Force Field","All For One+1","Double Energy+1","All For One+1","Steam","Go for the Eyes+1","Gash+1","Chill+1","Parasite","Turbo","Scrape+1","Good Instincts","Bandage Up","Metamorphosis+1","Sadistic Nature","Madness","Madness","Aggregate+1","Turbo+1","Coolheaded+1"],"special_seed":0,"relics":["Cracked Core","PreservedInsect","Anchor","Vajra","Dream Catcher","Astrolabe","Blood Vial","Red Mask","Molten Egg 2","Singing Bowl","Juzu Bracelet","Cursed Key","Calipers","Darkstone Periapt","StoneCalendar","Orichalcum","Strawberry"],"potions_floor_usage":[],"damage_taken":[{"damage":4.0,"enemies":"2 Louse","floor":1.0,"turns":3.0},{"damage":8.0,"enemies":"Small Slimes","floor":5.0,"turns":3.0},{"damage":37.0,"enemies":"Lagavulin","floor":6.0,"turns":9.0},{"damage":0.0,"enemies":"Jaw Worm","floor":10.0,"turns":3.0},{"damage":0.0,"enemies":"3 Louse","floor":11.0,"turns":2.0},{"damage":0.0,"enemies":"2 Fungi Beasts","floor":13.0,"turns":2.0},{"damage":0.0,"enemies":"Large Slime","floor":14.0,"turns":5.0},{"damage":19.0,"enemies":"Hexaghost","floor":16.0,"turns":13.0},{"damage":0.0,"enemies":"Chosen","floor":18.0,"turns":4.0},{"damage":17.0,"enemies":"3 Byrds","floor":21.0,"turns":4.0},{"damage":13.0,"enemies":"3 Cultists","floor":22.0,"turns":4.0},{"damage":22.0,"enemies":"Slavers","floor":24.0,"turns":3.0},{"damage":17.0,"enemies":"Masked Bandits","floor":25.0,"turns":4.0},{"damage":14.0,"enemies":"Shelled Parasite and Fungi","floor":28.0,"turns":6.0},{"damage":33.0,"enemies":"Book of Stabbing","floor":31.0,"turns":5.0},{"damage":23.0,"enemies":"Collector","floor":33.0,"turns":11.0},{"damage":9.0,"enemies":"Orb Walker","floor":35.0,"turns":3.0},{"damage":4.0,"enemies":"3 Shapes","floor":38.0,"turns":3.0},{"damage":24.0,"enemies":"2 Orb Walkers","floor":39.0,"turns":3.0},{"damage":13.0,"enemies":"Nemesis","floor":41.0,"turns":3.0},{"damage":0.0,"enemies":"Mind Bloom Boss Battle","floor":42.0,"turns":6.0},{"damage":8.0,"enemies":"Reptomancer","floor":47.0,"turns":6.0},{"damage":18.0,"enemies":"3 Darklings","floor":48.0,"turns":5.0},{"damage":30.0,"enemies":"Donu and Deca","floor":50.0,"turns":7.0},{"damage":23.0,"enemies":"Shield and Spear","floor":54.0,"turns":6.0},{"damage":72,"enemies":"The Heart","floor":55,"turns":5}],"seed_played":"109291332915993","potions_obtained":[{"floor":5.0,"key":"Fire Potion"},{"floor":6.0,"key":"Fire Potion"},{"floor":13.0,"key":"PowerPotion"},{"floor":24.0,"key":"Fire Potion"},{"floor":25.0,"key":"Fire Potion"},{"floor":33.0,"key":"Explosive Potion"},{"floor":35.0,"key":"Swift Potion"},{"floor":38.0,"key":"Energy Potion"},{"floor":42.0,"key":"AttackPotion"},{"floor":47.0,"key":"FocusPotion"},{"floor":48.0,"key":"FocusPotion"}],"is_trial":false,"path_per_floor":["M","?","?","?","M","E","T","R","T","M","M","R","M","M","R","B",null,"M","?","?","M","M","R","E","?","T","R","M","R","$","E","R","B",null,"M","?","$","M","?","R","E","?","T","$","?","?","E","M","R","B",null,"R","$","E","B"],"character_chosen":"DEFECT","items_purchased":["Turbo","Capacitor","Core Surge+1","Singing Bowl","All For One+1","Steam","Turbo","Scrape+1","Good Instincts","Block Potion"],"campfire_rested":5,"item_purchase_floors":[30,30,30,30,37,37,44,44,44,53],"current_hp_per_floor":[71,71,71,56,48,11,11,11,11,11,11,33,33,33,33,14,75,75,75,75,58,45,45,23,8,8,30,18,40,40,9,31,10,75,66,66,66,64,44,67,58,60,66,66,56,45,47,31,31,7,85,85,85,69,0],"gold":55,"neow_bonus":"THREE_CARDS","is_prod":false,"is_daily":false,"chose_seed":false,"campfire_upgraded":4,"win_rate":0,"timestamp":1560299232,"path_taken":["M","?","?","?","M","E","?","R","T","M","M","R","?","M","R","BOSS","M","?","?","M","M","R","E","?","T","R","?","R","$","E","R","BOSS","M","?","$","M","?","R","E","?","T","$","?","?","E","M","R","BOSS","R","$","E","BOSS"],"build_version":"2019-01-23","purchased_purges":0,"victory":false,"max_hp_per_floor":[75,75,75,75,75,75,75,75,75,75,75,75,75,75,75,75,75,75,75,75,75,75,75,75,75,75,75,75,75,75,75,75,75,75,75,75,75,75,77,77,79,79,85,85,85,85,85,85,85,85,85,85,85,92,92],"card_choices":[{"not_picked":["Hologram","Compile Driver"],"picked":"Coolheaded","floor":0.0},{"not_picked":["Compile Driver","Double Energy"],"picked":"Heatsinks","floor":1.0},{"not_picked":["Compile Driver","Force Field"],"picked":"Steam","floor":5.0},{"not_picked":["Aggregate","Fusion"],"picked":"Redo","floor":6.0},{"not_picked":["Reprogram","Aggregate"],"picked":"Sweeping Beam","floor":10.0},{"not_picked":["Sweeping Beam","Amplify"],"picked":"Capacitor","floor":11.0},{"not_picked":["Stack","Capacitor"],"picked":"White Noise","floor":12.0},{"not_picked":["Rebound","Fusion"],"picked":"Leap","floor":13.0},{"not_picked":["Recycle","Gash"],"picked":"Scrape","floor":14.0},{"not_picked":["Electrodynamics","Thunder Strike"],"picked":"Echo Form","floor":16.0},{"not_picked":["Melter","Sweeping Beam"],"picked":"Blizzard","floor":18.0},{"not_picked":["Go for the Eyes","Redo"],"picked":"Skim+1","floor":21.0},{"not_picked":["Static Discharge","Barrage+1"],"picked":"Heatsinks","floor":22.0},{"not_picked":["Compile Driver","Chill"],"picked":"Scrape","floor":24.0},{"not_picked":["Stack","Steam"],"picked":"Consume+1","floor":25.0},{"not_picked":["Rebound+1","Lockon+1"],"picked":"Go for the Eyes+1","floor":27.0},{"not_picked":["Steam","Reinforced Body"],"picked":"Gash+1","floor":28.0},{"not_picked":["Streamline+1","Skim"],"picked":"Reinforced Body","floor":29.0},{"not_picked":["Capacitor+1","Double Energy+1"],"picked":"Biased Cognition","floor":31.0},{"not_picked":["Gash+1","Melter+1"],"picked":"Force Field","floor":32.0},{"not_picked":["Biased Cognition","Core Surge+1"],"picked":"All For One+1","floor":33.0},{"not_picked":["Conserve Battery","Heatsinks+1"],"picked":"Double Energy+1","floor":35.0},{"not_picked":["Ball Lightning+1","Capacitor+1"],"picked":"Go for the Eyes+1","floor":38.0},{"not_picked":["Melter+1","Skim","Ball Lightning+1"],"picked":"Singing Bowl","floor":39.0},{"not_picked":["Sunder+1","Conserve Battery+1"],"picked":"Gash+1","floor":40.0},{"not_picked":["Melter+1","Hello World","Reinforced Body+1"],"picked":"Singing Bowl","floor":41.0},{"not_picked":["Ball Lightning+1","Coolheaded+1"],"picked":"Chill+1","floor":42.0},{"not_picked":["Purity","Good Instincts"],"picked":"Bandage Up","floor":45.0},{"not_picked":["Dark Shackles","Forethought"],"picked":"Metamorphosis","floor":45.0},{"not_picked":["Good Instincts","Impatience"],"picked":"Sadistic Nature","floor":45.0},{"not_picked":["Sweeping Beam+1","Rip and Tear+1"],"picked":"Aggregate+1","floor":47.0},{"not_picked":["Rebound+1","Genetic Algorithm"],"picked":"Turbo+1","floor":48.0},{"not_picked":["Ball Lightning+1","Force Field+1"],"picked":"Coolheaded+1","floor":54.0}],"player_experience":574790,"relics_obtained":[{"floor":6.0,"key":"Anchor"},{"floor":7.0,"key":"Vajra"},{"floor":9.0,"key":"Dream Catcher"},{"floor":24.0,"key":"Blood Vial"},{"floor":25.0,"key":"Red Mask"},{"floor":26.0,"key":"Molten Egg 2"},{"floor":31.0,"key":"Juzu Bracelet"},{"floor":39.0,"key":"Calipers"},{"floor":41.0,"key":"Darkstone Periapt"},{"floor":42.0,"key":"StoneCalendar"},{"floor":47.0,"key":"Orichalcum"},{"floor":54.0,"key":"Strawberry"}],"event_choices":[{"damage_healed":0.0,"max_hp_gain":0.0,"max_hp_loss":0.0,"gold_gain":0.0,"event_name":"Big Fish","player_choice":"Box","floor":2.0,"gold_loss":0.0,"damage_taken":0.0,"relics_obtained":["PreservedInsect"],"cards_obtained":["Regret"]},{"cards_removed":["Regret"],"damage_healed":0.0,"max_hp_gain":0.0,"max_hp_loss":0.0,"gold_gain":0.0,"event_name":"Living Wall","player_choice":"Forget","floor":3.0,"gold_loss":0.0,"damage_taken":0.0},{"damage_healed":0.0,"max_hp_gain":0.0,"max_hp_loss":0.0,"gold_gain":0.0,"event_name":"Shining Light","player_choice":"Entered Light","floor":4.0,"gold_loss":0.0,"damage_taken":15.0,"cards_upgraded":["Strike_B","Coolheaded"]},{"damage_healed":0.0,"max_hp_gain":0.0,"max_hp_loss":0.0,"gold_gain":0.0,"event_name":"Drug Dealer","player_choice":"Obtain J.A.X.","floor":19.0,"gold_loss":0.0,"damage_taken":0.0,"cards_obtained":["J.A.X."]},{"cards_removed":["Defend_B"],"damage_healed":0.0,"max_hp_gain":0.0,"max_hp_loss":0.0,"gold_gain":0.0,"event_name":"Back to Basics","player_choice":"Elegance","floor":20.0,"gold_loss":0.0,"damage_taken":0.0},{"damage_healed":0.0,"max_hp_gain":0.0,"max_hp_loss":0.0,"gold_gain":0.0,"event_name":"Masked Bandits","player_choice":"Fought Bandits","floor":25.0,"gold_loss":0.0,"damage_taken":0.0},{"damage_healed":0.0,"max_hp_gain":0.0,"max_hp_loss":0.0,"gold_gain":0.0,"event_name":"SecretPortal","player_choice":"Ignored","floor":36.0,"gold_loss":0.0,"damage_taken":0.0},{"damage_healed":0.0,"max_hp_gain":0.0,"max_hp_loss":0.0,"gold_gain":0.0,"event_name":"Mysterious Sphere","player_choice":"Fight","floor":39.0,"gold_loss":0.0,"damage_taken":0.0},{"damage_healed":0.0,"max_hp_gain":0.0,"max_hp_loss":0.0,"gold_gain":0.0,"event_name":"MindBloom","player_choice":"Fight","floor":42.0,"gold_loss":0.0,"damage_taken":0.0},{"damage_healed":0.0,"max_hp_gain":0.0,"max_hp_loss":0.0,"gold_gain":0.0,"event_name":"SensoryStone","player_choice":"Memory 3","floor":45.0,"gold_loss":0.0,"damage_taken":10.0},{"damage_healed":0.0,"max_hp_gain":0.0,"max_hp_loss":0.0,"gold_gain":0.0,"event_name":"Winding Halls","player_choice":"Embrace Madness","floor":46.0,"gold_loss":0.0,"damage_taken":11.0,"cards_obtained":["Madness","Madness"]}],"is_beta":false,"boss_relics":[{"not_picked":["White Beast Statue","Velvet Choker"],"picked":"Astrolabe"},{"not_picked":["Coffee Dripper","Tiny House"],"picked":"Cursed Key"}],"items_purged_floors":[],"is_endless":false,"potions_floor_spawned":[5,6,13,24,25,33,35,38,42,47,48],"killed_by":"The Heart","ascension_level":3}