{"gold_per_floor":[118,9,26,41,59,59,88,103,133,133,133,20,52,66,66,169,169,187,202,202,202,276,276],"floor_reached":23,"playtime":1488,"items_purged":[],"score":281,"play_id":"d12a3d89-96bc-47af-b554-6a9df9798a7c","local_time":"20190717135252","is_ascension_mode":true,"campfire_choices":[{"data":"Armaments","floor":6.0,"key":"SMITH"},{"data":"Armaments","floor":11.0,"key":"SMITH"},{"floor":15.0,"key":"REST"}],"neow_cost":"TEN_PERCENT_HP_LOSS","seed_source_timestamp":0,"circlet_count":0,"master_deck":["Strike_R","Defend_R","Defend_R","Defend_R","Bash","Offering","Juggernaut","Armaments+1","Inflame","Seeing Red","Thunderclap","Heavy Blade","Reaper","Shockwave","Armaments+1","Double Tap","Deep Breath","Corruption","Flame Barrier","Combust","Berserk","Barricade","Power Through+1","Dual Wield+1","Bloodletting+1","Iron Wave","J.A.X."],"special_seed":0,"relics":["Burning Blood","Calipers","Tiny Chest","Bag of Marbles","Astrolabe","The Courier","Shuriken"],"potions_floor_usage":[],"damage_taken":[{"damage":13.0,"enemies":"Jaw Worm","floor":1.0,"turns":5.0},{"damage":0.0,"enemies":"Cultist","floor":3.0,"turns":4.0},{"damage":6.0,"enemies":"2 Louse","floor":4.0,"turns":2.0},{"damage":17.0,"enemies":"Blue Slaver","floor":5.0,"turns":3.0},{"damage":31.0,"enemies":"3 Sentries","floor":7.0,"turns":6.0},{"damage":15.0,"enemies":"Red Slaver","floor":8.0,"turns":4.0},{"damage":29.0,"enemies":"Gremlin Nob","floor":13.0,"turns":5.0},{"damage":14.0,"enemies":"Exordium Thugs","floor":14.0,"turns":4.0},{"damage":25.0,"enemies":"Slime Boss","floor":16.0,"turns":5.0},{"damage":34.0,"enemies":"Spheric Guardian","floor":18.0,"turns":6.0},{"damage":14.0,"enemies":"3 Byrds","floor":19.0,"turns":3.0},{"damage":48,"enemies":"Gremlin Leader","floor":23,"turns":3}],"seed_played":"-8497029967947747786","potions_obtained":[{"floor":3.0,"key":"SpeedPotion"},{"floor":5.0,"key":"Regen Potion"},{"floor":13.0,"key":"LiquidBronze"},{"floor":16.0,"key":"Weak Potion"}],"is_trial":false,"path_per_floor":["M","$","M","M","M","R","E","M","T","?","R","$","E","M","R","B",null,"M","M","?","T","T","E"],"character_chosen":"IRONCLAD","items_purchased":["Inflame","Seeing Red","Corruption","Flame Barrier"],"campfire_rested":1,"item_purchase_floors":[2,2,12,12],"current_hp_per_floor":[65,65,71,71,60,60,58,59,59,59,59,59,42,34,55,57,68,40,35,35,35,35,0],"gold":276,"neow_bonus":"TRANSFORM_TWO_CARDS","is_prod":false,"is_daily":false,"chose_seed":false,"campfire_upgraded":2,"win_rate":0,"timestamp":1563385972,"path_taken":["M","$","M","M","M","R","E","M","T","?","R","?","E","M","R","BOSS","M","M","?","?","?","E"],"build_version":"2019-07-05","purchased_purges":0,"victory":false,"max_hp_per_floor":[72,72,72,72,72,72,72,72,72,72,72,72,72,72,72,72,72,72,72,72,72,72,72],"card_choices":[{"not_picked":["Flex","Perfected Strike"],"picked":"Armaments","floor":1.0},{"not_picked":["Twin Strike","Wild Strike"],"picked":"Thunderclap","floor":3.0},{"not_picked":["Anger","Clash"],"picked":"Heavy Blade","floor":4.0},{"not_picked":["Pommel Strike","Ghostly Armor"],"picked":"Reaper","floor":5.0},{"not_picked":["Clash","Heavy Blade"],"picked":"Shockwave","floor":7.0},{"not_picked":["Warcry","Headbutt"],"picked":"Armaments","floor":8.0},{"not_picked":["Bloodletting","Cleave"],"picked":"Combust","floor":13.0},{"not_picked":["Pommel Strike","Anger"],"picked":"Berserk","floor":14.0},{"not_picked":["Double Tap","Berserk"],"picked":"Barricade","floor":16.0},{"not_picked":["Wild Strike+1","Pommel Strike"],"picked":"Iron Wave","floor":18.0},{"not_picked":["Anger","Wild Strike","Perfected Strike"],"picked":"SKIP","floor":19.0}],"player_experience":987351,"relics_obtained":[{"floor":7.0,"key":"Calipers"},{"floor":9.0,"key":"Tiny Chest"},{"floor":13.0,"key":"Bag of Marbles"},{"floor":21.0,"key":"The Courier"},{"floor":22.0,"key":"Shuriken"}],"event_choices":[{"damage_healed":0.0,"max_hp_gain":0.0,"max_hp_loss":0.0,"gold_gain":0.0,"event_name":"Match and Keep!","player_choice":"2 cards matched","floor":10.0,"gold_loss":0.0,"damage_taken":0.0,"cards_obtained":["Double Tap","Deep Breath"]},{"damage_healed":0.0,"max_hp_gain":0.0,"max_hp_loss":0.0,"gold_gain":0.0,"event_name":"Drug Dealer","player_choice":"Obtain J.A.X.","floor":20.0,"gold_loss":0.0,"damage_taken":0.0,"cards_obtained":["J.A.X."]}],"is_beta":false,"boss_relics":[{"not_picked":["Runic Dome","Calling Bell"],"picked":"Astrolabe"}],"items_purged_floors":[],"is_endless":false,"potions_floor_spawned":[3,5,13,16],"killed_by":"Gremlin Leader","ascension_level":8}