{"gold_per_floor":[114,114,133,149,6,37,37,95,95,95,95,107,138,148,148,251,251,251,42,42,4,4,4,4,4,4,4,4,4,4,4,4,4],"floor_reached":33,"playtime":4808,"items_purged":[],"score":327,"play_id":"5cadc724-b81e-4b44-90cc-eed13b4448af","local_time":"20190513111546","is_ascension_mode":false,"campfire_choices":[{"data":"Chill","floor":7.0,"key":"SMITH"},{"floor":11.0,"key":"REST"},{"floor":15.0,"key":"REST"},{"floor":24.0,"key":"REST"},{"floor":27.0,"key":"REST"},{"floor":32,"key":"REST"}],"neow_cost":"NONE","seed_source_timestamp":0,"circlet_count":0,"master_deck":["Strike_B","Strike_B","Strike_B+1","Defend_B","Defend_B","Defend_B","Defend_B","Zap","Dualcast+1","Chill+1","Mind Blast","Consume","Heatsinks","Ball Lightning+1","Steam","Melter+1","Heatsinks","Storm","Rebound","Chaos","Beam Cell","Electrodynamics","Sweeping Beam","Conserve Battery","Chrysalis","Reprogram","Glacier+1","Redo","Reboot","Rip and Tear","Blizzard","Ghostly","Ghostly","Ghostly","Ghostly","Ghostly","Steam"],"special_seed":0,"relics":["Cracked Core","Whetstone","Vajra","Bottled Lightning","Juzu Bracelet","Ectoplasm","Boot","Strawberry"],"potions_floor_usage":[33,33],"damage_taken":[{"damage":2.0,"enemies":"2 Louse","floor":1.0,"turns":3.0},{"damage":7.0,"enemies":"Cultist","floor":3.0,"turns":4.0},{"damage":0.0,"enemies":"Small Slimes","floor":4.0,"turns":4.0},{"damage":18.0,"enemies":"3 Sentries","floor":6.0,"turns":6.0},{"damage":18.0,"enemies":"3 Sentries","floor":8.0,"turns":9.0},{"damage":0.0,"enemies":"Looter","floor":12.0,"turns":1.0},{"damage":1.0,"enemies":"Gremlin Nob","floor":13.0,"turns":3.0},{"damage":5.0,"enemies":"Blue Slaver","floor":14.0,"turns":2.0},{"damage":48.0,"enemies":"The Guardian","floor":16.0,"turns":9.0},{"damage":3.0,"enemies":"3 Byrds","floor":18.0,"turns":3.0},{"damage":8.0,"enemies":"Chosen","floor":22.0,"turns":4.0},{"damage":46.0,"enemies":"Book of Stabbing","floor":23.0,"turns":8.0},{"damage":20.0,"enemies":"Centurion and Healer","floor":25.0,"turns":4.0},{"damage":3.0,"enemies":"Chosen and Byrds","floor":28.0,"turns":4.0},{"damage":15.0,"enemies":"Snecko","floor":29.0,"turns":5.0},{"damage":19,"enemies":"Snake Plant","floor":31,"turns":3},{"damage":51,"enemies":"Collector","floor":33,"turns":9}],"seed_played":"2097555599117916187","potions_obtained":[{"floor":1.0,"key":"AttackPotion"},{"floor":4.0,"key":"Swift Potion"},{"floor":12.0,"key":"FearPotion"},{"floor":13.0,"key":"GamblersBrew"},{"floor":23.0,"key":"PowerPotion"},{"floor":28.0,"key":"SkillPotion"},{"floor":29.0,"key":"Fire Potion"},{"floor":31,"key":"Weak Potion"}],"is_trial":false,"path_per_floor":["M","?","M","M","$","E","R","?","T","?","R","M","E","M","R","B",null,"M","$","?","$","M","E","R","M","T","R","M","M","?","M","R","B"],"character_chosen":"DEFECT","items_purchased":["Ball Lightning","Steam","Melter","Conserve Battery","Chrysalis","Reprogram"],"campfire_rested":5,"item_purchase_floors":[5,5,5,19,19,21],"current_hp_per_floor":[80,80,73,73,73,55,55,37,37,21,45,45,44,39,63,15,82,79,79,79,79,71,25,49,29,36,62,59,44,44,25,38,0],"gold":4,"neow_bonus":"TEN_PERCENT_HP_BONUS","is_prod":false,"is_daily":false,"chose_seed":false,"campfire_upgraded":1,"win_rate":0.0,"timestamp":1557771346,"path_taken":["M","?","?","M","$","E","R","?","T","?","R","M","E","M","R","BOSS","M","$","?","?","M","E","R","M","T","R","M","M","?","M","R","BOSS"],"build_version":"2019-01-23","purchased_purges":0,"victory":false,"max_hp_per_floor":[82,82,82,82,82,82,82,82,82,82,82,82,82,82,82,82,82,82,82,82,82,82,82,82,82,89,89,89,89,44,44,44,44],"card_choices":[{"not_picked":["Stack","Sweeping Beam"],"picked":"Chill","floor":1.0},{"not_picked":["Coolheaded","Turbo"],"picked":"Consume","floor":3.0},{"not_picked":["Chill","Steam"],"picked":"Heatsinks","floor":4.0},{"not_picked":["Lockon","Doom and Gloom"],"picked":"Heatsinks","floor":6.0},{"not_picked":["Steam","Chaos"],"picked":"Storm","floor":8.0},{"not_picked":["Double Energy","Barrage"],"picked":"Rebound","floor":12.0},{"not_picked":["Force Field","Loop"],"picked":"Chaos","floor":13.0},{"not_picked":["Leap","Coolheaded"],"picked":"Beam Cell","floor":14.0},{"not_picked":["Meteor Strike","All For One"],"picked":"Electrodynamics","floor":16.0},{"not_picked":["Melter+1","Doom and Gloom+1"],"picked":"Sweeping Beam","floor":18.0},{"not_picked":["Stack","Ball Lightning"],"picked":"Glacier+1","floor":22.0},{"not_picked":["Stack","Leap"],"picked":"Redo","floor":23.0},{"not_picked":["Cold Snap","Rebound+1"],"picked":"Reboot","floor":25.0},{"not_picked":["Barrage","Redo"],"picked":"Rip and Tear","floor":28.0},{"not_picked":["Steam","Redo"],"picked":"Blizzard","floor":29.0},{"not_picked":["Redo","Leap"],"picked":"Steam","floor":31}],"player_experience":23910,"relics_obtained":[{"floor":6.0,"key":"Whetstone"},{"floor":8.0,"key":"Vajra"},{"floor":9.0,"key":"Bottled Lightning"},{"floor":13.0,"key":"Juzu Bracelet"},{"floor":23.0,"key":"Boot"},{"floor":26.0,"key":"Strawberry"}],"event_choices":[{"damage_healed":0.0,"max_hp_gain":0.0,"max_hp_loss":0.0,"gold_gain":0.0,"event_name":"Match and Keep!","player_choice":"1 cards matched","floor":2.0,"gold_loss":0.0,"damage_taken":0.0,"cards_obtained":["Mind Blast"]},{"damage_healed":0.0,"max_hp_gain":0.0,"max_hp_loss":0.0,"gold_gain":30.0,"event_name":"Dead Adventurer","player_choice":"Searched \u00273\u0027 times","floor":8.0,"gold_loss":0.0,"damage_taken":0.0},{"damage_healed":0.0,"max_hp_gain":0.0,"max_hp_loss":0.0,"gold_gain":0.0,"event_name":"Shining Light","player_choice":"Entered Light","floor":10.0,"gold_loss":0.0,"damage_taken":16.0,"cards_upgraded":["Ball Lightning","Dualcast"]},{"cards_removed":["Strike_B"],"damage_healed":0.0,"max_hp_gain":0.0,"max_hp_loss":0.0,"gold_gain":0.0,"event_name":"Wheel of Change","player_choice":"Card Removal","floor":20.0,"gold_loss":0.0,"damage_taken":0.0},{"damage_healed":0.0,"max_hp_gain":0.0,"max_hp_loss":45.0,"gold_gain":0.0,"event_name":"Ghosts","player_choice":"Became a Ghost","floor":30.0,"gold_loss":0.0,"damage_taken":0.0,"cards_obtained":["Ghostly","Ghostly","Ghostly","Ghostly","Ghostly"]}],"is_beta":false,"boss_relics":[{"not_picked":["Philosopher\u0027s Stone","White Beast Statue"],"picked":"Ectoplasm"}],"items_purged_floors":[],"is_endless":false,"potions_floor_spawned":[1,4,12,13,23,28,29,31],"killed_by":"Collector","ascension_level":0}