{"gold_per_floor":[110,110,120,120,420,455,455,420,447,459,459,470,486,518,518,518],"floor_reached":16,"playtime":435,"items_purged":[],"score":110,"play_id":"5258fa24-5b3e-4d5e-8ebc-d1e6507a9d9f","local_time":"20190107111855","is_ascension_mode":false,"campfire_choices":[{"floor":11,"key":"REST"},{"floor":15,"key":"REST"}],"neow_cost":"NONE","seed_source_timestamp":757301205314763,"circlet_count":0,"master_deck":["Strike_R","Strike_R","Strike_R","Strike_R+1","Strike_R+1","Defend_R","Defend_R","Defend_R","Defend_R","Bash+1"],"relics":["Burning Blood","Juzu Bracelet","Old Coin","Bag of Marbles","Bronze Scales","Regal Pillow"],"potions_floor_usage":[1],"damage_taken":[{"damage":4,"enemies":"2 Louse","floor":1,"turns":4},{"damage":5,"enemies":"Jaw Worm","floor":3,"turns":5},{"damage":28,"enemies":"Gremlin Nob","floor":6,"turns":4},{"damage":8,"enemies":"Small Slimes","floor":10,"turns":3},{"damage":10,"enemies":"Exordium Wildlife","floor":12,"turns":3},{"damage":19,"enemies":"Large Slime","floor":13,"turns":5},{"damage":44,"enemies":"Lagavulin","floor":14,"turns":7},{"damage":71,"enemies":"The Guardian","floor":16,"turns":13}],"seed_played":"-5870436439611475981","potions_obtained":[{"floor":0,"key":"BloodPotion"},{"floor":0,"key":"Fruit Juice"},{"floor":0,"key":"Weak Potion"},{"floor":3,"key":"Weak Potion"}],"is_trial":false,"path_per_floor":["M","?","M","?","T","E","?","?","T","M","R","M","M","E","R","B"],"character_chosen":"IRONCLAD","items_purchased":[],"campfire_rested":2,"item_purchase_floors":[],"current_hp_per_floor":[85,78,79,62,62,40,40,61,61,59,84,80,67,29,69,0],"gold":518,"neow_bonus":"THREE_SMALL_POTIONS","is_prod":false,"is_daily":false,"chose_seed":false,"campfire_upgraded":0,"win_rate":0,"timestamp":1546820335,"path_taken":["M","?","M","?","?","E","?","?","T","M","R","M","M","E","R","BOSS"],"build_version":"2019-01-03v4","purchased_purges":0,"victory":false,"max_hp_per_floor":[85,85,85,85,85,85,85,85,85,85,85,85,85,85,85,85],"card_choices":[{"not_picked":["Warcry","Battle Trance","Seeing Red"],"picked":"SKIP","floor":1},{"not_picked":["Burning Pact","Ghostly Armor","Body Slam"],"picked":"SKIP","floor":3},{"not_picked":["Battle Trance","Carnage","Bludgeon"],"picked":"SKIP","floor":6},{"not_picked":["Corruption","Clothesline","Wild Strike"],"picked":"SKIP","floor":10},{"not_picked":["Sword Boomerang","Shockwave","Bludgeon"],"picked":"SKIP","floor":12},{"not_picked":["Havoc","Power Through","Reckless Charge"],"picked":"SKIP","floor":13},{"not_picked":["Clothesline","Power Through","Pummel"],"picked":"SKIP","floor":14}],"player_experience":205612,"relics_obtained":[{"floor":5,"key":"Old Coin"},{"floor":6,"key":"Bag of Marbles"},{"floor":9,"key":"Bronze Scales"},{"floor":14,"key":"Regal Pillow"}],"event_choices":[{"damage_healed":0,"gold_gain":0,"player_choice":"Success","damage_taken":7,"relics_obtained":["Juzu Bracelet"],"max_hp_gain":0,"max_hp_loss":0,"event_name":"Scrap Ooze","floor":2,"gold_loss":0},{"damage_healed":0,"gold_gain":0,"player_choice":"Entered Light","damage_taken":17,"max_hp_gain":0,"max_hp_loss":0,"event_name":"Shining Light","floor":4,"gold_loss":0,"cards_upgraded":["Strike_R","Bash"]},{"damage_healed":0,"gold_gain":0,"player_choice":"Grow","damage_taken":0,"max_hp_gain":0,"max_hp_loss":0,"event_name":"Living Wall","floor":7,"gold_loss":0,"cards_upgraded":["Strike_R"]},{"damage_healed":21,"gold_gain":0,"player_choice":"Healed","damage_taken":0,"max_hp_gain":0,"max_hp_loss":0,"event_name":"The Cleric","floor":8,"gold_loss":35}],"is_beta":false,"boss_relics":[],"items_purged_floors":[],"is_endless":false,"potions_floor_spawned":[3,6,10],"killed_by":"The Guardian","ascension_level":0}