{"gold_per_floor":[110,120,140,215,22,54,84,84,84,84,94,123,123,143,143,239,239,253,241,256,302,327,327,345,345,392,81,97,97,110,128,128,228,228,247,247,261,15,35,35],"floor_reached":40,"playtime":2551,"items_purged":["Strike_B"],"score":500,"play_id":"022dc8e8-eae1-4463-9567-29e2a3dc8c62","local_time":"20190902230406","is_ascension_mode":true,"campfire_choices":[{"floor":8,"key":"REST"},{"data":"Tempest","floor":10,"key":"SMITH"},{"floor":13,"key":"REST"},{"data":"Zap","floor":15,"key":"SMITH"},{"floor":23,"key":"REST"},{"floor":25,"key":"REST"},{"data":"Biased Cognition","floor":29,"key":"SMITH"},{"floor":32,"key":"REST"}],"neow_cost":"NONE","seed_source_timestamp":1632720333167800,"circlet_count":0,"master_deck":["Strike_B","Strike_B","Strike_B","Defend_B","Defend_B","Defend_B","Defend_B","Zap+1","Dualcast","Cold Snap","Tempest+1","Thunder Strike","Redo","Sunder+1","Ball Lightning+1","Biased Cognition+1","Conserve Battery","Genetic Algorithm+1","Hologram+1","Defragment","Rip and Tear+1","Reinforced Body","Loop","Auto Shields+1","Creative AI","Turbo"],"relics":["Cracked Core","NeowsBlessing","Happy Flower","Mercury Hourglass","Tiny Chest","Girya","Molten Egg 2","Lizard Tail","Regal Pillow","Dream Catcher","Art of War","Inserter","Letter Opener","OrangePellets"],"potions_floor_usage":[11,14,16,18,20,27,30,33,33,39,39,40],"damage_taken":[{"damage":0,"enemies":"Small Slimes","floor":1,"turns":1},{"damage":0,"enemies":"Jaw Worm","floor":2,"turns":1},{"damage":0,"enemies":"Cultist","floor":3,"turns":1},{"damage":37,"enemies":"Gremlin Nob","floor":6,"turns":4},{"damage":6,"enemies":"Exordium Wildlife","floor":11,"turns":2},{"damage":20,"enemies":"Lagavulin","floor":12,"turns":4},{"damage":4,"enemies":"Exordium Thugs","floor":14,"turns":2},{"damage":37,"enemies":"Hexaghost","floor":16,"turns":6},{"damage":13,"enemies":"3 Byrds","floor":18,"turns":3},{"damage":22,"enemies":"2 Thieves","floor":19,"turns":4},{"damage":21,"enemies":"Shelled Parasite and Fungi","floor":20,"turns":5},{"damage":25,"enemies":"Centurion and Healer","floor":24,"turns":7},{"damage":0,"enemies":"Sentry and Sphere","floor":28,"turns":2},{"damage":14,"enemies":"Snake Plant","floor":30,"turns":4},{"damage":23,"enemies":"3 Cultists","floor":31,"turns":4},{"damage":79,"enemies":"Collector","floor":33,"turns":8},{"damage":41,"enemies":"3 Darklings","floor":35,"turns":4},{"damage":0,"enemies":"3 Shapes","floor":37,"turns":3},{"damage":8,"enemies":"Jaw Worm Horde","floor":39,"turns":4},{"damage":24,"enemies":"Reptomancer","floor":40,"turns":5}],"seed_played":"-2907886738318808805","potions_obtained":[{"floor":1,"key":"SkillPotion"},{"floor":6,"key":"EssenceOfSteel"},{"floor":12,"key":"Explosive Potion"},{"floor":16,"key":"Ancient Potion"},{"floor":18,"key":"Ancient Potion"},{"floor":20,"key":"SteroidPotion"},{"floor":28,"key":"Ancient Potion"},{"floor":33,"key":"FearPotion"},{"floor":37,"key":"Energy Potion"},{"floor":39,"key":"Weak Potion"}],"is_trial":false,"path_per_floor":["M","M","M","?","$","E","T","R","T","R","M","E","R","M","R","B",null,"M","M","M","T","T","R","M","R","T","$","M","R","M","M","R","B",null,"M","T","M","$","M","E"],"character_chosen":"DEFECT","items_purchased":["Happy Flower","Explosive Potion","Defragment","Rip and Tear+1","Fruit Juice","OrangePellets","PowerPotion"],"campfire_rested":5,"item_purchase_floors":[5,5,27,27,27,38,38],"current_hp_per_floor":[75,75,75,64,64,27,27,49,49,49,43,23,45,41,41,4,57,44,22,1,1,1,38,13,50,50,55,55,55,41,18,57,40,70,29,29,29,29,21,0],"gold":35,"neow_bonus":"THREE_ENEMY_KILL","is_prod":false,"is_daily":false,"chose_seed":false,"campfire_upgraded":3,"win_rate":0,"timestamp":1567429446,"path_taken":["M","M","M","?","$","E","?","R","T","R","M","E","R","M","R","BOSS","M","M","M","?","?","R","M","R","T","$","?","R","M","M","R","BOSS","M","?","M","$","M","E"],"build_version":"2019-07-17","purchased_purges":1,"victory":false,"max_hp_per_floor":[75,75,75,75,75,75,75,75,75,75,75,75,75,75,75,75,75,75,75,75,75,75,75,75,75,75,80,80,80,80,80,80,80,80,80,80,80,80,80,80],"card_choices":[{"not_picked":["Chill","Compile Driver"],"picked":"Cold Snap","floor":1},{"not_picked":["Turbo","Compile Driver"],"picked":"Tempest","floor":2},{"not_picked":["Fusion","Rip and Tear","Recycle"],"picked":"SKIP","floor":3},{"not_picked":["White Noise","Compile Driver"],"picked":"Thunder Strike","floor":6},{"not_picked":["Barrage","Rebound"],"picked":"Redo","floor":11},{"not_picked":["Coolheaded","Redo"],"picked":"Sunder","floor":12},{"not_picked":["Darkness","Redo"],"picked":"Ball Lightning+1","floor":14},{"not_picked":["Rainbow","Creative AI"],"picked":"Biased Cognition","floor":16},{"not_picked":["Barrage+1","Redo"],"picked":"Conserve Battery","floor":18},{"not_picked":["Redo+1","Beam Cell+1","Rainbow"],"picked":"SKIP","floor":19},{"not_picked":["Barrage+1","Chill"],"picked":"Genetic Algorithm+1","floor":20},{"not_picked":["Aggregate","Steam"],"picked":"Hologram+1","floor":24},{"not_picked":["Go for the Eyes+1","Gash+1"],"picked":"Reinforced Body","floor":28},{"not_picked":["Coolheaded","Fusion"],"picked":"Loop","floor":30},{"not_picked":["Ball Lightning+1","Leap"],"picked":"Auto Shields+1","floor":31},{"not_picked":["Hyperbeam+1","Thunder Strike+1"],"picked":"Creative AI","floor":33},{"not_picked":["Steam","Stack+1","Compile Driver+1"],"picked":"SKIP","floor":35},{"not_picked":["Lockon+1","Skim+1"],"picked":"Turbo","floor":37},{"not_picked":["Recycle+1","Conserve Battery","Stack+1"],"picked":"SKIP","floor":39}],"player_experience":515995,"relics_obtained":[{"floor":6,"key":"Mercury Hourglass"},{"floor":7,"key":"Tiny Chest"},{"floor":9,"key":"Girya"},{"floor":12,"key":"Molten Egg 2"},{"floor":21,"key":"Regal Pillow"},{"floor":22,"key":"Dream Catcher"},{"floor":26,"key":"Art of War"},{"floor":36,"key":"Letter Opener"}],"event_choices":[{"damage_healed":0,"gold_gain":75,"player_choice":"Gather Gold","damage_taken":11,"max_hp_gain":0,"max_hp_loss":0,"event_name":"World of Goop","floor":4,"gold_loss":0}],"is_beta":false,"boss_relics":[{"not_picked":["White Beast Statue","Empty Cage"],"picked":"Lizard Tail"},{"not_picked":["Snecko Eye","Sozu"],"picked":"Inserter"}],"items_purged_floors":[27],"is_endless":false,"potions_floor_spawned":[1,6,12,16,18,20,28,33,37,39],"killed_by":"Reptomancer","ascension_level":5}