{"gold_per_floor":[111,130,130,145,70,96,96,96,122,196,215,215,215,258,258,258],"floor_reached":16,"playtime":660,"items_purged":["Regret"],"score":130,"play_id":"b80448c7-a781-413e-8570-08919b3c7ea0","local_time":"20190921123834","is_ascension_mode":true,"campfire_choices":[{"floor":8,"key":"REST"},{"floor":13,"key":"REST"},{"floor":15,"key":"REST"}],"neow_cost":"NONE","seed_source_timestamp":315726627022500,"circlet_count":0,"master_deck":["Strike_R","Strike_R+1","Strike_R","Strike_R","Strike_R+1","Defend_R","Defend_R","Defend_R","Defend_R","Bash","Cleave","Armaments","Armaments","Cleave","Whirlwind","Pommel Strike","Immolate+1"],"relics":["Burning Blood","Bronze Scales","Juzu Bracelet","Whetstone","Golden Idol","Omamori","Blood Vial","Molten Egg 2"],"potions_floor_usage":[6,10,14,16,16],"damage_taken":[{"damage":7,"enemies":"Small Slimes","floor":1,"turns":3},{"damage":10,"enemies":"2 Louse","floor":2,"turns":2},{"damage":11,"enemies":"Jaw Worm","floor":4,"turns":3},{"damage":32,"enemies":"Gremlin Nob","floor":6,"turns":4},{"damage":10,"enemies":"3 Sentries","floor":10,"turns":4},{"damage":25,"enemies":"Exordium Thugs","floor":11,"turns":4},{"damage":30,"enemies":"Lagavulin","floor":14,"turns":5},{"damage":65,"enemies":"Hexaghost","floor":16,"turns":7}],"seed_played":"-2496394416612908036","potions_obtained":[{"floor":2,"key":"Regen Potion"},{"floor":6,"key":"SkillPotion"},{"floor":11,"key":"Swift Potion"},{"floor":12,"key":"Weak Potion"},{"floor":12,"key":"Strength Potion"}],"is_trial":false,"path_per_floor":["M","M","?","M","$","E","?","R","T","?","M","?","R","E","R","B"],"character_chosen":"IRONCLAD","items_purchased":[],"campfire_rested":3,"item_purchase_floors":[],"current_hp_per_floor":[79,75,75,70,70,53,33,57,57,53,36,36,60,38,62,0],"gold":258,"neow_bonus":"RANDOM_COMMON_RELIC","is_prod":false,"is_daily":false,"chose_seed":false,"campfire_upgraded":0,"win_rate":0,"timestamp":1569094714,"path_taken":["M","M","?","M","$","E","?","R","T","?","M","?","R","E","R","BOSS"],"build_version":"2019-07-17","purchased_purges":1,"victory":false,"max_hp_per_floor":[80,80,80,80,80,80,80,80,80,80,80,80,80,80,80,80],"card_choices":[{"not_picked":["Clothesline","Ghostly Armor"],"picked":"Cleave","floor":1},{"not_picked":["Rampage","Thunderclap"],"picked":"Armaments","floor":2},{"not_picked":["Wild Strike","Clothesline"],"picked":"Armaments","floor":4},{"not_picked":["Power Through","Second Wind"],"picked":"Cleave","floor":6},{"not_picked":["Wild Strike","Armaments"],"picked":"Whirlwind","floor":10},{"not_picked":["Intimidate","Anger"],"picked":"Pommel Strike","floor":11},{"not_picked":["Sword Boomerang","Battle Trance"],"picked":"Immolate","floor":14}],"player_experience":27872,"relics_obtained":[{"floor":6,"key":"Whetstone"},{"floor":9,"key":"Omamori"},{"floor":10,"key":"Blood Vial"},{"floor":14,"key":"Molten Egg 2"}],"event_choices":[{"damage_healed":0,"gold_gain":0,"player_choice":"Box","damage_taken":0,"relics_obtained":["Juzu Bracelet"],"max_hp_gain":0,"max_hp_loss":0,"event_name":"Big Fish","floor":3,"gold_loss":0,"cards_obtained":["Regret"]},{"damage_healed":0,"gold_gain":0,"player_choice":"Take Damage","damage_taken":20,"relics_obtained":["Golden Idol"],"max_hp_gain":0,"max_hp_loss":0,"event_name":"Golden Idol","floor":7,"gold_loss":0},{"damage_healed":0,"gold_gain":0,"player_choice":"Searched \u00271\u0027 times","damage_taken":0,"max_hp_gain":0,"max_hp_loss":0,"event_name":"Dead Adventurer","floor":10,"gold_loss":0},{"damage_healed":0,"gold_gain":0,"player_choice":"Got Potions","damage_taken":0,"max_hp_gain":0,"max_hp_loss":0,"event_name":"Lab","floor":12,"gold_loss":0}],"is_beta":false,"boss_relics":[],"items_purged_floors":[5],"is_endless":false,"potions_floor_spawned":[2,6,11],"killed_by":"Hexaghost","ascension_level":4}