{"gold_per_floor":[115,129,140,140,140,178,197,197,197,1,19,40,73,92,92,221,221,237,237,255,271,287,287,23,44,44,58,93,111,111,130,130,250,250,263,288,39,65,65,65,65,65,112,151,26,57,57,73,73,73],"floor_reached":50,"playtime":3582,"items_purged":["Defend_R","Strike_R","Strike_R"],"score":526,"play_id":"8b1e719c-61f7-447b-8e43-c72a3df0f174","local_time":"20190916161041","is_ascension_mode":false,"campfire_choices":[{"floor":15,"key":"REST"},{"floor":23,"key":"REST"},{"floor":30,"key":"REST"},{"floor":32,"key":"REST"},{"floor":42,"key":"REST"},{"floor":47,"key":"REST"},{"floor":49,"key":"REST"}],"neow_cost":"","seed_source_timestamp":405434898907400,"circlet_count":0,"master_deck":["Strike_R","Defend_R","Bash","Pommel Strike+1","Cleave","Flex+1","Rampage","Demon Form","Armaments","Armaments","Reaper","Seeing Red","Ghostly Armor+1","Fire Breathing+1","Inflame","Body Slam","Shrug It Off+1","Double Tap","Iron Wave+1","Iron Wave+1","Dropkick+1","Whirlwind+1"],"relics":["Burning Blood","Golden Idol","Dodecahedron","Question Card","PreservedInsect","Odd Mushroom","Fusion Hammer","Bag of Preparation","Juzu Bracelet","Vajra","Empty Cage","Ancient Tea Set","Boot","GremlinMask","Anchor","Frozen Egg 2","Whetstone"],"potions_floor_usage":[6,13,16,16,16,21,22,27,28,33,46,50],"damage_taken":[{"damage":9,"enemies":"Small Slimes","floor":1,"turns":3},{"damage":8,"enemies":"Jaw Worm","floor":2,"turns":4},{"damage":1,"enemies":"Cultist","floor":3,"turns":3},{"damage":26,"enemies":"Lagavulin","floor":6,"turns":5},{"damage":0,"enemies":"2 Fungi Beasts","floor":7,"turns":3},{"damage":5,"enemies":"Exordium Thugs","floor":11,"turns":4},{"damage":11,"enemies":"Lots of Slimes","floor":12,"turns":4},{"damage":26,"enemies":"The Mushroom Lair","floor":13,"turns":3},{"damage":0,"enemies":"Large Slime","floor":14,"turns":5},{"damage":45,"enemies":"The Guardian","floor":16,"turns":12},{"damage":26,"enemies":"Spheric Guardian","floor":18,"turns":5},{"damage":21,"enemies":"Chosen","floor":20,"turns":6},{"damage":32,"enemies":"Snake Plant","floor":21,"turns":4},{"damage":20,"enemies":"Cultist and Chosen","floor":22,"turns":7},{"damage":40,"enemies":"Shelled Parasite and Fungi","floor":25,"turns":5},{"damage":26,"enemies":"Snake Plant","floor":27,"turns":4},{"damage":48,"enemies":"Gremlin Leader","floor":28,"turns":6},{"damage":23,"enemies":"Centurion and Healer","floor":29,"turns":4},{"damage":8,"enemies":"Snecko","floor":31,"turns":4},{"damage":40,"enemies":"Champ","floor":33,"turns":9},{"damage":21,"enemies":"3 Darklings","floor":35,"turns":5},{"damage":26,"enemies":"Orb Walker","floor":36,"turns":4},{"damage":31,"enemies":"Giant Head","floor":44,"turns":6},{"damage":31,"enemies":"Reptomancer","floor":46,"turns":3},{"damage":32,"enemies":"3 Darklings","floor":48,"turns":4},{"damage":114,"enemies":"Awakened One","floor":50,"turns":9}],"seed_played":"5372161565713404013","potions_obtained":[{"floor":1,"key":"Strength Potion"},{"floor":2,"key":"Fire Potion"},{"floor":7,"key":"Energy Potion"},{"floor":13,"key":"GamblersBrew"},{"floor":20,"key":"EssenceOfSteel"},{"floor":21,"key":"BloodPotion"},{"floor":22,"key":"SkillPotion"},{"floor":27,"key":"PowerPotion"},{"floor":29,"key":"FearPotion"},{"floor":36,"key":"FairyPotion"},{"floor":44,"key":"SkillPotion"},{"floor":48,"key":"Regen Potion"}],"is_trial":false,"path_per_floor":["M","M","M","?","?","E","M","?","T","$","M","M","?","M","R","B",null,"M","?","M","M","M","R","$","M","T","M","E","M","R","M","R","B",null,"M","M","$","T","?","?","?","R","T","E","$","E","R","M","R","B"],"character_chosen":"IRONCLAD","items_purchased":["PreservedInsect","SkillPotion","Inflame","Bag of Preparation","Ancient Tea Set"],"campfire_rested":7,"item_purchase_floors":[10,10,24,24,37],"current_hp_per_floor":[77,75,80,60,60,40,46,46,46,46,47,42,22,28,52,13,80,71,71,61,36,58,80,80,58,58,38,11,16,40,48,72,45,80,65,52,52,52,52,52,52,76,76,55,55,47,71,45,69,0],"gold":73,"neow_bonus":"","is_prod":false,"is_daily":false,"chose_seed":false,"campfire_upgraded":0,"win_rate":0.0,"timestamp":1568675441,"path_taken":["M","M","M","?","?","E","?","?","T","?","?","M","?","M","R","BOSS","M","?","M","?","M","R","$","M","T","M","E","M","R","M","R","BOSS","M","M","$","?","?","?","?","R","T","E","$","E","R","M","R","BOSS"],"build_version":"2019-07-17","purchased_purges":3,"victory":false,"max_hp_per_floor":[80,80,80,80,80,80,80,80,80,80,80,80,80,80,80,80,80,80,80,80,80,80,80,80,80,80,80,80,80,80,80,80,80,80,80,80,80,80,80,80,80,80,80,80,80,80,80,80,80,80],"card_choices":[{"not_picked":["Rupture","Metallicize"],"picked":"Pommel Strike","floor":1},{"not_picked":["Second Wind","Shrug It Off"],"picked":"Cleave","floor":2},{"not_picked":["Cleave","Headbutt"],"picked":"Flex","floor":3},{"not_picked":["Warcry","Headbutt","Rupture"],"picked":"SKIP","floor":6},{"not_picked":["Iron Wave","Sever Soul"],"picked":"Rampage","floor":7},{"not_picked":["Flex","Body Slam","Whirlwind"],"picked":"Demon Form","floor":11},{"not_picked":["Thunderclap","Perfected Strike","Hemokinesis"],"picked":"Armaments","floor":12},{"not_picked":["Uppercut","Flex","Bloodletting"],"picked":"Armaments","floor":13},{"not_picked":["Clothesline","Shrug It Off","Warcry","Searing Blow"],"picked":"SKIP","floor":14},{"not_picked":["Offering","Fiend Fire","Dark Embrace"],"picked":"Reaper","floor":16},{"not_picked":["Warcry+1","Twin Strike+1","Flex"],"picked":"Seeing Red","floor":18},{"not_picked":["Perfected Strike","Flex","Thunderclap","Uppercut"],"picked":"SKIP","floor":20},{"not_picked":["Bloodletting","Feed","Intimidate"],"picked":"Ghostly Armor+1","floor":21},{"not_picked":["Armaments","Body Slam","Dual Wield"],"picked":"Fire Breathing+1","floor":22},{"not_picked":["Thunderclap","Iron Wave","Armaments+1","Sword Boomerang"],"picked":"SKIP","floor":25},{"not_picked":["Corruption","Sever Soul","Brutality","Combust"],"picked":"SKIP","floor":27},{"not_picked":["Uppercut+1","Seeing Red","Clothesline+1"],"picked":"Body Slam","floor":28},{"not_picked":["Headbutt","Twin Strike","Seeing Red+1","Intimidate"],"picked":"SKIP","floor":29},{"not_picked":["Headbutt+1","Pommel Strike","Intimidate"],"picked":"Shrug It Off+1","floor":31},{"not_picked":["Juggernaut","Bludgeon","Dark Embrace"],"picked":"Double Tap","floor":33},{"not_picked":["Searing Blow","Headbutt","Armaments+1"],"picked":"Iron Wave+1","floor":35},{"not_picked":["Perfected Strike+1","Warcry","Rupture+1","Iron Wave"],"picked":"SKIP","floor":36},{"not_picked":["Flex+1","Carnage+1","Fire Breathing+1"],"picked":"Dropkick+1","floor":44},{"not_picked":["Thunderclap","Combust+1","Inflame+1","Disarm"],"picked":"SKIP","floor":46},{"not_picked":["Ghostly Armor","Second Wind","Hemokinesis"],"picked":"Whirlwind+1","floor":48}],"player_experience":0,"relics_obtained":[{"floor":6,"key":"Dodecahedron"},{"floor":9,"key":"Question Card"},{"floor":13,"key":"Odd Mushroom"},{"floor":26,"key":"Juzu Bracelet"},{"floor":28,"key":"Vajra"},{"floor":38,"key":"Boot"},{"floor":43,"key":"Anchor"},{"floor":44,"key":"Frozen Egg 2"},{"floor":46,"key":"Whetstone"}],"event_choices":[{"damage_healed":0,"gold_gain":0,"player_choice":"Take Damage","damage_taken":20,"relics_obtained":["Golden Idol"],"max_hp_gain":0,"max_hp_loss":0,"event_name":"Golden Idol","floor":4,"gold_loss":0},{"damage_healed":0,"gold_gain":0,"player_choice":"Forge","damage_taken":0,"max_hp_gain":0,"max_hp_loss":0,"event_name":"Accursed Blacksmith","floor":5,"gold_loss":0,"cards_upgraded":["Flex"]},{"damage_healed":0,"gold_gain":0,"player_choice":"Bought 0 Potions","damage_taken":0,"max_hp_gain":0,"max_hp_loss":0,"event_name":"The Woman in Blue","floor":8,"gold_loss":0},{"damage_healed":0,"gold_gain":0,"player_choice":"Fought Mushrooms","damage_taken":0,"max_hp_gain":0,"max_hp_loss":0,"event_name":"Mushrooms","floor":13,"gold_loss":0},{"damage_healed":0,"gold_gain":0,"player_choice":"Ignored","damage_taken":0,"max_hp_gain":0,"max_hp_loss":0,"event_name":"N\u0027loth","floor":19,"gold_loss":0},{"cards_removed":["Strike_R"],"damage_healed":0,"gold_gain":0,"player_choice":"Took Card","damage_taken":0,"max_hp_gain":0,"max_hp_loss":0,"event_name":"NoteForYourself","floor":39,"gold_loss":0,"cards_obtained":["Iron Wave"]},{"cards_removed":["Defend_R"],"damage_healed":0,"gold_gain":0,"player_choice":"Purged","damage_taken":0,"max_hp_gain":0,"max_hp_loss":0,"event_name":"Purifier","floor":40,"gold_loss":0},{"damage_healed":0,"gold_gain":0,"player_choice":"Trade","damage_taken":0,"relics_obtained":["GremlinMask"],"max_hp_gain":0,"max_hp_loss":0,"event_name":"FaceTrader","floor":41,"gold_loss":0}],"is_beta":false,"boss_relics":[{"not_picked":["Mark of Pain","Tiny House"],"picked":"Fusion Hammer"},{"not_picked":["Calling Bell","Orrery"],"picked":"Empty Cage"}],"items_purged_floors":[24,37,45],"is_endless":false,"potions_floor_spawned":[1,2,7,13,14,20,21,22,27,29,36,44,48],"killed_by":"Awakened One","ascension_level":0}