{"gold_per_floor":[13,30,44,58,19,19,19,54,79,79],"floor_reached":10,"playtime":719,"items_purged":[],"score":82,"play_id":"dabd6dcb-3e0a-41d1-8956-d0af3f2cea40","local_time":"20190829211315","is_ascension_mode":true,"campfire_choices":[{"data":"Glacier","floor":6,"key":"SMITH"}],"neow_cost":"NO_GOLD","seed_source_timestamp":1282303200474200,"circlet_count":0,"master_deck":["Strike_B","Strike_B","Strike_B","Defend_B","Defend_B","Defend_B","Defend_B","Zap","Dualcast","Conserve Battery","Coolheaded","Glacier+1","Go for the Eyes","Self Repair"],"relics":["Cracked Core","Mango","Juzu Bracelet","Omamori"],"potions_floor_usage":[4,8,10],"damage_taken":[{"damage":0,"enemies":"Small Slimes","floor":1,"turns":3},{"damage":0,"enemies":"Jaw Worm","floor":2,"turns":4},{"damage":0,"enemies":"Cultist","floor":3,"turns":4},{"damage":3,"enemies":"3 Louse","floor":4,"turns":6},{"damage":3,"enemies":"Lagavulin","floor":8,"turns":10},{"damage":85,"enemies":"Gremlin Nob","floor":10,"turns":7}],"seed_played":"2189761269635787914","potions_obtained":[{"floor":3,"key":"GamblersBrew"},{"floor":4,"key":"Fire Potion"},{"floor":8,"key":"Energy Potion"}],"is_trial":false,"path_per_floor":["M","M","M","M","$","R","?","E","T","E"],"character_chosen":"DEFECT","items_purchased":["Self Repair"],"campfire_rested":0,"item_purchase_floors":[5],"current_hp_per_floor":[89,89,89,86,86,86,79,83,83,0],"gold":79,"neow_bonus":"ONE_RARE_RELIC","is_prod":false,"is_daily":false,"chose_seed":false,"campfire_upgraded":1,"win_rate":0,"timestamp":1567077195,"path_taken":["M","M","M","M","$","R","?","E","T","E"],"build_version":"2019-07-17","purchased_purges":0,"victory":false,"max_hp_per_floor":[89,89,89,89,89,89,89,89,89,89],"card_choices":[{"not_picked":["Rebound","Skim"],"picked":"Conserve Battery","floor":1},{"not_picked":["Fusion","Recycle"],"picked":"Coolheaded","floor":2},{"not_picked":["Steam","Hologram"],"picked":"Glacier","floor":3},{"not_picked":["Beam Cell","Doom and Gloom"],"picked":"Go for the Eyes","floor":4},{"not_picked":["Coolheaded","Compile Driver","Leap"],"picked":"SKIP","floor":8}],"player_experience":454678,"relics_obtained":[{"floor":8,"key":"Juzu Bracelet"},{"floor":9,"key":"Omamori"}],"event_choices":[{"cards_removed":["Strike_B"],"damage_healed":0,"gold_gain":0,"player_choice":"Card Removal","damage_taken":7,"max_hp_gain":0,"max_hp_loss":0,"event_name":"Golden Wing","floor":7,"gold_loss":0}],"is_beta":false,"boss_relics":[],"items_purged_floors":[],"is_endless":false,"potions_floor_spawned":[3,4,8],"killed_by":"Gremlin Nob","ascension_level":4}