{"gold_per_floor":[114,289,289,303,303,331,331,1,24,0,13,32,32,32,32,32],"floor_reached":16,"playtime":5736,"items_purged":["Doubt"],"score":98,"play_id":"09753e8f-b3af-46c3-957e-f2c83d4f9129","local_time":"20190912141252","is_ascension_mode":false,"campfire_choices":[{"floor":7,"key":"REST"},{"floor":15,"key":"REST"}],"neow_cost":"NONE","seed_source_timestamp":669287879347200,"circlet_count":0,"master_deck":["Strike_G","Strike_G","Strike_G","Strike_G","Defend_G","Defend_G","Defend_G","Defend_G","Defend_G","Survivor","Neutralize","Writhe","Terror","Doubt","Deadly Poison","Endless Agony","Deflect","Well Laid Plans","All Out Attack","Dropkick"],"relics":["Calling Bell","PreservedInsect","Ornamental Fan","Incense Burner","Tough Bandages","Oddly Smooth Stone","Mummified Hand","Anchor"],"potions_floor_usage":[6,16],"damage_taken":[{"damage":2,"enemies":"2 Louse","floor":1,"turns":4},{"damage":21,"enemies":"Jaw Worm","floor":4,"turns":8},{"damage":31,"enemies":"3 Sentries","floor":6,"turns":14},{"damage":0,"enemies":"Cultist","floor":11,"turns":3},{"damage":13,"enemies":"Lots of Slimes","floor":12,"turns":8},{"damage":61,"enemies":"Slime Boss","floor":16,"turns":10}],"seed_played":"2318606365348656650","potions_obtained":[{"floor":1,"key":"GamblersBrew"},{"floor":4,"key":"Ancient Potion"}],"is_trial":false,"path_per_floor":["M","?","T","M","?","E","R","$","T","$","M","M","?","?","R","B"],"character_chosen":"THE_SILENT","items_purchased":["Mummified Hand","Deflect"],"campfire_rested":2,"item_purchase_floors":[8,10],"current_hp_per_floor":[68,68,68,47,40,9,30,30,30,30,30,17,40,40,61,0],"gold":32,"neow_bonus":"BOSS_RELIC","is_prod":false,"is_daily":false,"chose_seed":false,"campfire_upgraded":0,"win_rate":0.0,"timestamp":1568315572,"path_taken":["M","?","?","M","?","E","R","$","T","$","?","M","?","?","R","BOSS"],"build_version":"2019-07-17","purchased_purges":1,"victory":false,"max_hp_per_floor":[70,70,70,70,70,70,70,70,70,70,70,70,70,70,70,70],"card_choices":[{"not_picked":["Flechettes","Flying Knee"],"picked":"Terror","floor":1},{"not_picked":["Backflip","Blade Dance"],"picked":"Deadly Poison","floor":4},{"not_picked":["Underhanded Strike","Venomology"],"picked":"Endless Agony","floor":6},{"not_picked":["Slice","Quick Slash"],"picked":"Well Laid Plans","floor":11},{"not_picked":["Dodge and Roll","Backflip"],"picked":"All Out Attack","floor":12}],"player_experience":90591,"relics_obtained":[{"floor":0,"key":"PreservedInsect"},{"floor":0,"key":"Ornamental Fan"},{"floor":0,"key":"Incense Burner"},{"floor":3,"key":"Tough Bandages"},{"floor":6,"key":"Oddly Smooth Stone"},{"floor":9,"key":"Anchor"}],"event_choices":[{"damage_healed":0,"gold_gain":175,"player_choice":"AGREE","damage_taken":0,"max_hp_gain":0,"max_hp_loss":0,"event_name":"Liars Game","floor":2,"gold_loss":0,"cards_obtained":["Doubt"]},{"cards_removed":["Decay"],"damage_healed":0,"gold_gain":0,"player_choice":"Card Removal","damage_taken":7,"max_hp_gain":0,"max_hp_loss":0,"event_name":"Golden Wing","floor":5,"gold_loss":0},{"damage_healed":23,"gold_gain":0,"player_choice":"Banana","damage_taken":0,"max_hp_gain":0,"max_hp_loss":0,"event_name":"Big Fish","floor":13,"gold_loss":0},{"cards_removed":["Strike_G"],"damage_healed":0,"gold_gain":0,"player_choice":"Took Card","damage_taken":0,"max_hp_gain":0,"max_hp_loss":0,"event_name":"NoteForYourself","floor":14,"gold_loss":0,"cards_obtained":["Dropkick"]}],"is_beta":false,"boss_relics":[],"items_purged_floors":[8],"is_endless":false,"potions_floor_spawned":[1,4],"killed_by":"Slime Boss","ascension_level":0}