{"gold_per_floor":[117,117,131,81,256,284,284,304,304,38,52,52,78,97,97,193,193,204,216,228,228,248,248],"floor_reached":23,"playtime":3185,"items_purged":["Doubt"],"score":223,"play_id":"a3b02b1a-8bba-48c0-9be5-f1442d863b99","local_time":"20190923042810","is_ascension_mode":true,"campfire_choices":[{"floor":7,"key":"REST"},{"floor":12,"key":"REST"},{"floor":15,"key":"REST"}],"neow_cost":"PERCENT_DAMAGE","seed_source_timestamp":637663572260500,"circlet_count":0,"master_deck":["Strike_R","Strike_R","Strike_R","Defend_R","Defend_R","Defend_R","Defend_R","Bash","Exhume","Evolve","Clash","Armaments","Body Slam","Flex","Flex","Berserk","Sword Boomerang","Offering","Shrug It Off","Fire Breathing","Reaper","Hemokinesis+1"],"relics":["Burning Blood","Calipers","PreservedInsect","Self Forming Clay","Toolbox","Happy Flower","Fusion Hammer","Frozen Egg 2"],"potions_floor_usage":[13,13,14,16,20],"damage_taken":[{"damage":8,"enemies":"2 Louse","floor":1,"turns":4},{"damage":30,"enemies":"Jaw Worm","floor":3,"turns":7},{"damage":27,"enemies":"3 Sentries","floor":6,"turns":17},{"damage":12,"enemies":"Cultist","floor":8,"turns":5},{"damage":8,"enemies":"Blue Slaver","floor":11,"turns":3},{"damage":22,"enemies":"Gremlin Nob","floor":13,"turns":4},{"damage":24,"enemies":"Gremlin Gang","floor":14,"turns":7},{"damage":28,"enemies":"Hexaghost","floor":16,"turns":12},{"damage":37,"enemies":"2 Thieves","floor":18,"turns":4},{"damage":20,"enemies":"Shell Parasite","floor":19,"turns":5},{"damage":28,"enemies":"Cultist and Chosen","floor":20,"turns":5},{"damage":36,"enemies":"Snake Plant","floor":22,"turns":4},{"damage":34,"enemies":"Gremlin Leader","floor":23,"turns":1}],"seed_played":"-8668145226253907753","potions_obtained":[{"floor":8,"key":"Block Potion"},{"floor":11,"key":"Fruit Juice"},{"floor":13,"key":"Swift Potion"},{"floor":14,"key":"Block Potion"},{"floor":18,"key":"Dexterity Potion"},{"floor":19,"key":"BloodPotion"}],"is_trial":false,"path_per_floor":["M","?","M","?","?","E","R","M","T","$","M","R","E","M","R","B",null,"M","M","M","?","M","E"],"character_chosen":"IRONCLAD","items_purchased":["Toolbox"],"campfire_rested":3,"item_purchase_floors":[10],"current_hp_per_floor":[54,54,30,30,30,9,33,27,27,27,25,49,38,20,45,23,85,54,40,39,39,15,0],"gold":248,"neow_bonus":"TRANSFORM_TWO_CARDS","is_prod":false,"is_daily":false,"chose_seed":false,"campfire_upgraded":0,"win_rate":0,"timestamp":1569230890,"path_taken":["M","?","M","?","?","E","R","M","T","?","M","R","E","M","R","BOSS","M","?","M","?","M","E"],"build_version":"2019-07-17","purchased_purges":1,"victory":false,"max_hp_per_floor":[80,80,80,80,80,80,80,80,80,80,80,80,85,85,85,85,85,85,85,85,85,85,85],"card_choices":[{"not_picked":["Sword Boomerang","Ghostly Armor"],"picked":"Clash","floor":1},{"not_picked":["Perfected Strike","Flex"],"picked":"Armaments","floor":3},{"not_picked":["Fiend Fire","Clothesline"],"picked":"Body Slam","floor":6},{"not_picked":["Clothesline","Sword Boomerang"],"picked":"Flex","floor":8},{"not_picked":["Hemokinesis","True Grit"],"picked":"Flex","floor":11},{"not_picked":["Sword Boomerang","Heavy Blade"],"picked":"Berserk","floor":13},{"not_picked":["Sever Soul","True Grit"],"picked":"Sword Boomerang","floor":14},{"not_picked":["Double Tap","Bludgeon"],"picked":"Offering","floor":16},{"not_picked":["Clothesline+1","Battle Trance"],"picked":"Shrug It Off","floor":18},{"not_picked":["Warcry+1","True Grit+1"],"picked":"Fire Breathing","floor":19},{"not_picked":["Clash","Heavy Blade"],"picked":"Reaper","floor":20},{"not_picked":["Cleave+1","Thunderclap"],"picked":"Hemokinesis+1","floor":22}],"player_experience":391652,"relics_obtained":[{"floor":6,"key":"PreservedInsect"},{"floor":9,"key":"Self Forming Clay"},{"floor":13,"key":"Happy Flower"}],"event_choices":[{"damage_healed":0,"gold_gain":0,"player_choice":"Box","damage_taken":0,"relics_obtained":["Calipers"],"max_hp_gain":0,"max_hp_loss":0,"event_name":"Big Fish","floor":2,"gold_loss":0,"cards_obtained":["Regret"]},{"cards_removed":["Regret"],"damage_healed":0,"gold_gain":0,"player_choice":"Card Removal","damage_taken":0,"max_hp_gain":0,"max_hp_loss":0,"event_name":"The Cleric","floor":4,"gold_loss":50},{"damage_healed":0,"gold_gain":175,"player_choice":"AGREE","damage_taken":0,"max_hp_gain":0,"max_hp_loss":0,"event_name":"Liars Game","floor":5,"gold_loss":0,"cards_obtained":["Doubt"]},{"damage_healed":0,"gold_gain":0,"player_choice":"Gave Potion","damage_taken":0,"relics_obtained":["Frozen Egg 2"],"max_hp_gain":0,"max_hp_loss":0,"event_name":"WeMeetAgain","floor":21,"gold_loss":0}],"is_beta":false,"boss_relics":[{"not_picked":["Runic Cube","Black Blood"],"picked":"Fusion Hammer"}],"items_purged_floors":[10],"is_endless":false,"potions_floor_spawned":[8,11,13,14,18,19],"killed_by":"Gremlin Leader","ascension_level":2}