{"gold_per_floor":[117,131,306,306,321,351,362,48,48,59,69,69,89,102,102,102],"floor_reached":16,"playtime":664,"items_purged":[],"score":106,"play_id":"0b9856c7-2a80-4813-8e85-e7e1c22b8108","local_time":"20190107110506","is_ascension_mode":false,"campfire_choices":[{"floor":15,"key":"REST"}],"neow_cost":"NONE","seed_source_timestamp":756242164079980,"circlet_count":0,"master_deck":["Strike_R","Strike_R","Strike_R","Strike_R","Strike_R","Defend_R","Defend_R","Defend_R","Defend_R","Bash","Perfected Strike","Cleave","Cleave"],"relics":["Burning Blood","Vajra","Toy Ornithopter","Tiny Chest","Dodecahedron"],"potions_floor_usage":[14],"damage_taken":[{"damage":7,"enemies":"Small Slimes","floor":1,"turns":6},{"damage":0,"enemies":"2 Louse","floor":2,"turns":3},{"damage":1,"enemies":"Cultist","floor":5,"turns":4},{"damage":51,"enemies":"3 Sentries","floor":6,"turns":12},{"damage":0,"enemies":"Large Slime","floor":7,"turns":5},{"damage":16,"enemies":"Gremlin Gang","floor":10,"turns":6},{"damage":12,"enemies":"Looter","floor":11,"turns":4},{"damage":15,"enemies":"Red Slaver","floor":13,"turns":4},{"damage":11,"enemies":"Gremlin Gang","floor":14,"turns":5},{"damage":51,"enemies":"The Guardian","floor":16,"turns":9}],"seed_played":"3293771458644884421","potions_obtained":[{"floor":1,"key":"Swift Potion"},{"floor":6,"key":"LiquidBronze"},{"floor":12,"key":"EssenceOfSteel"},{"floor":12,"key":"BloodPotion"}],"is_trial":false,"path_per_floor":["M","M","?","?","M","E","M","$","T","M","M","?","M","M","R","B"],"character_chosen":"IRONCLAD","items_purchased":["Toy Ornithopter","Tiny Chest"],"campfire_rested":1,"item_purchase_floors":[8,8],"current_hp_per_floor":[79,80,80,80,80,35,41,41,41,31,25,25,16,24,48,0],"gold":102,"neow_bonus":"THREE_CARDS","is_prod":false,"is_daily":false,"chose_seed":false,"campfire_upgraded":0,"win_rate":0,"timestamp":1546819506,"path_taken":["M","M","?","?","M","E","M","$","T","?","M","?","M","M","R","BOSS"],"build_version":"2019-01-03v4","purchased_purges":0,"victory":false,"max_hp_per_floor":[80,80,80,80,80,80,80,80,80,80,80,80,80,80,80,80],"card_choices":[{"not_picked":["Heavy Blade","Bloodletting","Flex"],"picked":"SKIP","floor":1},{"not_picked":["Heavy Blade","Hemokinesis","Sentinel"],"picked":"SKIP","floor":2},{"not_picked":["Warcry","Heavy Blade","Searing Blow"],"picked":"SKIP","floor":5},{"not_picked":["Thunderclap","Flex"],"picked":"Perfected Strike","floor":6},{"not_picked":["Searing Blow","True Grit","Sword Boomerang"],"picked":"SKIP","floor":7},{"not_picked":["Flame Barrier","Metallicize"],"picked":"Cleave","floor":10},{"not_picked":["Rage","Clothesline"],"picked":"Cleave","floor":11},{"not_picked":["Sword Boomerang","Burning Pact","Double Tap"],"picked":"SKIP","floor":13},{"not_picked":["Searing Blow","Twin Strike","True Grit"],"picked":"SKIP","floor":14}],"player_experience":204580,"relics_obtained":[{"floor":6,"key":"Vajra"},{"floor":9,"key":"Dodecahedron"}],"event_choices":[{"damage_healed":0,"gold_gain":175,"player_choice":"AGREE","damage_taken":0,"max_hp_gain":0,"max_hp_loss":0,"event_name":"Liars Game","floor":3,"gold_loss":0,"cards_obtained":["Doubt"]},{"cards_removed":["Doubt"],"damage_healed":0,"gold_gain":0,"player_choice":"Removed Curses","damage_taken":0,"max_hp_gain":0,"max_hp_loss":0,"event_name":"Fountain of Cleansing","floor":4,"gold_loss":0},{"damage_healed":0,"gold_gain":0,"player_choice":"Got Potions","damage_taken":0,"max_hp_gain":0,"max_hp_loss":0,"event_name":"Lab","floor":12,"gold_loss":0}],"is_beta":false,"boss_relics":[],"items_purged_floors":[],"is_endless":false,"potions_floor_spawned":[1,6,13],"killed_by":"The Guardian","ascension_level":0}