{"gold_per_floor":[12,24,41,41,57,84,84,114,114,114,44,70,85,7,7,107,107,118,138,150,36,36,36,49,49,49,63,63,63],"floor_reached":29,"playtime":5852,"items_purged":["Strike_R"],"score":378,"play_id":"53f95edc-9f0b-440e-a798-c4c617c9370e","local_time":"20190912161315","is_ascension_mode":true,"campfire_choices":[{"data":"Body Slam","floor":10.0,"key":"SMITH"},{"data":"Fire Breathing","floor":15.0,"key":"SMITH"},{"floor":23.0,"key":"REST"},{"data":"Inflame","floor":25,"key":"SMITH"}],"neow_cost":"NO_GOLD","seed_source_timestamp":0,"circlet_count":0,"master_deck":["Strike_R","Strike_R","Defend_R","Defend_R","Defend_R","Defend_R","Bash","Evolve","Body Slam+1","Second Wind","Power Through","Rupture","Combust","Feel No Pain","Wild Strike","Immolate","Fire Breathing+1","Reaper","Anger","Metallicize+1","Inflame+1","Inflame"],"special_seed":0,"relics":["Burning Blood","WingedGreaves","Omamori","Mummified Hand","Pear","Shuriken","Sozu","Necronomicon","Meat on the Bone"],"potions_floor_usage":[],"damage_taken":[{"damage":2.0,"enemies":"Jaw Worm","floor":1.0,"turns":3.0},{"damage":8.0,"enemies":"2 Louse","floor":2.0,"turns":3.0},{"damage":23.0,"enemies":"Cultist","floor":3.0,"turns":6.0},{"damage":6.0,"enemies":"2 Fungi Beasts","floor":5.0,"turns":5.0},{"damage":0.0,"enemies":"3 Sentries","floor":6.0,"turns":8.0},{"damage":41.0,"enemies":"Gremlin Nob","floor":8.0,"turns":6.0},{"damage":19.0,"enemies":"3 Sentries","floor":12.0,"turns":5.0},{"damage":8.0,"enemies":"Gremlin Gang","floor":13.0,"turns":6.0},{"damage":41.0,"enemies":"Hexaghost","floor":16.0,"turns":11.0},{"damage":33.0,"enemies":"3 Byrds","floor":18.0,"turns":4.0},{"damage":30.0,"enemies":"2 Thieves","floor":19.0,"turns":3.0},{"damage":0.0,"enemies":"Cultist and Chosen","floor":20.0,"turns":6.0},{"damage":35.0,"enemies":"Centurion and Healer","floor":24.0,"turns":6.0},{"damage":20,"enemies":"Snecko","floor":27,"turns":4},{"damage":69,"enemies":"Book of Stabbing","floor":29,"turns":5}],"seed_played":"213120064056830799","potions_obtained":[{"floor":1.0,"key":"PowerPotion"},{"floor":3.0,"key":"SpeedPotion"},{"floor":6.0,"key":"BloodPotion"},{"floor":12.0,"key":"SpeedPotion"},{"floor":16.0,"key":"Fire Potion"}],"is_trial":false,"path_per_floor":["M","M","M","?","M","E","?","E","T","R","$","E","M","$","R","B",null,"M","M","M","$","?","R","M","R","T","M","?","E"],"character_chosen":"IRONCLAD","items_purchased":["Feel No Pain","Fire Breathing","Inflame"],"campfire_rested":1,"item_purchase_floors":[11,14,21],"current_hp_per_floor":[76,74,57,57,57,63,63,28,38,38,38,47,45,45,45,10,70,49,33,49,49,33,60,55,55,55,58,58,0],"gold":63,"neow_bonus":"ONE_RARE_RELIC","is_prod":false,"is_daily":false,"chose_seed":false,"campfire_upgraded":3,"win_rate":0,"timestamp":1568268795,"path_taken":["M","M","M","?","M","E","?","E","T","R","$","E","M","$","R","BOSS","M","M","M","$","?","R","M","R","T","M","?","E"],"build_version":"2019-07-17","purchased_purges":1,"victory":false,"max_hp_per_floor":[80,80,80,80,80,80,80,80,90,90,90,90,90,90,90,90,90,90,90,90,90,90,90,90,90,90,90,90,90],"card_choices":[{"not_picked":["Heavy Blade","Intimidate"],"picked":"Evolve","floor":1.0},{"not_picked":["Thunderclap","Blood for Blood"],"picked":"Body Slam","floor":2.0},{"not_picked":["Pommel Strike","Twin Strike"],"picked":"Second Wind","floor":3.0},{"not_picked":["Rupture","Corruption"],"picked":"Power Through","floor":5.0},{"not_picked":["Battle Trance","Warcry"],"picked":"Rupture","floor":6.0},{"not_picked":["Hemokinesis","Warcry"],"picked":"Combust","floor":8.0},{"not_picked":["Body Slam","Flex"],"picked":"Wild Strike","floor":12.0},{"not_picked":["Clothesline","Carnage"],"picked":"Immolate","floor":13.0},{"not_picked":["Immolate","Berserk"],"picked":"Reaper","floor":16.0},{"not_picked":["Perfected Strike","Bloodletting+1"],"picked":"Anger","floor":18.0},{"not_picked":["Hemokinesis","Infernal Blade"],"picked":"Metallicize+1","floor":19.0},{"not_picked":["Power Through","Twin Strike","Perfected Strike"],"picked":"SKIP","floor":20.0},{"not_picked":["Heavy Blade","Twin Strike","Thunderclap"],"picked":"SKIP","floor":24},{"not_picked":["Carnage","Twin Strike","Sword Boomerang"],"picked":"SKIP","floor":27}],"player_experience":635959,"relics_obtained":[{"floor":6.0,"key":"Omamori"},{"floor":8.0,"key":"Mummified Hand"},{"floor":9.0,"key":"Pear"},{"floor":12.0,"key":"Shuriken"},{"floor":22.0,"key":"Necronomicon"},{"floor":26,"key":"Meat on the Bone"}],"event_choices":[{"damage_healed":0.0,"max_hp_gain":0.0,"max_hp_loss":0.0,"gold_gain":0.0,"event_name":"Shining Light","player_choice":"Ignored","floor":4.0,"gold_loss":0.0,"damage_taken":0.0},{"cards_removed":["Strike_R"],"damage_healed":0.0,"max_hp_gain":0.0,"max_hp_loss":0.0,"gold_gain":0.0,"event_name":"Living Wall","player_choice":"Forget","floor":7.0,"gold_loss":0.0,"damage_taken":0.0},{"damage_healed":0.0,"max_hp_gain":0.0,"max_hp_loss":0.0,"gold_gain":0.0,"event_name":"Cursed Tome","player_choice":"Obtained Book","floor":22.0,"gold_loss":0.0,"damage_taken":16.0},{"damage_healed":0,"gold_gain":0,"cards_transformed":["Strike_R"],"player_choice":"Transformed","damage_taken":0,"max_hp_gain":0,"max_hp_loss":0,"event_name":"Transmorgrifier","floor":28,"gold_loss":0,"cards_obtained":["Inflame"]}],"is_beta":false,"boss_relics":[{"not_picked":["Cursed Key","Pandora\u0027s Box"],"picked":"Sozu"}],"items_purged_floors":[21],"is_endless":false,"potions_floor_spawned":[1,3,6,12,16,18,19,24],"killed_by":"Book of Stabbing","ascension_level":8}