{"gold_per_floor":[115,115,127,8,28,28,57,69,69,86,121,121,9,9,9,105,105,120,136,136,136,136,136,154,154,181,7,7,18,18,34,34,130,130,147,0,14,34,34,34,34],"floor_reached":41,"playtime":2289,"items_purged":["Strike_B"],"score":554,"play_id":"d3169316-7632-45b7-930e-2bf8b71edc09","local_time":"20190906223509","is_ascension_mode":true,"campfire_choices":[{"data":"Static Discharge","floor":6,"key":"SMITH"},{"data":"Sunder","floor":15,"key":"SMITH"},{"data":"Buffer","floor":23,"key":"SMITH"},{"floor":28,"key":"REST"},{"floor":32,"key":"REST"},{"floor":40,"key":"REST"}],"neow_cost":"NONE","seed_source_timestamp":1976846853462500,"circlet_count":0,"master_deck":["Dualcast","Self Repair","Loop","Static Discharge+1","Sunder+1","FTL","Consume+1","White Noise+1","Melter","Static Discharge","Creative AI","Thunder Strike","Consume+1","Go for the Eyes","Genetic Algorithm+1","Reboot+1","Buffer+1","Ball Lightning+1","Hologram+1","Cold Snap","BootSequence+1","Leap+1","Capacitor","Echo Form","Conserve Battery+1","Auto Shields+1"],"relics":["Cracked Core","Toxic Egg 2","Blue Candle","Bottled Tornado","Art of War","Pantograph","Pandora\u0027s Box","MawBank","White Beast Statue","Red Mask"],"potions_floor_usage":[7,10,11,11,18,29,31,41,41],"damage_taken":[{"damage":4,"enemies":"2 Louse","floor":1,"turns":2},{"damage":1,"enemies":"Cultist","floor":3,"turns":4},{"damage":9,"enemies":"Jaw Worm","floor":5,"turns":4},{"damage":18,"enemies":"Gremlin Nob","floor":7,"turns":3},{"damage":10,"enemies":"Exordium Wildlife","floor":8,"turns":3},{"damage":1,"enemies":"3 Louse","floor":10,"turns":3},{"damage":0,"enemies":"3 Sentries","floor":11,"turns":3},{"damage":38,"enemies":"Slime Boss","floor":16,"turns":4},{"damage":20,"enemies":"2 Thieves","floor":18,"turns":2},{"damage":14,"enemies":"Shell Parasite","floor":19,"turns":3},{"damage":51,"enemies":"Centurion and Healer","floor":24,"turns":5},{"damage":5,"enemies":"Shelled Parasite and Fungi","floor":29,"turns":3},{"damage":27,"enemies":"3 Cultists","floor":31,"turns":4},{"damage":18,"enemies":"Champ","floor":33,"turns":10},{"damage":40,"enemies":"3 Darklings","floor":35,"turns":3},{"damage":0,"enemies":"Orb Walker","floor":37,"turns":5},{"damage":11,"enemies":"Sphere and 2 Shapes","floor":38,"turns":5},{"damage":55,"enemies":"Reptomancer","floor":41,"turns":2}],"seed_played":"2432367467913591609","potions_obtained":[{"floor":0,"key":"LiquidBronze"},{"floor":0,"key":"Ancient Potion"},{"floor":0,"key":"SteroidPotion"},{"floor":1,"key":"FocusPotion"},{"floor":8,"key":"PowerPotion"},{"floor":10,"key":"SpeedPotion"},{"floor":16,"key":"Block Potion"},{"floor":18,"key":"SneckoOil"},{"floor":24,"key":"AttackPotion"},{"floor":33,"key":"SteroidPotion"},{"floor":35,"key":"Dexterity Potion"}],"is_trial":false,"path_per_floor":["M","?","M","$","M","R","E","M","T","M","E","?","$","?","R","B",null,"M","M","?","?","$","R","M","?","T","$","R","M","$","M","R","B",null,"M","?","M","M","$","R","E"],"character_chosen":"DEFECT","items_purchased":["Static Discharge","Sunder","Static Discharge","BootSequence+1","Leap+1","Capacitor"],"campfire_rested":3,"item_purchase_floors":[4,4,13,27,27,27],"current_hp_per_floor":[64,64,70,70,68,68,50,40,40,46,53,53,53,46,46,33,65,45,31,56,56,56,56,12,12,12,12,34,29,29,9,31,45,68,28,28,28,24,24,46,0],"gold":34,"neow_bonus":"THREE_SMALL_POTIONS","is_prod":false,"is_daily":false,"chose_seed":false,"campfire_upgraded":3,"win_rate":0,"timestamp":1567773309,"path_taken":["M","?","M","$","?","R","E","M","T","M","E","?","?","?","R","BOSS","M","M","?","?","$","R","M","?","T","?","R","M","$","M","R","BOSS","M","?","M","M","$","R","E"],"build_version":"2019-07-17","purchased_purges":1,"victory":false,"max_hp_per_floor":[75,75,75,75,75,75,75,75,75,75,75,75,75,75,75,75,75,75,75,75,75,75,75,75,75,75,75,75,75,75,75,75,75,75,75,75,75,75,75,75,75],"card_choices":[{"not_picked":["Force Field","Compile Driver","Hello World"],"picked":"SKIP","floor":1},{"not_picked":["Cold Snap","Heatsinks"],"picked":"Loop","floor":3},{"not_picked":["Ball Lightning","Scrape"],"picked":"FTL","floor":5},{"not_picked":["Compile Driver","Seek"],"picked":"Consume","floor":7},{"not_picked":["Beam Cell","Force Field+1"],"picked":"White Noise+1","floor":8},{"not_picked":["Steam+1","Static Discharge"],"picked":"Melter","floor":10},{"not_picked":["Steam+1","Steam Power+1","Cold Snap"],"picked":"SKIP","floor":11},{"not_picked":["Buffer","All For One"],"picked":"Creative AI","floor":16},{"not_picked":["Turbo+1","Barrage+1"],"picked":"Ball Lightning+1","floor":18},{"not_picked":["Cold Snap","Rebound"],"picked":"Hologram+1","floor":19},{"not_picked":["Lockon+1","Heatsinks"],"picked":"Cold Snap","floor":24},{"not_picked":["Doom and Gloom+1","Coolheaded+1","Go for the Eyes"],"picked":"SKIP","floor":29},{"not_picked":["Skim+1","Chill+1","Rebound"],"picked":"SKIP","floor":31},{"not_picked":["Rainbow+1","Seek+1"],"picked":"Echo Form","floor":33},{"not_picked":["Stack+1","Coolheaded+1"],"picked":"Conserve Battery+1","floor":35},{"not_picked":["Gash+1","Undo+1","Storm+1"],"picked":"SKIP","floor":37},{"not_picked":["Undo+1","Darkness+1"],"picked":"Auto Shields+1","floor":38}],"player_experience":572108,"relics_obtained":[{"floor":7,"key":"Toxic Egg 2"},{"floor":9,"key":"Blue Candle"},{"floor":11,"key":"Bottled Tornado"},{"floor":26,"key":"MawBank"}],"event_choices":[{"damage_healed":0,"gold_gain":0,"cards_transformed":["Strike_B"],"player_choice":"Transformed","damage_taken":0,"max_hp_gain":0,"max_hp_loss":0,"event_name":"Transmorgrifier","floor":2,"gold_loss":0,"cards_obtained":["Self Repair"]},{"damage_healed":0,"gold_gain":0,"player_choice":"Searched \u00271\u0027 times","damage_taken":0,"relics_obtained":["Art of War"],"max_hp_gain":0,"max_hp_loss":0,"event_name":"Dead Adventurer","floor":12,"gold_loss":0},{"damage_healed":0,"gold_gain":0,"player_choice":"Success","damage_taken":7,"relics_obtained":["Pantograph"],"max_hp_gain":0,"max_hp_loss":0,"event_name":"Scrap Ooze","floor":14,"gold_loss":0},{"damage_healed":25,"gold_gain":0,"player_choice":"Heal","damage_taken":0,"max_hp_gain":0,"max_hp_loss":0,"event_name":"The Library","floor":20,"gold_loss":0},{"damage_healed":0,"gold_gain":0,"player_choice":"Ignored","damage_taken":0,"max_hp_gain":0,"max_hp_loss":0,"event_name":"Vampires","floor":21,"gold_loss":0},{"cards_removed":["Zap"],"damage_healed":0,"gold_gain":0,"player_choice":"Elegance","damage_taken":0,"max_hp_gain":0,"max_hp_loss":0,"event_name":"Back to Basics","floor":25,"gold_loss":0},{"damage_healed":0,"gold_gain":0,"player_choice":"Paid","damage_taken":0,"relics_obtained":["Red Mask"],"max_hp_gain":0,"max_hp_loss":0,"event_name":"Tomb of Lord Red Mask","floor":36,"gold_loss":147}],"is_beta":false,"boss_relics":[{"not_picked":["Snecko Eye","Ectoplasm"],"picked":"Pandora\u0027s Box"},{"not_picked":["Runic Dome","Cursed Key"],"picked":"White Beast Statue"}],"items_purged_floors":[13],"is_endless":false,"potions_floor_spawned":[1,8,10,16,18,24,33,35,37,38],"killed_by":"Reptomancer","ascension_level":6}