{"gold_per_floor":[111,128,146,146,163,194,194,224,524,538,538],"floor_reached":11,"playtime":518,"items_purged":[],"score":85,"play_id":"8f9d777a-68e4-4476-8711-e6e1bd2f66ee","local_time":"20190106222005","is_ascension_mode":false,"campfire_choices":[],"neow_cost":"NONE","seed_source_timestamp":710464592007768,"circlet_count":0,"master_deck":["Strike_R","Strike_R","Strike_R","Strike_R","Strike_R","Defend_R","Defend_R","Defend_R","Defend_R","Bash+1","Battle Trance","Pommel Strike","Perfected Strike","Wild Strike","Perfected Strike"],"special_seed":0,"relics":["Burning Blood","Bronze Scales","Blue Candle","Old Coin"],"potions_floor_usage":[],"damage_taken":[{"damage":5.0,"enemies":"Cultist","floor":1.0,"turns":4.0},{"damage":2.0,"enemies":"Small Slimes","floor":2.0,"turns":4.0},{"damage":11.0,"enemies":"Jaw Worm","floor":3.0,"turns":6.0},{"damage":7.0,"enemies":"Looter","floor":5.0,"turns":4.0},{"damage":57.0,"enemies":"Lagavulin","floor":6.0,"turns":9.0},{"damage":27,"enemies":"Gremlin Nob","floor":8,"turns":4},{"damage":2,"enemies":"3 Louse","floor":10,"turns":3},{"damage":16,"enemies":"Lots of Slimes","floor":11,"turns":2}],"seed_played":"-10125677788839012","potions_obtained":[{"floor":2.0,"key":"GamblersBrew"},{"floor":3.0,"key":"FearPotion"},{"floor":6.0,"key":"Block Potion"}],"is_trial":false,"path_per_floor":["M","M","M","$","M","E","?","E","T","M","M"],"character_chosen":"IRONCLAD","items_purchased":[],"campfire_rested":0,"item_purchase_floors":[],"current_hp_per_floor":[88,88,83,83,82,31,31,10,10,14,0],"gold":538,"neow_bonus":"TEN_PERCENT_HP_BONUS","is_prod":false,"is_daily":false,"chose_seed":false,"campfire_upgraded":0,"win_rate":0,"timestamp":1546773605,"path_taken":["M","?","M","$","M","E","?","E","T","M","M"],"build_version":"2019-01-03v4","purchased_purges":0,"victory":false,"max_hp_per_floor":[88,88,88,88,88,88,88,88,88,88,88],"card_choices":[{"not_picked":["Cleave","Shrug It Off","Searing Blow"],"picked":"SKIP","floor":1.0},{"not_picked":["Entrench","Sentinel"],"picked":"Battle Trance","floor":2.0},{"not_picked":["Headbutt","Intimidate"],"picked":"Pommel Strike","floor":3.0},{"not_picked":["Thunderclap","Disarm","Body Slam"],"picked":"SKIP","floor":5.0},{"not_picked":["Headbutt","Iron Wave"],"picked":"Perfected Strike","floor":6.0},{"not_picked":["Reckless Charge","Shrug It Off"],"picked":"Wild Strike","floor":8},{"not_picked":["Spot Weakness","Infernal Blade"],"picked":"Perfected Strike","floor":10}],"player_experience":198031,"relics_obtained":[{"floor":6.0,"key":"Bronze Scales"},{"floor":8,"key":"Blue Candle"},{"floor":9,"key":"Old Coin"}],"event_choices":[{"damage_healed":0.0,"max_hp_gain":0.0,"max_hp_loss":0.0,"gold_gain":0.0,"event_name":"Living Wall","player_choice":"Grow","floor":7.0,"gold_loss":0.0,"damage_taken":0.0,"cards_upgraded":["Bash"]}],"is_beta":false,"boss_relics":[],"items_purged_floors":[],"is_endless":false,"potions_floor_spawned":[2,3,6],"killed_by":"Lots of Slimes","ascension_level":0}