{"gold_per_floor":[11,11,29,54,70,70,101,115,115,158,158,183,183,206,206,334,334,353,200,200,252,69,104,104,104,128,53,89,89,114,141,141,260,260,284,284,284,304,304,304,304,304,304,304],"floor_reached":44,"playtime":24184,"items_purged":["Strike_B"],"score":610,"play_id":"2966c1a5-7477-4c08-93aa-88216a9750af","local_time":"20190914232317","is_ascension_mode":true,"campfire_choices":[{"data":"Zap","floor":6,"key":"SMITH"},{"floor":11,"key":"REST"},{"data":"Defragment","floor":13,"key":"SMITH"},{"floor":15,"key":"REST"},{"floor":25,"key":"REST"},{"floor":32,"key":"REST"},{"floor":40,"key":"REST"},{"data":"Biased Cognition","floor":42,"key":"SMITH"}],"neow_cost":"NO_GOLD","seed_source_timestamp":234125006003500,"circlet_count":0,"master_deck":["Strike_B","Defend_B","Defend_B","Defend_B","Defend_B","Zap+1","Dualcast","Sweeping Beam","Injury","Lockon","Doom and Gloom","Machine Learning","Coolheaded","Undo","Defragment+1","Leap","Core Surge","Ball Lightning","Capacitor","Static Discharge","Amplify","Hologram","Multi-Cast","Injury","Doubt","Pain","Biased Cognition+1"],"relics":["Cracked Core","Golden Idol","Kunai","Gremlin Horn","Bottled Lightning","Lizard Tail","Potion Belt","DataDisk","Cables","Blood Vial","Turnip","Bronze Scales","Calling Bell","Omamori","Dodecahedron","Du-Vu Doll","Pantograph","Ornamental Fan"],"potions_floor_usage":[5,12,16,23,23,23,38,44],"damage_taken":[{"damage":3,"enemies":"2 Louse","floor":1,"turns":3},{"damage":7,"enemies":"Jaw Worm","floor":3,"turns":4},{"damage":0,"enemies":"Small Slimes","floor":4,"turns":3},{"damage":13,"enemies":"3 Louse","floor":5,"turns":3},{"damage":10,"enemies":"Gremlin Nob","floor":7,"turns":3},{"damage":7,"enemies":"Looter","floor":8,"turns":3},{"damage":10,"enemies":"Lagavulin","floor":10,"turns":5},{"damage":9,"enemies":"Exordium Wildlife","floor":12,"turns":4},{"damage":12,"enemies":"Exordium Thugs","floor":14,"turns":3},{"damage":24,"enemies":"Slime Boss","floor":16,"turns":6},{"damage":26,"enemies":"Spheric Guardian","floor":18,"turns":5},{"damage":44,"enemies":"Slavers","floor":23,"turns":4},{"damage":41,"enemies":"Book of Stabbing","floor":28,"turns":5},{"damage":15,"enemies":"Shell Parasite","floor":30,"turns":4},{"damage":64,"enemies":"Automaton","floor":33,"turns":8},{"damage":26,"enemies":"3 Shapes","floor":35,"turns":4},{"damage":6,"enemies":"Orb Walker","floor":38,"turns":3},{"damage":72,"enemies":"Giant Head","floor":44,"turns":6}],"seed_played":"-7929430894758324103","potions_obtained":[{"floor":3,"key":"GamblersBrew"},{"floor":7,"key":"Regen Potion"},{"floor":10,"key":"SpeedPotion"},{"floor":12,"key":"Strength Potion"},{"floor":14,"key":"Swift Potion"},{"floor":16,"key":"Explosive Potion"},{"floor":30,"key":"Ancient Potion"},{"floor":35,"key":"Block Potion"}],"is_trial":false,"path_per_floor":["M","?","M","M","M","R","E","M","T","E","R","M","R","M","R","B",null,"M","$","?","T","$","E","?","R","T","?","E","?","M","T","R","B",null,"M","?","T","M","?","R","?","R","T","E"],"character_chosen":"DEFECT","items_purchased":["Capacitor","Static Discharge","DataDisk"],"campfire_rested":5,"item_purchase_floors":[19,22,22],"current_hp_per_floor":[79,79,72,72,59,59,49,42,42,32,58,49,49,37,63,39,77,51,51,51,51,51,19,19,45,45,45,6,6,37,37,63,1,67,43,43,43,39,39,64,64,64,64,0],"gold":304,"neow_bonus":"TWENTY_PERCENT_HP_BONUS","is_prod":false,"is_daily":false,"chose_seed":false,"campfire_upgraded":3,"win_rate":0,"timestamp":1568467397,"path_taken":["M","?","M","M","M","R","E","M","T","E","R","M","R","M","R","BOSS","M","$","?","?","$","E","?","R","T","?","E","?","?","?","R","BOSS","M","?","?","?","?","R","?","R","T","E"],"build_version":"2019-07-17","purchased_purges":1,"victory":false,"max_hp_per_floor":[89,89,89,89,89,89,89,89,89,89,89,89,89,89,89,89,89,89,89,89,89,89,89,89,89,89,89,89,89,89,89,89,89,89,89,85,85,85,85,85,85,85,85,85],"card_choices":[{"not_picked":["Compile Driver","Redo"],"picked":"Sweeping Beam","floor":1},{"not_picked":["Reprogram","Coolheaded"],"picked":"Lockon","floor":3},{"not_picked":["Rebound","Redo"],"picked":"Doom and Gloom","floor":4},{"not_picked":["Compile Driver","Barrage"],"picked":"Machine Learning","floor":5},{"not_picked":["Rebound","Streamline","Skim"],"picked":"SKIP","floor":7},{"not_picked":["Tempest","Steam Power"],"picked":"Coolheaded","floor":8},{"not_picked":["Turbo","Barrage"],"picked":"Undo","floor":10},{"not_picked":["Conserve Battery","Undo"],"picked":"Defragment","floor":12},{"not_picked":["Melter","Compile Driver"],"picked":"Leap","floor":14},{"not_picked":["Rainbow","Seek"],"picked":"Core Surge","floor":16},{"not_picked":["Lockon","Redo"],"picked":"Ball Lightning","floor":18},{"not_picked":["Beam Cell","Coolheaded"],"picked":"Amplify","floor":23},{"not_picked":["Double Energy","Coolheaded+1"],"picked":"Hologram","floor":28},{"not_picked":["Lockon","Rebound+1","Leap"],"picked":"SKIP","floor":30},{"not_picked":["Hyperbeam","All For One"],"picked":"Multi-Cast","floor":33},{"not_picked":["Turbo","Coolheaded"],"picked":"Biased Cognition","floor":35},{"not_picked":["Recycle","Storm"],"picked":"Fusion+1","floor":38}],"player_experience":656386,"relics_obtained":[{"floor":7,"key":"Kunai"},{"floor":9,"key":"Gremlin Horn"},{"floor":10,"key":"Bottled Lightning"},{"floor":21,"key":"Potion Belt"},{"floor":23,"key":"Cables"},{"floor":26,"key":"Blood Vial"},{"floor":28,"key":"Turnip"},{"floor":31,"key":"Bronze Scales"},{"floor":34,"key":"Omamori"},{"floor":34,"key":"Dodecahedron"},{"floor":34,"key":"Du-Vu Doll"},{"floor":37,"key":"Pantograph"},{"floor":43,"key":"Ornamental Fan"}],"event_choices":[{"damage_healed":0,"gold_gain":0,"player_choice":"Take Wound","damage_taken":0,"relics_obtained":["Golden Idol"],"max_hp_gain":0,"max_hp_loss":0,"event_name":"Golden Idol","floor":2,"gold_loss":0,"cards_obtained":["Injury"]},{"damage_healed":0,"gold_gain":0,"player_choice":"Ignored","damage_taken":0,"max_hp_gain":0,"max_hp_loss":0,"event_name":"Vampires","floor":20,"gold_loss":0},{"cards_removed":["Strike_B"],"damage_healed":0,"gold_gain":0,"player_choice":"Elegance","damage_taken":0,"max_hp_gain":0,"max_hp_loss":0,"event_name":"Back to Basics","floor":24,"gold_loss":0},{"cards_removed":["Strike_B"],"damage_healed":0,"gold_gain":0,"player_choice":"Gave Gold","damage_taken":0,"max_hp_gain":0,"max_hp_loss":0,"event_name":"Beggar","floor":27,"gold_loss":75},{"damage_healed":0,"gold_gain":0,"player_choice":"Ignored","damage_taken":0,"max_hp_gain":0,"max_hp_loss":0,"event_name":"Cursed Tome","floor":29,"gold_loss":0},{"damage_healed":0,"gold_gain":0,"player_choice":"Max HP","damage_taken":0,"max_hp_gain":0,"max_hp_loss":4,"event_name":"Winding Halls","floor":36,"gold_loss":0},{"cards_removed":["Fusion"],"damage_healed":0,"gold_gain":0,"player_choice":"Removed Skill","damage_taken":0,"max_hp_gain":0,"max_hp_loss":0,"event_name":"Falling","floor":39,"gold_loss":0},{"damage_healed":0,"gold_gain":0,"player_choice":"Ignored","damage_taken":0,"max_hp_gain":0,"max_hp_loss":0,"event_name":"Tomb of Lord Red Mask","floor":41,"gold_loss":0}],"is_beta":false,"boss_relics":[{"not_picked":["Cursed Key","Coffee Dripper"],"picked":"Lizard Tail"},{"not_picked":["Velvet Choker","Orrery"],"picked":"Calling Bell"}],"items_purged_floors":[19],"is_endless":false,"potions_floor_spawned":[3,7,10,12,14,16,30,35],"killed_by":"Giant Head","ascension_level":7}