{"gold_per_floor":[115,129,129,129,147,172,172,213,213,213],"floor_reached":10,"playtime":704,"items_purged":[],"score":91,"play_id":"0fd1a1c0-4ca0-45ab-b81a-2b78d9f3679f","local_time":"20190830213508","is_ascension_mode":true,"campfire_choices":[],"neow_cost":"NONE","seed_source_timestamp":1370031601325600,"circlet_count":0,"master_deck":["Strike_B","Strike_B","Strike_B","Strike_B","Defend_B","Defend_B","Defend_B","Defend_B","Zap","Dualcast","Genetic Algorithm+1","Biased Cognition","Creative AI"],"relics":["Cracked Core","The Courier","Golden Idol","Symbiotic Virus","Meat on the Bone"],"potions_floor_usage":[6,6],"damage_taken":[{"damage":3,"enemies":"2 Louse","floor":1,"turns":2},{"damage":0,"enemies":"Small Slimes","floor":2,"turns":3},{"damage":8,"enemies":"Jaw Worm","floor":5,"turns":4},{"damage":41,"enemies":"3 Sentries","floor":6,"turns":9},{"damage":40,"enemies":"Lagavulin","floor":8,"turns":8},{"damage":10,"enemies":"Gremlin Gang","floor":10,"turns":1}],"seed_played":"4338621254350610259","potions_obtained":[{"floor":1,"key":"Regen Potion"},{"floor":2,"key":"PowerPotion"}],"is_trial":false,"path_per_floor":["M","M","?","?","M","E","?","E","T","M"],"character_chosen":"DEFECT","items_purchased":[],"campfire_rested":0,"item_purchase_floors":[],"current_hp_per_floor":[79,79,84,84,76,50,50,10,10,0],"gold":213,"neow_bonus":"TEN_PERCENT_HP_BONUS","is_prod":false,"is_daily":false,"chose_seed":false,"campfire_upgraded":0,"win_rate":0,"timestamp":1567164908,"path_taken":["M","M","?","?","M","E","?","E","T","M"],"build_version":"2019-07-17","purchased_purges":0,"victory":false,"max_hp_per_floor":[82,82,87,87,87,87,81,81,81,81],"card_choices":[{"not_picked":["Darkness","Leap","Redo"],"picked":"SKIP","floor":1},{"not_picked":["Barrage","Steam"],"picked":"Genetic Algorithm","floor":2},{"not_picked":["Stack","Hello World","Sweeping Beam"],"picked":"SKIP","floor":5},{"not_picked":["Sweeping Beam","Reprogram"],"picked":"Biased Cognition","floor":6},{"not_picked":["Coolheaded","Static Discharge"],"picked":"Creative AI","floor":8}],"player_experience":476715,"relics_obtained":[{"floor":6,"key":"The Courier"},{"floor":8,"key":"Symbiotic Virus"},{"floor":9,"key":"Meat on the Bone"}],"event_choices":[{"damage_healed":0,"gold_gain":0,"player_choice":"Donut","damage_taken":0,"max_hp_gain":5,"max_hp_loss":0,"event_name":"Big Fish","floor":3,"gold_loss":0},{"damage_healed":0,"gold_gain":0,"player_choice":"Grow","damage_taken":0,"max_hp_gain":0,"max_hp_loss":0,"event_name":"Living Wall","floor":4,"gold_loss":0,"cards_upgraded":["Genetic Algorithm"]},{"damage_healed":0,"gold_gain":0,"player_choice":"Lose Max HP","damage_taken":0,"relics_obtained":["Golden Idol"],"max_hp_gain":0,"max_hp_loss":6,"event_name":"Golden Idol","floor":7,"gold_loss":0}],"is_beta":false,"boss_relics":[],"items_purged_floors":[],"is_endless":false,"potions_floor_spawned":[1,2],"killed_by":"Gremlin Gang","ascension_level":4}