{"gold_per_floor":[11,24,24,34,52,52,0,31,31,31,45,76,76,1,1,101,101,118,218,238,255,255,255,286,286,313,324,38,52,52,69,69,69],"floor_reached":33,"playtime":2183,"items_purged":["Strike_B","Strike_B"],"score":374,"play_id":"572fc42b-ecad-49bc-a2ea-02e72ea17fbf","local_time":"20190913024630","is_ascension_mode":true,"campfire_choices":[{"data":"Conserve Battery","floor":6,"key":"SMITH"},{"data":"Creative AI","floor":10,"key":"SMITH"},{"floor":15,"key":"REST"},{"floor":23,"key":"REST"},{"data":"Self Repair","floor":25,"key":"SMITH"},{"floor":32,"key":"REST"}],"neow_cost":"NO_GOLD","seed_source_timestamp":95528083456600,"circlet_count":0,"master_deck":["Strike_B","Defend_B","Defend_B","Defend_B","Defend_B","Zap+1","Dualcast","Coolheaded","BootSequence","Darkness","Conserve Battery+1","Ball Lightning","Creative AI+1","Go for the Eyes+1","Barrage+1","Reboot+1","Compile Driver+1","Sunder+1","Self Repair+1","Leap+1","Force Field+1","Double Energy+1","Core Surge+1","Reinforced Body+1","Steam+1"],"relics":["Cracked Core","Emotion Chip","Molten Egg 2","Toxic Egg 2","Lizard Tail","Nloth\u0027s Gift","Ornamental Fan","Lantern"],"potions_floor_usage":[16,21,24,31],"damage_taken":[{"damage":8,"enemies":"Small Slimes","floor":1,"turns":3},{"damage":2,"enemies":"Jaw Worm","floor":2,"turns":4},{"damage":0,"enemies":"2 Louse","floor":4,"turns":2},{"damage":4,"enemies":"Red Slaver","floor":5,"turns":3},{"damage":8,"enemies":"Lagavulin","floor":8,"turns":7},{"damage":0,"enemies":"Large Slime","floor":11,"turns":5},{"damage":4,"enemies":"3 Sentries","floor":12,"turns":5},{"damage":2,"enemies":"The Guardian","floor":16,"turns":9},{"damage":3,"enemies":"Chosen","floor":18,"turns":4},{"damage":2,"enemies":"Shell Parasite","floor":20,"turns":4},{"damage":32,"enemies":"3 Cultists","floor":21,"turns":6},{"damage":60,"enemies":"Gremlin Leader","floor":24,"turns":7},{"damage":21,"enemies":"Shelled Parasite and Fungi","floor":27,"turns":7},{"damage":31,"enemies":"Snake Plant","floor":29,"turns":5},{"damage":0,"enemies":"Snecko","floor":31,"turns":4},{"damage":37,"enemies":"Collector","floor":33,"turns":3}],"seed_played":"-5856113427793061340","potions_obtained":[{"floor":2,"key":"Block Potion"},{"floor":5,"key":"GamblersBrew"},{"floor":11,"key":"SmokeBomb"},{"floor":12,"key":"Explosive Potion"},{"floor":21,"key":"LiquidBronze"},{"floor":27,"key":"Dexterity Potion"},{"floor":29,"key":"Swift Potion"}],"is_trial":false,"path_per_floor":["M","M","?","M","M","R","$","E","T","R","M","E","?","$","R","B",null,"M","?","M","M","?","R","E","R","T","M","$","M","$","M","R","B"],"character_chosen":"DEFECT","items_purchased":["Ball Lightning","Double Energy+1","Core Surge+1"],"campfire_rested":3,"item_purchase_floors":[7,28,28],"current_hp_per_floor":[60,58,58,58,54,54,54,46,46,46,46,42,35,35,57,55,70,67,67,65,33,33,55,44,44,44,33,33,12,12,12,34,0],"gold":69,"neow_bonus":"ONE_RARE_RELIC","is_prod":false,"is_daily":false,"chose_seed":false,"campfire_upgraded":3,"win_rate":0,"timestamp":1568306790,"path_taken":["M","M","?","M","M","R","?","E","T","R","M","E","?","$","R","BOSS","M","?","?","M","?","R","E","R","T","M","$","?","$","M","R","BOSS"],"build_version":"2019-07-17","purchased_purges":2,"victory":false,"max_hp_per_floor":[75,75,75,75,75,75,75,75,75,75,75,75,75,75,75,75,75,75,75,75,75,75,75,75,75,75,75,75,75,75,75,75,75],"card_choices":[{"not_picked":["Steam","Skim"],"picked":"Coolheaded","floor":1},{"not_picked":["Scrape","Compile Driver"],"picked":"BootSequence","floor":2},{"not_picked":["Reprogram","Force Field"],"picked":"Darkness","floor":4},{"not_picked":["Compile Driver","Coolheaded"],"picked":"Conserve Battery","floor":5},{"not_picked":["Lockon","Ball Lightning"],"picked":"Creative AI","floor":8},{"not_picked":["Blizzard+1","Gash+1"],"picked":"Go for the Eyes+1","floor":11},{"not_picked":["Conserve Battery","Blizzard+1"],"picked":"Barrage+1","floor":12},{"not_picked":["Creative AI","Machine Learning"],"picked":"Reboot+1","floor":16},{"not_picked":["Coolheaded+1","Blizzard+1"],"picked":"Compile Driver+1","floor":18},{"not_picked":["Barrage+1","Streamline+1"],"picked":"Sunder+1","floor":20},{"not_picked":["Barrage+1","Force Field+1"],"picked":"Self Repair","floor":21},{"not_picked":["Scrape+1","Gash+1"],"picked":"Leap+1","floor":24},{"not_picked":["Conserve Battery+1","Steam+1"],"picked":"Force Field+1","floor":27},{"not_picked":["Leap+1","Buffer"],"picked":"Reinforced Body+1","floor":29},{"not_picked":["All For One+1","Rip and Tear+1"],"picked":"Steam+1","floor":31}],"player_experience":648316,"relics_obtained":[{"floor":8,"key":"PreservedInsect"},{"floor":9,"key":"Molten Egg 2"},{"floor":12,"key":"Toxic Egg 2"},{"floor":24,"key":"Ornamental Fan"},{"floor":26,"key":"Lantern"}],"event_choices":[{"damage_healed":0,"gold_gain":0,"player_choice":"Grow","damage_taken":0,"max_hp_gain":0,"max_hp_loss":0,"event_name":"Living Wall","floor":3,"gold_loss":0,"cards_upgraded":["Zap"]},{"cards_removed":["Strike_B"],"damage_healed":0,"gold_gain":0,"player_choice":"Card Removal","damage_taken":7,"max_hp_gain":0,"max_hp_loss":0,"event_name":"Golden Wing","floor":13,"gold_loss":0},{"damage_healed":0,"gold_gain":100,"player_choice":"Pray","damage_taken":0,"max_hp_gain":0,"max_hp_loss":0,"event_name":"Golden Shrine","floor":19,"gold_loss":0},{"damage_healed":0,"gold_gain":0,"player_choice":"Traded Relic","damage_taken":0,"relics_obtained":["Nloth\u0027s Gift"],"max_hp_gain":0,"max_hp_loss":0,"event_name":"N\u0027loth","floor":22,"relics_lost":["PreservedInsect"],"gold_loss":0}],"is_beta":false,"boss_relics":[{"not_picked":["Calling Bell","Fusion Hammer"],"picked":"Lizard Tail"}],"items_purged_floors":[14,28],"is_endless":false,"potions_floor_spawned":[2,5,11,12,21,27,29],"killed_by":"Collector","ascension_level":7}