{"gold_per_floor":[116,133,151,39,57,57,57,92,115,129,129,29,29,29,29,29],"floor_reached":16,"playtime":807,"items_purged":["Strike_B","Strike_B"],"score":120,"play_id":"1a04d57a-79a8-4383-bc00-729176528285","local_time":"20190829210103","is_ascension_mode":true,"campfire_choices":[{"floor":6,"key":"REST"},{"data":"Echo Form","floor":11,"key":"SMITH"},{"floor":15,"key":"REST"}],"neow_cost":"NONE","seed_source_timestamp":1281483354850200,"circlet_count":0,"master_deck":["Strike_B","Strike_B","Defend_B","Defend_B","Defend_B","Defend_B","Zap","Dualcast","Streamline","Hologram","Capacitor+1","Gash","Echo Form+1"],"relics":["Cracked Core","Art of War","Vajra"],"potions_floor_usage":[5],"damage_taken":[{"damage":1,"enemies":"Cultist","floor":1,"turns":4},{"damage":11,"enemies":"Small Slimes","floor":2,"turns":3},{"damage":1,"enemies":"2 Louse","floor":3,"turns":3},{"damage":34,"enemies":"Exordium Thugs","floor":5,"turns":7},{"damage":32,"enemies":"Lagavulin","floor":8,"turns":8},{"damage":10,"enemies":"Red Slaver","floor":10,"turns":3},{"damage":74,"enemies":"Hexaghost","floor":16,"turns":10}],"seed_played":"4080777359763418971","potions_obtained":[{"floor":1,"key":"Poison Potion"},{"floor":3,"key":"Dexterity Potion"},{"floor":8,"key":"Explosive Potion"}],"is_trial":false,"path_per_floor":["M","M","M","$","M","R","?","E","T","M","R","$","?","?","R","B"],"character_chosen":"DEFECT","items_purchased":["Capacitor"],"campfire_rested":2,"item_purchase_floors":[4],"current_hp_per_floor":[81,70,69,69,35,59,59,27,27,17,17,17,44,44,68,0],"gold":29,"neow_bonus":"TEN_PERCENT_HP_BONUS","is_prod":false,"is_daily":false,"chose_seed":false,"campfire_upgraded":1,"win_rate":0,"timestamp":1567076463,"path_taken":["M","M","M","?","M","R","?","E","T","?","R","$","?","?","R","BOSS"],"build_version":"2019-07-17","purchased_purges":2,"victory":false,"max_hp_per_floor":[82,82,82,82,82,82,82,82,82,82,82,82,82,82,82,82],"card_choices":[{"not_picked":["Chill","Turbo"],"picked":"Streamline","floor":1},{"not_picked":["Cold Snap","Loop"],"picked":"Hologram","floor":2},{"not_picked":["Sweeping Beam","Leap","Go for the Eyes"],"picked":"SKIP","floor":3},{"not_picked":["Rebound","Meteor Strike"],"picked":"Gash","floor":5},{"not_picked":["Ball Lightning","Sweeping Beam"],"picked":"Echo Form","floor":8},{"not_picked":["Steam Power","Streamline","Turbo"],"picked":"SKIP","floor":10}],"player_experience":453871,"relics_obtained":[{"floor":8,"key":"Art of War"},{"floor":9,"key":"Vajra"}],"event_choices":[{"damage_healed":0,"gold_gain":0,"player_choice":"Upgraded","damage_taken":0,"max_hp_gain":0,"max_hp_loss":0,"event_name":"Upgrade Shrine","floor":7,"gold_loss":0,"cards_upgraded":["Capacitor"]},{"damage_healed":27,"gold_gain":0,"player_choice":"Banana","damage_taken":0,"max_hp_gain":0,"max_hp_loss":0,"event_name":"Big Fish","floor":13,"gold_loss":0},{"damage_healed":0,"gold_gain":0,"player_choice":"Ignored","damage_taken":0,"max_hp_gain":0,"max_hp_loss":0,"event_name":"Liars Game","floor":14,"gold_loss":0}],"is_beta":false,"boss_relics":[],"items_purged_floors":[4,12],"is_endless":false,"potions_floor_spawned":[1,3,8],"killed_by":"Hexaghost","ascension_level":4}