{"gold_per_floor":[112,62,82,82,99,99,110,143,143,143,162,177,204,21,21,125,125,140,140,140,123,43,43,70,70,70,70,101,116,130,156,156,256,256,270,270,52,52,65,100,120,149,173,187,187,5,5,5],"floor_reached":48,"playtime":3652,"items_purged":["Strike_B","Defend_B","Strike_B","Defend_B"],"score":815,"play_id":"fa776e44-0ebf-4e77-99a2-c77f6b15fa43","local_time":"20190906014321","is_ascension_mode":true,"campfire_choices":[{"data":"Streamline","floor":6,"key":"SMITH"},{"data":"Static Discharge","floor":10,"key":"SMITH"},{"data":"Genetic Algorithm","floor":15,"key":"SMITH"},{"data":"Hologram","floor":23,"key":"SMITH"},{"data":"Ghostly","floor":25,"key":"SMITH"},{"floor":32,"key":"REST"},{"data":"Ghostly","floor":47,"key":"SMITH"}],"neow_cost":"NONE","seed_source_timestamp":1900374817934100,"circlet_count":0,"master_deck":["Defend_B","Dualcast","Streamline+1","Self Repair","Reinforced Body","Capacitor","Static Discharge+1","Sweeping Beam+1","Genetic Algorithm+1","Rainbow","Leap","Hologram+1","Ghostly+1","Ghostly+1","Ghostly+1","Ghostly","Ghostly","Amplify","Sweeping Beam+1","Turbo","Storm+1","White Noise","White Noise+1","BootSequence","Core Surge","Madness","Madness","The Bomb","Auto Shields+1","Streamline+1","Parasite","Defragment+1"],"relics":["Cracked Core","Bronze Scales","The Courier","Prayer Wheel","Regal Pillow","Black Star","Frozen Egg 2","Vajra","Shuriken","Bottled Flame","Happy Flower","Sundial","Mummified Hand","Eternal Feather","Bag of Marbles","Mercury Hourglass","Ancient Tea Set","Pantograph","Whetstone","Blood Vial"],"potions_floor_usage":[0,5,16,16,31,31,33,40],"damage_taken":[{"damage":1,"enemies":"2 Louse","floor":1,"turns":2},{"damage":0,"enemies":"Small Slimes","floor":3,"turns":3},{"damage":9,"enemies":"Jaw Worm","floor":5,"turns":4},{"damage":6,"enemies":"Looter","floor":7,"turns":3},{"damage":15,"enemies":"Lagavulin","floor":8,"turns":6},{"damage":3,"enemies":"Red Slaver","floor":11,"turns":4},{"damage":7,"enemies":"Large Slime","floor":12,"turns":5},{"damage":18,"enemies":"3 Sentries","floor":13,"turns":6},{"damage":28,"enemies":"The Guardian","floor":16,"turns":10},{"damage":40,"enemies":"Shell Parasite","floor":18,"turns":6},{"damage":9,"enemies":"2 Thieves","floor":21,"turns":5},{"damage":5,"enemies":"Slavers","floor":24,"turns":6},{"damage":5,"enemies":"Book of Stabbing","floor":28,"turns":5},{"damage":25,"enemies":"Cultist and Chosen","floor":29,"turns":6},{"damage":3,"enemies":"3 Cultists","floor":30,"turns":5},{"damage":0,"enemies":"Gremlin Leader","floor":31,"turns":8},{"damage":21,"enemies":"Automaton","floor":33,"turns":9},{"damage":13,"enemies":"3 Darklings","floor":35,"turns":4},{"damage":0,"enemies":"Orb Walker","floor":39,"turns":2},{"damage":5,"enemies":"Reptomancer","floor":40,"turns":6},{"damage":1,"enemies":"Writhing Mass","floor":41,"turns":5},{"damage":0,"enemies":"Nemesis","floor":42,"turns":7},{"damage":1,"enemies":"Jaw Worm Horde","floor":44,"turns":5},{"damage":43,"enemies":"4 Shapes","floor":48,"turns":3}],"seed_played":"7596150570337899620","potions_obtained":[{"floor":0,"key":"Dexterity Potion"},{"floor":0,"key":"Poison Potion"},{"floor":0,"key":"Fruit Juice"},{"floor":3,"key":"SpeedPotion"},{"floor":7,"key":"Ancient Potion"},{"floor":24,"key":"Fire Potion"},{"floor":28,"key":"SpeedPotion"},{"floor":31,"key":"SkillPotion"},{"floor":39,"key":"Explosive Potion"},{"floor":40,"key":"Poison Potion"},{"floor":41,"key":"Weak Potion"}],"is_trial":false,"path_per_floor":["M","?","M","?","M","R","M","E","T","R","M","M","E","$","R","B",null,"M","?","?","M","$","R","E","R","T","?","E","M","M","E","R","B",null,"M","?","$","?","M","E","M","E","T","M","?","$","R","M"],"character_chosen":"DEFECT","items_purchased":["Regal Pillow","Bag of Marbles","LiquidBronze"],"campfire_rested":1,"item_purchase_floors":[14,37,46],"current_hp_per_floor":[72,72,72,77,75,75,76,68,68,68,72,72,61,61,61,33,72,39,39,39,30,30,30,32,32,32,32,34,16,20,27,42,21,37,31,26,26,26,26,28,27,34,34,42,42,42,42,0],"gold":5,"neow_bonus":"THREE_SMALL_POTIONS","is_prod":false,"is_daily":false,"chose_seed":false,"campfire_upgraded":6,"win_rate":0,"timestamp":1567698201,"path_taken":["M","?","M","?","M","R","M","E","T","R","M","M","E","$","R","BOSS","M","?","?","M","$","R","E","R","T","?","E","?","M","E","R","BOSS","M","?","$","?","M","E","M","E","T","?","?","$","R","M"],"build_version":"2019-07-17","purchased_purges":4,"victory":false,"max_hp_per_floor":[80,80,80,85,85,85,85,85,85,85,85,85,85,85,85,85,85,85,42,42,42,42,42,42,42,42,42,42,42,42,42,42,42,42,42,42,42,42,42,42,42,42,42,42,42,42,42,42],"card_choices":[{"not_picked":["Beam Cell","Barrage"],"picked":"Streamline","floor":1},{"not_picked":["Reinforced Body","Steam Power"],"picked":"Self Repair","floor":3},{"not_picked":["Recycle","Self Repair"],"picked":"Reinforced Body","floor":5},{"not_picked":["Scrape","Ball Lightning"],"picked":"Capacitor","floor":7},{"not_picked":["Capacitor","Sweeping Beam"],"picked":"Static Discharge","floor":8},{"not_picked":["Turbo","Ball Lightning"],"picked":"Sweeping Beam","floor":11},{"not_picked":["Reboot","Scrape","Barrage"],"picked":"SKIP","floor":12},{"not_picked":["Force Field","Chill"],"picked":"Genetic Algorithm","floor":13},{"not_picked":["Amplify","Meteor Strike"],"picked":"Rainbow","floor":16},{"not_picked":["Gash","Steam Power+1"],"picked":"Leap","floor":18},{"not_picked":["Undo+1","Streamline"],"picked":"Hologram","floor":18},{"not_picked":["Gash","Hologram"],"picked":"Turbo","floor":21},{"not_picked":["Darkness","Sweeping Beam","Double Energy"],"picked":"SKIP","floor":21},{"not_picked":["Rainbow","Fusion","Ball Lightning+1"],"picked":"SKIP","floor":24},{"not_picked":["Compile Driver","Turbo+1","Rebound"],"picked":"SKIP","floor":28},{"not_picked":["Stack","Reboot"],"picked":"Storm+1","floor":29},{"not_picked":["Go for the Eyes+1","Auto Shields"],"picked":"White Noise","floor":29},{"not_picked":["Barrage","Blizzard+1"],"picked":"White Noise+1","floor":30},{"not_picked":["Reprogram","Sweeping Beam","Leap+1"],"picked":"SKIP","floor":30},{"not_picked":["Fusion","Beam Cell"],"picked":"BootSequence","floor":31},{"not_picked":["Multi-Cast","Fission"],"picked":"Core Surge","floor":33},{"not_picked":["Stack+1","Tempest","Ball Lightning"],"picked":"SKIP","floor":35},{"not_picked":["Stack+1","Gash","Hologram+1"],"picked":"SKIP","floor":35},{"not_picked":["Secret Weapon","Mayhem+1"],"picked":"The Bomb","floor":38},{"not_picked":["Streamline","Barrage"],"picked":"Auto Shields+1","floor":39},{"not_picked":["Chaos","Steam"],"picked":"Streamline+1","floor":39},{"not_picked":["Streamline+1","Redo+1","Compile Driver+1"],"picked":"SKIP","floor":40},{"not_picked":["Redo+1","Barrage"],"picked":"Defragment+1","floor":41},{"not_picked":["Coolheaded+1","Go for the Eyes+1","Compile Driver"],"picked":"SKIP","floor":41},{"not_picked":["Defragment+1","Fusion+1","Rainbow"],"picked":"SKIP","floor":42},{"not_picked":["Stack+1","Self Repair+1","Cold Snap"],"picked":"SKIP","floor":44},{"not_picked":["Compile Driver","Stack+1","Capacitor+1"],"picked":"SKIP","floor":44}],"player_experience":550551,"relics_obtained":[{"floor":8,"key":"Bronze Scales"},{"floor":9,"key":"The Courier"},{"floor":13,"key":"Prayer Wheel"},{"floor":24,"key":"Frozen Egg 2"},{"floor":24,"key":"Vajra"},{"floor":26,"key":"Shuriken"},{"floor":28,"key":"Bottled Flame"},{"floor":28,"key":"Happy Flower"},{"floor":31,"key":"Sundial"},{"floor":31,"key":"Mummified Hand"},{"floor":40,"key":"Mercury Hourglass"},{"floor":40,"key":"Ancient Tea Set"},{"floor":42,"key":"Pantograph"},{"floor":42,"key":"Whetstone"},{"floor":43,"key":"Blood Vial"}],"event_choices":[{"cards_removed":["Strike_B"],"damage_healed":0,"gold_gain":0,"player_choice":"Card Removal","damage_taken":0,"max_hp_gain":0,"max_hp_loss":0,"event_name":"The Cleric","floor":2,"gold_loss":50},{"damage_healed":0,"gold_gain":0,"player_choice":"Donut","damage_taken":0,"max_hp_gain":5,"max_hp_loss":0,"event_name":"Big Fish","floor":4,"gold_loss":0},{"damage_healed":0,"gold_gain":0,"player_choice":"Became a Ghost","damage_taken":0,"max_hp_gain":0,"max_hp_loss":43,"event_name":"Ghosts","floor":19,"gold_loss":0,"cards_obtained":["Ghostly","Ghostly","Ghostly","Ghostly","Ghostly"]},{"damage_healed":0,"gold_gain":0,"cards_transformed":["Strike_B","Defend_B"],"player_choice":"Became Test Subject","damage_taken":0,"max_hp_gain":0,"max_hp_loss":0,"event_name":"Drug Dealer","floor":20,"gold_loss":0,"cards_obtained":["Amplify","Sweeping Beam"]},{"damage_healed":0,"gold_gain":0,"player_choice":"Upgraded","damage_taken":0,"max_hp_gain":0,"max_hp_loss":0,"event_name":"Upgrade Shrine","floor":27,"gold_loss":0,"cards_upgraded":["Ghostly"]},{"damage_healed":0,"gold_gain":0,"player_choice":"Embrace Madness","damage_taken":5,"max_hp_gain":0,"max_hp_loss":0,"event_name":"Winding Halls","floor":36,"gold_loss":0,"cards_obtained":["Madness","Madness"]},{"damage_healed":0,"gold_gain":0,"player_choice":"Memory 1","damage_taken":0,"max_hp_gain":0,"max_hp_loss":0,"event_name":"SensoryStone","floor":38,"gold_loss":0},{"cards_removed":["Zap"],"damage_healed":0,"gold_gain":0,"player_choice":"Removed Skill","damage_taken":0,"max_hp_gain":0,"max_hp_loss":0,"event_name":"Falling","floor":45,"gold_loss":0}],"is_beta":false,"boss_relics":[{"not_picked":["Lizard Tail","White Beast Statue"],"picked":"Black Star"},{"not_picked":["Cursed Key","Runic Dome"],"picked":"Eternal Feather"}],"items_purged_floors":[14,22,37,46],"is_endless":false,"potions_floor_spawned":[3,7,11,13,24,28,30,31,39,40,41],"killed_by":"4 Shapes","ascension_level":6}