{"gold_per_floor":[12,12,23,23,23,23,79,79,102,133,133,145,160,160,160,263,263,276,296,34,34,34,34,61,61,61,94,94,114,114,132,132,132],"floor_reached":33,"playtime":1751,"items_purged":[],"score":418,"play_id":"0cb7b4a9-75fb-4738-8e9a-19b6f60a555b","local_time":"20190828214942","is_ascension_mode":true,"campfire_choices":[{"data":"Anger","floor":6,"key":"SMITH"},{"data":"Pummel","floor":8,"key":"SMITH"},{"floor":11,"key":"REST"},{"data":"Bludgeon","floor":15,"key":"SMITH"},{"data":"Body Slam","floor":23,"key":"SMITH"},{"data":"Armaments","floor":28,"key":"SMITH"},{"floor":32,"key":"REST"}],"neow_cost":"NO_GOLD","seed_source_timestamp":1197055600268300,"circlet_count":0,"master_deck":["Strike_R","Strike_R","Defend_R","Defend_R","Defend_R","Defend_R","Bash","Inflame","Anger+1","Evolve","Pummel+1","Armaments+1","Body Slam+1","Bludgeon+1","Double Tap","Clothesline","PanicButton","Shrug It Off+1"],"relics":["Burning Blood","Pocketwatch","Blood Vial","Regal Pillow","Bag of Marbles","Champion Belt","Pear","Singing Bowl","Dream Catcher","Toxic Egg 2"],"potions_floor_usage":[7,24,27],"damage_taken":[{"damage":15,"enemies":"Cultist","floor":1,"turns":5},{"damage":6,"enemies":"2 Louse","floor":3,"turns":4},{"damage":20,"enemies":"Gremlin Nob","floor":7,"turns":4},{"damage":20,"enemies":"Lagavulin","floor":10,"turns":3},{"damage":0,"enemies":"Small Slimes","floor":12,"turns":3},{"damage":0,"enemies":"Looter","floor":13,"turns":1},{"damage":32,"enemies":"The Guardian","floor":16,"turns":5},{"damage":4,"enemies":"3 Byrds","floor":18,"turns":6},{"damage":8,"enemies":"Chosen","floor":19,"turns":3},{"damage":44,"enemies":"Slavers","floor":24,"turns":5},{"damage":28,"enemies":"Book of Stabbing","floor":27,"turns":4},{"damage":24,"enemies":"Centurion and Healer","floor":29,"turns":4},{"damage":36,"enemies":"Cultist and Chosen","floor":31,"turns":6},{"damage":89,"enemies":"Automaton","floor":33,"turns":8}],"seed_played":"3973696063028467604","potions_obtained":[{"floor":1,"key":"BloodPotion"},{"floor":3,"key":"Block Potion"},{"floor":13,"key":"Strength Potion"},{"floor":16,"key":"SteroidPotion"},{"floor":24,"key":"EntropicBrew"},{"floor":27,"key":"Poison Potion"},{"floor":30,"key":"FairyPotion"},{"floor":30,"key":"Regen Potion"}],"is_trial":false,"path_per_floor":["M","T","M","$","?","R","?","R","T","E","R","M","M","T","R","B",null,"M","M","$","?","$","R","E","?","T","E","R","M","?","M","R","B"],"character_chosen":"IRONCLAD","items_purchased":["Pear"],"campfire_rested":2,"item_purchase_floors":[20],"current_hp_per_floor":[63,63,63,63,63,63,51,51,51,39,78,80,80,80,80,54,74,78,78,88,88,88,88,74,74,74,56,56,40,40,14,59,0],"gold":132,"neow_bonus":"REMOVE_TWO","is_prod":false,"is_daily":false,"chose_seed":false,"campfire_upgraded":5,"win_rate":0,"timestamp":1566992982,"path_taken":["M","?","?","?","?","R","?","R","T","E","R","M","M","?","R","BOSS","M","M","?","?","$","R","E","?","T","E","R","?","?","M","R","BOSS"],"build_version":"2019-07-17","purchased_purges":0,"victory":false,"max_hp_per_floor":[80,80,80,80,80,80,80,80,80,80,80,80,80,80,80,80,80,80,80,90,90,90,90,90,90,90,92,92,92,92,94,96,96],"card_choices":[{"not_picked":["Hemokinesis","True Grit"],"picked":"Inflame","floor":1},{"not_picked":["Pommel Strike","Rampage"],"picked":"Anger","floor":3},{"not_picked":["Warcry","Sword Boomerang"],"picked":"Pummel","floor":7},{"not_picked":["Clash","Fire Breathing"],"picked":"Armaments","floor":10},{"not_picked":["Entrench","Twin Strike"],"picked":"Body Slam","floor":12},{"not_picked":["Anger","Shrug It Off"],"picked":"Bludgeon","floor":13},{"not_picked":["Juggernaut","Offering"],"picked":"Double Tap","floor":16},{"not_picked":["Body Slam","Perfected Strike","Clash"],"picked":"SKIP","floor":18},{"not_picked":["True Grit+1","Dropkick","Iron Wave+1"],"picked":"SKIP","floor":19},{"not_picked":["Twin Strike","Infernal Blade"],"picked":"Clothesline","floor":24},{"not_picked":["Fire Breathing+1","Searing Blow","Iron Wave"],"picked":"Singing Bowl","floor":27},{"not_picked":["Heavy Blade","Thunderclap"],"picked":"Shrug It Off+1","floor":29},{"not_picked":["Iron Wave","Perfected Strike","Wild Strike"],"picked":"Singing Bowl","floor":31},{"not_picked":["Headbutt","Iron Wave","Shockwave+1"],"picked":"Singing Bowl","floor":32}],"player_experience":440422,"relics_obtained":[{"floor":2,"key":"Pocketwatch"},{"floor":9,"key":"Regal Pillow"},{"floor":10,"key":"Bag of Marbles"},{"floor":14,"key":"Champion Belt"},{"floor":24,"key":"Singing Bowl"},{"floor":26,"key":"Dream Catcher"},{"floor":27,"key":"Toxic Egg 2"}],"event_choices":[{"damage_healed":0,"gold_gain":0,"cards_transformed":["Strike_R"],"player_choice":"Change","damage_taken":0,"max_hp_gain":0,"max_hp_loss":0,"event_name":"Living Wall","floor":5,"gold_loss":0,"cards_obtained":["Evolve"]},{"damage_healed":0,"gold_gain":0,"player_choice":"Searched \u00273\u0027 times","damage_taken":0,"relics_obtained":["Blood Vial"],"max_hp_gain":0,"max_hp_loss":0,"event_name":"Dead Adventurer","floor":7,"gold_loss":0},{"damage_healed":0,"gold_gain":0,"player_choice":"Ignored","damage_taken":0,"max_hp_gain":0,"max_hp_loss":0,"event_name":"Ghosts","floor":21,"gold_loss":0},{"damage_healed":0,"gold_gain":0,"player_choice":"1 cards matched","damage_taken":0,"max_hp_gain":0,"max_hp_loss":0,"event_name":"Match and Keep!","floor":25,"gold_loss":0,"cards_obtained":["PanicButton"]},{"damage_healed":0,"gold_gain":0,"player_choice":"Got Potions","damage_taken":0,"max_hp_gain":0,"max_hp_loss":0,"event_name":"Lab","floor":30,"gold_loss":0}],"is_beta":false,"boss_relics":[{"not_picked":["Snecko Eye","Coffee Dripper","Runic Dome"]}],"items_purged_floors":[],"is_endless":false,"potions_floor_spawned":[1,3,13,16,18,24,27,29],"killed_by":"Automaton","ascension_level":8}