{"gold_per_floor":[20,39,49,49,68,100,110,192,192,205,205,224,237,267,267,343,343,353,353,364,364,364,364,379,398,398,398,0,0,12,30,30,30],"floor_reached":33,"playtime":2048,"items_purged":["Decay"],"score":430,"play_id":"009ef620-1244-4cf8-b530-7b358534fa5a","local_time":"20190925172402","is_ascension_mode":true,"campfire_choices":[{"floor":11.0,"key":"REST"},{"floor":15.0,"key":"REST"},{"data":"Chill","floor":23.0,"key":"SMITH"},{"floor":27.0,"key":"REST"},{"data":"Leap","floor":29.0,"key":"SMITH"},{"data":"Capacitor","floor":32,"key":"SMITH"}],"neow_cost":"NO_GOLD","seed_source_timestamp":96512630818000,"circlet_count":0,"master_deck":["AscendersBane","Strike_B","Strike_B","Strike_B","Defend_B+1","Defend_B+1","Defend_B","Zap+1","Dualcast","Compile Driver","Cold Snap","Leap","Hologram","Coolheaded","Leap+1","Gash","Core Surge","Hologram+1","Chill+1","Gash","Cold Snap","Ball Lightning","Conserve Battery","Capacitor+1"],"special_seed":0,"relics":["Cracked Core","Bag of Marbles","Bottled Lightning","Darkstone Periapt","Cursed Key","Mummified Hand","Gremlin Horn"],"potions_floor_usage":[31,33],"damage_taken":[{"damage":3.0,"enemies":"Jaw Worm","floor":1.0,"turns":4.0},{"damage":7.0,"enemies":"2 Louse","floor":2.0,"turns":3.0},{"damage":0.0,"enemies":"Small Slimes","floor":3.0,"turns":3.0},{"damage":5.0,"enemies":"Gremlin Gang","floor":5.0,"turns":3.0},{"damage":19.0,"enemies":"Lagavulin","floor":6.0,"turns":8.0},{"damage":3.0,"enemies":"Exordium Wildlife","floor":7.0,"turns":5.0},{"damage":0.0,"enemies":"Large Slime","floor":10.0,"turns":6.0},{"damage":19.0,"enemies":"Lots of Slimes","floor":12.0,"turns":7.0},{"damage":0.0,"enemies":"2 Fungi Beasts","floor":13.0,"turns":5.0},{"damage":30.0,"enemies":"The Guardian","floor":16.0,"turns":19.0},{"damage":2.0,"enemies":"Chosen","floor":18.0,"turns":5.0},{"damage":0.0,"enemies":"Spheric Guardian","floor":20.0,"turns":3.0},{"damage":15.0,"enemies":"Snecko","floor":24.0,"turns":8.0},{"damage":20.0,"enemies":"Snake Plant","floor":25.0,"turns":7.0},{"damage":5.0,"enemies":"Centurion and Healer","floor":30.0,"turns":10.0},{"damage":8,"enemies":"3 Cultists","floor":31,"turns":6},{"damage":55,"enemies":"Champ","floor":33,"turns":13}],"seed_played":"8727667749184231476","potions_obtained":[{"floor":2.0,"key":"Explosive Potion"},{"floor":3.0,"key":"PowerPotion"},{"floor":5.0,"key":"Ancient Potion"},{"floor":13.0,"key":"Energy Potion"},{"floor":16.0,"key":"Swift Potion"},{"floor":18.0,"key":"PowerPotion"},{"floor":20.0,"key":"Fire Potion"},{"floor":31,"key":"Fire Potion"}],"is_trial":false,"path_per_floor":["M","M","M","?","M","E","M","T","T","M","R","M","M","?","R","B",null,"M","?","M","?","?","R","M","M","T","R","$","R","M","M","R","B"],"character_chosen":"DEFECT","items_purchased":["Gremlin Horn","Regen Potion"],"campfire_rested":3,"item_purchase_floors":[28,28],"current_hp_per_floor":[61,54,54,40,35,16,13,13,13,13,34,15,15,15,36,6,55,53,53,53,53,53,53,38,18,24,47,47,47,57,49,49,0],"gold":30,"neow_bonus":"REMOVE_TWO","is_prod":false,"is_daily":false,"chose_seed":false,"campfire_upgraded":3,"win_rate":0,"timestamp":1569457442,"path_taken":["M","M","M","?","M","E","M","?","T","M","R","M","M","?","R","BOSS","M","?","?","?","?","R","M","?","T","R","$","R","M","M","R","BOSS"],"build_version":"2019-07-17","purchased_purges":1,"victory":false,"max_hp_per_floor":[71,71,71,71,71,71,71,71,71,71,71,71,71,71,71,71,71,71,71,71,71,71,71,71,71,77,77,77,77,77,77,77,77],"card_choices":[{"not_picked":["Stack","BootSequence"],"picked":"Compile Driver","floor":1.0},{"not_picked":["Genetic Algorithm","Fusion"],"picked":"Cold Snap","floor":2.0},{"not_picked":["Aggregate","Compile Driver"],"picked":"Leap","floor":3.0},{"not_picked":["Redo","Turbo","All For One"],"picked":"SKIP","floor":5.0},{"not_picked":["Steam","Force Field","Redo"],"picked":"SKIP","floor":6.0},{"not_picked":["Steam","Compile Driver"],"picked":"Hologram","floor":7.0},{"not_picked":["Recycle","Hologram"],"picked":"Coolheaded","floor":10.0},{"not_picked":["Stack","Streamline"],"picked":"Leap","floor":12.0},{"not_picked":["Barrage","Hologram"],"picked":"Gash","floor":13.0},{"not_picked":["Reboot","Thunder Strike"],"picked":"Core Surge","floor":16.0},{"not_picked":["Chaos","Consume"],"picked":"Hologram+1","floor":18.0},{"not_picked":["Undo","Coolheaded"],"picked":"Chill","floor":20.0},{"not_picked":["Streamline","Undo"],"picked":"Cold Snap","floor":24.0},{"not_picked":["Conserve Battery","Leap"],"picked":"Ball Lightning","floor":25.0},{"not_picked":["Skim","Compile Driver"],"picked":"Conserve Battery","floor":30.0},{"not_picked":["Rebound","All For One"],"picked":"Capacitor","floor":31}],"player_experience":639127,"relics_obtained":[{"floor":6.0,"key":"Bag of Marbles"},{"floor":8.0,"key":"Bottled Lightning"},{"floor":9.0,"key":"Darkstone Periapt"},{"floor":26.0,"key":"Mummified Hand"}],"event_choices":[{"damage_healed":0.0,"max_hp_gain":0.0,"max_hp_loss":0.0,"gold_gain":0.0,"event_name":"Shining Light","player_choice":"Entered Light","floor":4.0,"gold_loss":0.0,"damage_taken":14.0,"cards_upgraded":["Defend_B","Defend_B"]},{"damage_healed":0.0,"max_hp_gain":0.0,"max_hp_loss":0.0,"gold_gain":30.0,"event_name":"Dead Adventurer","player_choice":"Searched \u00272\u0027 times","floor":14.0,"gold_loss":0.0,"damage_taken":0.0},{"damage_healed":0.0,"max_hp_gain":0.0,"max_hp_loss":0.0,"gold_gain":0.0,"event_name":"Accursed Blacksmith","player_choice":"Forge","floor":19.0,"gold_loss":0.0,"damage_taken":0.0,"cards_upgraded":["Zap"]},{"damage_healed":0.0,"max_hp_gain":0.0,"max_hp_loss":0.0,"gold_gain":0.0,"event_name":"Ghosts","player_choice":"Ignored","floor":21.0,"gold_loss":0.0,"damage_taken":0.0},{"damage_healed":0.0,"max_hp_gain":0.0,"max_hp_loss":0.0,"gold_gain":0.0,"event_name":"Duplicator","player_choice":"Copied","floor":22.0,"gold_loss":0.0,"damage_taken":0.0,"cards_obtained":["Gash"]}],"is_beta":false,"boss_relics":[{"not_picked":["Velvet Choker","White Beast Statue"],"picked":"Cursed Key"}],"items_purged_floors":[28],"is_endless":false,"potions_floor_spawned":[2,3,5,13,16,18,20,31],"killed_by":"Champ","ascension_level":14}