{"gold_per_floor":[110,110,127,127,137,137,171,190,190,219,219,169,169,186,186,288,288,307,332,349,349,367,367],"floor_reached":23,"playtime":766,"items_purged":[],"score":201,"play_id":"b47ffe66-09d3-460a-86f5-268b996aeb8d","local_time":"20190107105344","is_ascension_mode":false,"campfire_choices":[{"data":"Perfected Strike","floor":6,"key":"SMITH"},{"floor":11,"key":"REST"},{"data":"Perfected Strike","floor":13,"key":"SMITH"},{"data":"Bash","floor":15,"key":"SMITH"}],"neow_cost":"CURSE","seed_source_timestamp":755457950920656,"circlet_count":0,"master_deck":["Strike_R","Strike_R","Strike_R","Strike_R","Strike_R","Defend_R","Defend_R","Defend_R","Defend_R","Bash+1","Decay","Perfected Strike+1","Cleave","Perfected Strike+1","Limit Break","Inflame","Perfected Strike","Cleave+1"],"relics":["Burning Blood","Pocketwatch","Prayer Wheel","Meat on the Bone","Self Forming Clay","Unceasing Top","Lizard Tail","Red Mask"],"potions_floor_usage":[3],"damage_taken":[{"damage":15,"enemies":"Small Slimes","floor":1,"turns":5},{"damage":0,"enemies":"Cultist","floor":3,"turns":3},{"damage":4,"enemies":"2 Louse","floor":5,"turns":3},{"damage":32,"enemies":"Gremlin Nob","floor":7,"turns":4},{"damage":16,"enemies":"Blue Slaver","floor":8,"turns":3},{"damage":32,"enemies":"Lagavulin","floor":10,"turns":6},{"damage":0,"enemies":"3 Louse","floor":14,"turns":2},{"damage":67,"enemies":"Hexaghost","floor":16,"turns":9},{"damage":33,"enemies":"Shell Parasite","floor":18,"turns":5},{"damage":64,"enemies":"Masked Bandits","floor":19,"turns":7},{"damage":20,"enemies":"3 Byrds","floor":20,"turns":5},{"damage":31,"enemies":"Shelled Parasite and Fungi","floor":22,"turns":5},{"damage":39,"enemies":"Book of Stabbing","floor":23,"turns":4}],"seed_played":"-796574683716217966","potions_obtained":[{"floor":2,"key":"LiquidBronze"},{"floor":2,"key":"AttackPotion"},{"floor":2,"key":"Explosive Potion"},{"floor":3,"key":"Ancient Potion"}],"is_trial":false,"path_per_floor":["M","?","M","?","M","R","E","M","T","E","R","?","R","M","R","B",null,"M","?","M","?","M","E"],"character_chosen":"IRONCLAD","items_purchased":[],"campfire_rested":1,"item_purchase_floors":[],"current_hp_per_floor":[71,71,77,77,79,79,53,55,55,41,65,65,65,71,71,22,80,53,52,50,50,37,0],"gold":367,"neow_bonus":"ONE_RARE_RELIC","is_prod":false,"is_daily":false,"chose_seed":false,"campfire_upgraded":3,"win_rate":0,"timestamp":1546818824,"path_taken":["M","?","?","?","?","R","E","M","T","E","R","?","R","M","R","BOSS","M","?","M","?","?","E"],"build_version":"2019-01-03v4","purchased_purges":0,"victory":false,"max_hp_per_floor":[80,80,80,80,80,80,80,80,80,80,80,80,80,80,80,80,80,80,80,80,80,80,80],"card_choices":[{"not_picked":["Hemokinesis","Armaments","Pommel Strike"],"picked":"SKIP","floor":1},{"not_picked":["Bloodletting","Rage"],"picked":"Corruption","floor":3},{"not_picked":["Carnage","Blood for Blood"],"picked":"Perfected Strike","floor":5},{"not_picked":["Rupture","Havoc","Shrug It Off"],"picked":"SKIP","floor":5},{"not_picked":["Armaments","Rupture","Entrench"],"picked":"SKIP","floor":7},{"not_picked":["Fiend Fire","Clothesline"],"picked":"Cleave","floor":8},{"not_picked":["Pummel","Flex","Searing Blow"],"picked":"SKIP","floor":8},{"not_picked":["Inflame","Cleave"],"picked":"Perfected Strike","floor":10},{"not_picked":["Hemokinesis","Iron Wave","Ghostly Armor"],"picked":"SKIP","floor":14},{"not_picked":["Clothesline","Headbutt","Twin Strike"],"picked":"SKIP","floor":14},{"not_picked":["Exhume","Barricade"],"picked":"Limit Break","floor":16},{"not_picked":["Headbutt+1","Armaments"],"picked":"Inflame","floor":18},{"not_picked":["Thunderclap","Searing Blow+1","Carnage"],"picked":"SKIP","floor":18},{"not_picked":["Iron Wave+1","Cleave+1"],"picked":"Perfected Strike","floor":19},{"not_picked":["Warcry+1","Iron Wave","Headbutt"],"picked":"SKIP","floor":20},{"not_picked":["Armaments+1","Uppercut+1","Flex"],"picked":"SKIP","floor":20},{"not_picked":["Armaments","Body Slam"],"picked":"Cleave+1","floor":22},{"not_picked":["Heavy Blade","Anger","Body Slam"],"picked":"SKIP","floor":22}],"player_experience":203814,"relics_obtained":[{"floor":4,"key":"Prayer Wheel"},{"floor":7,"key":"Meat on the Bone"},{"floor":9,"key":"Self Forming Clay"},{"floor":10,"key":"Unceasing Top"},{"floor":19,"key":"Red Mask"}],"event_choices":[{"damage_healed":0,"gold_gain":0,"player_choice":"Got Potions","damage_taken":0,"max_hp_gain":0,"max_hp_loss":0,"event_name":"Lab","floor":2,"gold_loss":0},{"damage_healed":0,"gold_gain":0,"player_choice":"Relic","damage_taken":0,"max_hp_gain":0,"max_hp_loss":0,"event_name":"Wheel of Change","floor":4,"gold_loss":0},{"cards_removed":["Corruption"],"damage_healed":0,"gold_gain":0,"player_choice":"Card Removal","damage_taken":0,"max_hp_gain":0,"max_hp_loss":0,"event_name":"The Cleric","floor":12,"gold_loss":50},{"damage_healed":0,"gold_gain":0,"player_choice":"Fought Bandits","damage_taken":0,"max_hp_gain":0,"max_hp_loss":0,"event_name":"Masked Bandits","floor":19,"gold_loss":0},{"damage_healed":0,"gold_gain":0,"player_choice":"Bought 0 Potions","damage_taken":0,"max_hp_gain":0,"max_hp_loss":0,"event_name":"The Woman in Blue","floor":21,"gold_loss":0}],"is_beta":false,"boss_relics":[{"not_picked":["Eternal Feather","Runic Pyramid"],"picked":"Lizard Tail"}],"items_purged_floors":[],"is_endless":false,"potions_floor_spawned":[3,7,8,16,19,20],"killed_by":"Book of Stabbing","ascension_level":0}