{"gold_per_floor":[118,137,152,5,5,5,40,40,40,68,80,105,118,134,134,234,234,216,45,56,56,73,100,100,100,100,100,112,129,129],"floor_reached":30,"playtime":2498,"items_purged":["Strike_B"],"score":326,"play_id":"54d1e5a7-450c-408a-9824-dd4b552640b3","local_time":"20190829221053","is_ascension_mode":true,"campfire_choices":[{"data":"Fission","floor":6.0,"key":"SMITH"},{"data":"Cold Snap","floor":8,"key":"SMITH"},{"data":"Double Energy","floor":15,"key":"SMITH"},{"data":"Hologram","floor":24,"key":"SMITH"}],"neow_cost":"NONE","seed_source_timestamp":0,"circlet_count":0,"master_deck":["Strike_B+1","Strike_B+1","Defend_B","Defend_B","Defend_B","Zap","Dualcast","Cold Snap+1","Fission+1","Decay","Self Repair+1","Double Energy+1","Loop+1","Barrage","Hologram+1","Echo Form+1","Ball Lightning","Hello World+1","Go for the Eyes","Conserve Battery","Scrape","Meteor Strike","Decay","BootSequence"],"special_seed":0,"relics":["Cracked Core","Frozen Egg 2","Symbiotic Virus","Pantograph","Whetstone","Inserter","Mercury Hourglass","Sundial"],"potions_floor_usage":[7,7,16,16,16,23,23,28],"damage_taken":[{"damage":2.0,"enemies":"Jaw Worm","floor":1.0,"turns":3.0},{"damage":0.0,"enemies":"Cultist","floor":2.0,"turns":3.0},{"damage":0.0,"enemies":"2 Louse","floor":3.0,"turns":3.0},{"damage":1,"enemies":"Gremlin Nob","floor":7,"turns":3},{"damage":28,"enemies":"Lagavulin","floor":10,"turns":8},{"damage":12,"enemies":"2 Fungi Beasts","floor":11,"turns":4},{"damage":26,"enemies":"3 Sentries","floor":12,"turns":12},{"damage":0,"enemies":"Large Slime","floor":13,"turns":4},{"damage":13,"enemies":"Gremlin Gang","floor":14,"turns":4},{"damage":47,"enemies":"Hexaghost","floor":16,"turns":8},{"damage":41,"enemies":"2 Thieves","floor":18,"turns":4},{"damage":0,"enemies":"3 Byrds","floor":20,"turns":5},{"damage":17,"enemies":"Centurion and Healer","floor":22,"turns":5},{"damage":44,"enemies":"Slavers","floor":23,"turns":6},{"damage":24,"enemies":"Chosen and Byrds","floor":28,"turns":6},{"damage":8,"enemies":"Snecko","floor":29,"turns":4},{"damage":18,"enemies":"Gremlin Leader","floor":30,"turns":5}],"seed_played":"3744724440912370558","potions_obtained":[{"floor":1.0,"key":"Strength Potion"},{"floor":3.0,"key":"Explosive Potion"},{"floor":13,"key":"Fire Potion"},{"floor":14,"key":"SteroidPotion"},{"floor":16,"key":"Weak Potion"},{"floor":22,"key":"FocusPotion"},{"floor":23,"key":"SpeedPotion"},{"floor":29,"key":"GamblersBrew"}],"is_trial":false,"path_per_floor":["M","M","M","$","?","R","E","R","T","E","M","E","M","M","R","B",null,"M","$","M","$","M","E","R","?","T","?","M","M","E"],"character_chosen":"DEFECT","items_purchased":["LiquidBronze","Ball Lightning","Hello World+1","Go for the Eyes"],"campfire_rested":0,"item_purchase_floors":[4,19,19,19],"current_hp_per_floor":[80,80,80,80,80,80,79,79,79,61,59,43,53,50,50,38,82,51,51,61,61,64,30,30,30,30,30,16,18,0],"gold":129,"neow_bonus":"TEN_PERCENT_HP_BONUS","is_prod":false,"is_daily":false,"chose_seed":false,"campfire_upgraded":4,"win_rate":0,"timestamp":1567080653,"path_taken":["M","M","M","$","?","R","E","R","T","E","M","E","?","M","R","BOSS","M","$","?","?","M","E","R","?","T","?","M","M","E"],"build_version":"2019-07-17","purchased_purges":1,"victory":false,"max_hp_per_floor":[82,82,82,82,82,82,82,82,82,82,82,82,82,82,82,82,82,82,82,82,82,82,82,82,82,82,82,82,82,82],"card_choices":[{"not_picked":["Sweeping Beam","Go for the Eyes"],"picked":"Cold Snap","floor":1.0},{"not_picked":["Stack","Cold Snap","Aggregate"],"picked":"SKIP","floor":2.0},{"not_picked":["Barrage","Redo"],"picked":"Fission","floor":3.0},{"not_picked":["Go for the Eyes","Leap"],"picked":"Self Repair","floor":7},{"not_picked":["Streamline","Steam"],"picked":"Double Energy","floor":10},{"not_picked":["Scrape","Turbo","Compile Driver"],"picked":"SKIP","floor":11},{"not_picked":["Stack","Chill"],"picked":"Loop+1","floor":12},{"not_picked":["Ball Lightning","FTL"],"picked":"Barrage","floor":13},{"not_picked":["Force Field","Rebound"],"picked":"Hologram","floor":14},{"not_picked":["Buffer+1","Multi-Cast"],"picked":"Echo Form+1","floor":16},{"not_picked":["Compile Driver","Capacitor+1","Skim"],"picked":"SKIP","floor":18},{"not_picked":["Rip and Tear","Gash+1"],"picked":"Conserve Battery","floor":20},{"not_picked":["Conserve Battery","Sweeping Beam","Leap+1"],"picked":"SKIP","floor":22},{"not_picked":["Stack+1","Darkness+1","Rebound"],"picked":"SKIP","floor":23},{"not_picked":["Barrage","Stack"],"picked":"BootSequence","floor":28},{"not_picked":["Stack","Compile Driver","Ball Lightning"],"picked":"SKIP","floor":29}],"player_experience":456002,"relics_obtained":[{"floor":7,"key":"Frozen Egg 2"},{"floor":9,"key":"Symbiotic Virus"},{"floor":10,"key":"Pantograph"},{"floor":12,"key":"Whetstone"},{"floor":23,"key":"Mercury Hourglass"},{"floor":26,"key":"Sundial"}],"event_choices":[{"damage_healed":0.0,"max_hp_gain":0.0,"max_hp_loss":0.0,"gold_gain":0.0,"event_name":"Wheel of Change","player_choice":"Cursed","floor":5.0,"gold_loss":0.0,"damage_taken":0.0,"cards_obtained":["Decay"]},{"damage_healed":0,"gold_gain":0,"cards_transformed":["Strike_B","Defend_B"],"player_choice":"Became Test Subject","damage_taken":0,"max_hp_gain":0,"max_hp_loss":0,"event_name":"Drug Dealer","floor":25,"gold_loss":0,"cards_obtained":["Scrape","Meteor Strike"]},{"damage_healed":0,"gold_gain":0,"player_choice":"Smashed Altar","damage_taken":0,"max_hp_gain":0,"max_hp_loss":0,"event_name":"Forgotten Altar","floor":27,"gold_loss":0,"cards_obtained":["Decay"]}],"is_beta":false,"boss_relics":[{"not_picked":["Orrery","Philosopher\u0027s Stone"],"picked":"Inserter"}],"items_purged_floors":[4],"is_endless":false,"potions_floor_spawned":[1,3,13,14,16,22,23,29],"killed_by":"Gremlin Leader","ascension_level":4}