{"gold_per_floor":[112,126,126,126,143,177,177,203,203,203,203,230,65,65,65,65],"floor_reached":16,"playtime":840,"items_purged":["Defend_R"],"score":133,"play_id":"e37ecb15-2f36-43a8-af9b-67f15dda4960","local_time":"20190917200045","is_ascension_mode":true,"campfire_choices":[{"floor":7,"key":"REST"},{"floor":10,"key":"REST"},{"floor":15,"key":"REST"}],"neow_cost":"NONE","seed_source_timestamp":508383292208200,"circlet_count":0,"master_deck":["Strike_R","Strike_R","Strike_R","Strike_R+1","Strike_R","Defend_R","Defend_R","Defend_R","Bash","Seeing Red+1","Clash","Body Slam","Headbutt","Reaper","Parasite","Flex","Inflame","Flex"],"relics":["Burning Blood","WingedGreaves","Matryoshka","Lantern","Dodecahedron","Kunai"],"potions_floor_usage":[8,16],"damage_taken":[{"damage":13,"enemies":"2 Louse","floor":1,"turns":2},{"damage":7,"enemies":"Jaw Worm","floor":2,"turns":2},{"damage":0,"enemies":"Small Slimes","floor":5,"turns":2},{"damage":58,"enemies":"Lagavulin","floor":6,"turns":7},{"damage":35,"enemies":"3 Sentries","floor":8,"turns":8},{"damage":55,"enemies":"Lagavulin","floor":12,"turns":6},{"damage":67,"enemies":"The Guardian","floor":16,"turns":8}],"seed_played":"-6877068969492159019","potions_obtained":[{"floor":6,"key":"LiquidBronze"},{"floor":8,"key":"BloodPotion"}],"is_trial":false,"path_per_floor":["M","M","?","?","M","E","R","E","T","R","?","E","$","$","R","B"],"character_chosen":"IRONCLAD","items_purchased":["Inflame","Flex"],"campfire_rested":3,"item_purchase_floors":[13,13],"current_hp_per_floor":[73,72,56,80,80,28,52,23,23,47,67,18,18,18,42,0],"gold":65,"neow_bonus":"THREE_CARDS","is_prod":false,"is_daily":false,"chose_seed":false,"campfire_upgraded":0,"win_rate":0,"timestamp":1568775645,"path_taken":["M","M","?","?","M","E","R","E","T","R","?","E","?","$","R","BOSS"],"build_version":"2019-07-17","purchased_purges":1,"victory":false,"max_hp_per_floor":[80,80,80,80,80,80,80,80,80,80,80,80,80,80,80,80],"card_choices":[{"not_picked":["Twin Strike","Sword Boomerang"],"picked":"Seeing Red","floor":0},{"not_picked":["Headbutt","Armaments"],"picked":"Clash","floor":1},{"not_picked":["Seeing Red","Sword Boomerang"],"picked":"Body Slam","floor":2},{"not_picked":["True Grit","Clothesline","Feel No Pain"],"picked":"SKIP","floor":5},{"not_picked":["Clothesline","Heavy Blade"],"picked":"Headbutt","floor":6},{"not_picked":["Entrench","Armaments"],"picked":"Reaper","floor":8},{"not_picked":["Wild Strike","Second Wind"],"picked":"Flex","floor":12}],"player_experience":13496,"relics_obtained":[{"floor":6,"key":"WingedGreaves"},{"floor":8,"key":"Matryoshka"},{"floor":9,"key":"Lantern"},{"floor":9,"key":"Dodecahedron"},{"floor":12,"key":"Kunai"}],"event_choices":[{"damage_healed":0,"gold_gain":0,"player_choice":"Entered Light","damage_taken":16,"max_hp_gain":0,"max_hp_loss":0,"event_name":"Shining Light","floor":3,"gold_loss":0,"cards_upgraded":["Strike_R","Seeing Red"]},{"damage_healed":26,"gold_gain":0,"player_choice":"Banana","damage_taken":0,"max_hp_gain":0,"max_hp_loss":0,"event_name":"Big Fish","floor":4,"gold_loss":0},{"damage_healed":20,"gold_gain":0,"player_choice":"Healed and dodged fight","damage_taken":0,"max_hp_gain":0,"max_hp_loss":0,"event_name":"Mushrooms","floor":11,"gold_loss":0,"cards_obtained":["Parasite"]}],"is_beta":false,"boss_relics":[],"items_purged_floors":[13],"is_endless":false,"potions_floor_spawned":[6,8],"killed_by":"The Guardian","ascension_level":3}