{"gold_per_floor":[116,128,128,148,168,168,199,199,199,72,92,267,267,281,281,357,357,372,471,484,40,53,53,53,66,66,66,84,84,84,102,102,102],"floor_reached":33,"playtime":1238,"items_purged":["Strike_B"],"score":423,"play_id":"5e1afce6-c706-485f-bc0f-13f0e0e38018","local_time":"20190925132040","is_ascension_mode":true,"campfire_choices":[{"data":"Chill","floor":6.0,"key":"SMITH"},{"data":"1","floor":8.0,"key":"LIFT"},{"data":"Defragment","floor":13.0,"key":"SMITH"},{"floor":15.0,"key":"REST"},{"data":"2","floor":23.0,"key":"LIFT"},{"floor":27.0,"key":"REST"},{"floor":29.0,"key":"REST"},{"floor":32,"key":"REST"}],"neow_cost":"NONE","seed_source_timestamp":82817690372000,"circlet_count":0,"master_deck":["AscendersBane","Strike_B","Strike_B","Strike_B","Defend_B","Defend_B","Defend_B","Defend_B","Zap","Dualcast","Core Surge+1","Hologram","Chill+1","White Noise","Cold Snap+1","Defragment+1","Ball Lightning","Electrodynamics","Compile Driver+1","Gash","Leap"],"special_seed":0,"relics":["FrozenCore","Orichalcum","Girya","Mercury Hourglass","Gambling Chip","Whetstone","Omamori"],"potions_floor_usage":[33],"damage_taken":[{"damage":0.0,"enemies":"Small Slimes","floor":1.0,"turns":4.0},{"damage":1.0,"enemies":"Cultist","floor":2.0,"turns":3.0},{"damage":6.0,"enemies":"Jaw Worm","floor":4.0,"turns":3.0},{"damage":3.0,"enemies":"Looter","floor":5.0,"turns":3.0},{"damage":6.0,"enemies":"3 Sentries","floor":7.0,"turns":5.0},{"damage":0.0,"enemies":"2 Fungi Beasts","floor":11.0,"turns":2.0},{"damage":0.0,"enemies":"Lots of Slimes","floor":14.0,"turns":3.0},{"damage":30.0,"enemies":"Hexaghost","floor":16.0,"turns":10.0},{"damage":9.0,"enemies":"3 Byrds","floor":18.0,"turns":2.0},{"damage":2.0,"enemies":"Chosen","floor":20.0,"turns":4.0},{"damage":18.0,"enemies":"Snake Plant","floor":22.0,"turns":4.0},{"damage":27.0,"enemies":"Cultist and Chosen","floor":25.0,"turns":5.0},{"damage":25.0,"enemies":"Chosen and Byrds","floor":28.0,"turns":5.0},{"damage":20,"enemies":"Snake Plant","floor":31,"turns":4},{"damage":41,"enemies":"Automaton","floor":33,"turns":6}],"seed_played":"-6880366138223343051","potions_obtained":[{"floor":1.0,"key":"FearPotion"},{"floor":4.0,"key":"AttackPotion"},{"floor":14.0,"key":"Dexterity Potion"},{"floor":16.0,"key":"Poison Potion"},{"floor":20.0,"key":"FearPotion"},{"floor":25.0,"key":"Dexterity Potion"}],"is_trial":false,"path_per_floor":["M","M","?","M","M","R","E","R","T","$","M","?","R","M","R","B",null,"M","?","M","$","M","R","?","M","T","R","M","R","?","M","R","B"],"character_chosen":"DEFECT","items_purchased":["Cold Snap","Gambling Chip","Whetstone"],"campfire_rested":4,"item_purchase_floors":[10,21,21],"current_hp_per_floor":[64,63,63,57,54,54,48,48,48,48,48,48,48,48,69,39,63,54,54,52,52,34,34,34,7,7,28,3,24,24,4,25,0],"gold":102,"neow_bonus":"ONE_RANDOM_RARE_CARD","is_prod":false,"is_daily":false,"chose_seed":false,"campfire_upgraded":2,"win_rate":0,"timestamp":1569442840,"path_taken":["M","M","?","M","M","R","E","R","T","?","M","?","R","M","R","BOSS","M","?","M","$","M","R","?","M","T","R","M","R","?","M","R","BOSS"],"build_version":"2019-07-17","purchased_purges":1,"victory":false,"max_hp_per_floor":[71,71,71,71,71,71,71,71,71,71,71,71,71,71,71,71,71,71,71,71,71,71,71,71,71,71,71,71,71,71,71,71,71],"card_choices":[{"not_picked":["Reprogram","Rebound","Streamline"],"picked":"SKIP","floor":1.0},{"not_picked":["Barrage","Auto Shields"],"picked":"Hologram","floor":2.0},{"not_picked":["Leap","Coolheaded"],"picked":"Chill","floor":4.0},{"not_picked":["Steam","Turbo"],"picked":"White Noise","floor":5.0},{"not_picked":["Double Energy","Consume","Chaos"],"picked":"SKIP","floor":7.0},{"not_picked":["Coolheaded","Undo"],"picked":"Defragment","floor":11.0},{"not_picked":["Stack","Rainbow"],"picked":"Ball Lightning","floor":14.0},{"not_picked":["Creative AI","Amplify"],"picked":"Electrodynamics","floor":16.0},{"not_picked":["Streamline","Sweeping Beam","Darkness"],"picked":"SKIP","floor":18.0},{"not_picked":["Rebound","Reprogram","Skim"],"picked":"SKIP","floor":20.0},{"not_picked":["Stack","Genetic Algorithm"],"picked":"Compile Driver+1","floor":22.0},{"not_picked":["Aggregate","Leap"],"picked":"Gash","floor":25.0},{"not_picked":["Heatsinks","Compile Driver"],"picked":"Leap","floor":28.0},{"not_picked":["Reprogram","Recycle","Steam"],"picked":"SKIP","floor":31}],"player_experience":637077,"relics_obtained":[{"floor":7.0,"key":"Girya"},{"floor":9.0,"key":"Mercury Hourglass"},{"floor":26.0,"key":"Omamori"}],"event_choices":[{"damage_healed":0.0,"max_hp_gain":0.0,"max_hp_loss":0.0,"gold_gain":0.0,"event_name":"WeMeetAgain","player_choice":"Gave Potion","floor":3.0,"gold_loss":0.0,"damage_taken":0.0,"relics_obtained":["Orichalcum"]},{"damage_healed":0.0,"max_hp_gain":0.0,"max_hp_loss":0.0,"gold_gain":175.0,"event_name":"Liars Game","player_choice":"AGREE","floor":12.0,"gold_loss":0.0,"damage_taken":0.0,"cards_obtained":["Doubt"]},{"damage_healed":0.0,"max_hp_gain":0.0,"max_hp_loss":0.0,"gold_gain":99.0,"event_name":"Nest","player_choice":"Stole From Cult","floor":19.0,"gold_loss":0.0,"damage_taken":0.0},{"damage_healed":0.0,"max_hp_gain":0.0,"max_hp_loss":0.0,"gold_gain":0.0,"event_name":"Cursed Tome","player_choice":"Ignored","floor":24.0,"gold_loss":0.0,"damage_taken":0.0},{"cards_removed":["Doubt"],"damage_healed":0.0,"max_hp_gain":0.0,"max_hp_loss":0.0,"gold_gain":0.0,"event_name":"Purifier","player_choice":"Purged","floor":30.0,"gold_loss":0.0,"damage_taken":0.0}],"is_beta":false,"boss_relics":[{"not_picked":["Eternal Feather","Ectoplasm"],"picked":"FrozenCore"}],"items_purged_floors":[10],"is_endless":false,"potions_floor_spawned":[1,4,14,16,20,25,28],"killed_by":"Automaton","ascension_level":14}