{"gold_per_floor":[14,24,36,54,73,98,98,46,76,76,76,76,108,126,126,221,221,211,211,225,242,257,257],"floor_reached":23,"playtime":1572,"items_purged":[],"score":246,"play_id":"2dd0e7ab-07ac-4e2f-8113-5d3b91802e07","local_time":"20190831033425","is_ascension_mode":true,"campfire_choices":[{"data":"Biased Cognition","floor":7,"key":"SMITH"},{"floor":15,"key":"REST"}],"neow_cost":"NO_GOLD","seed_source_timestamp":1390720133253700,"circlet_count":0,"master_deck":["Strike_B","Strike_B","Strike_B","Strike_B","Defend_B","Defend_B","Defend_B","Defend_B","Zap","Dualcast","Hologram","Cold Snap","Blizzard","Sunder","Go for the Eyes","Biased Cognition+1","Parasite","Cold Snap","Reinforced Body","Core Surge","Conserve Battery+1","Double Energy"],"relics":["Cracked Core","StoneCalendar","Strawberry","Tiny Chest","Ornamental Fan","Dead Branch","Regal Pillow","Runic Pyramid","Symbiotic Virus"],"potions_floor_usage":[2,5,13,20,21,23],"damage_taken":[{"damage":1,"enemies":"Cultist","floor":1,"turns":3},{"damage":0,"enemies":"Jaw Worm","floor":2,"turns":3},{"damage":2,"enemies":"2 Louse","floor":3,"turns":3},{"damage":5,"enemies":"2 Fungi Beasts","floor":4,"turns":4},{"damage":7,"enemies":"3 Louse","floor":5,"turns":2},{"damage":27,"enemies":"Gremlin Nob","floor":6,"turns":4},{"damage":22,"enemies":"3 Sentries","floor":13,"turns":6},{"damage":12,"enemies":"Exordium Thugs","floor":14,"turns":6},{"damage":17,"enemies":"Slime Boss","floor":16,"turns":7},{"damage":25,"enemies":"2 Thieves","floor":18,"turns":4},{"damage":0,"enemies":"Shell Parasite","floor":20,"turns":5},{"damage":2,"enemies":"Snake Plant","floor":21,"turns":4},{"damage":17,"enemies":"Sentry and Sphere","floor":22,"turns":5},{"damage":38,"enemies":"Book of Stabbing","floor":23,"turns":4}],"seed_played":"-4442561076018066967","potions_obtained":[{"floor":1,"key":"Swift Potion"},{"floor":2,"key":"AttackPotion"},{"floor":16,"key":"Dexterity Potion"},{"floor":18,"key":"Weak Potion"},{"floor":22,"key":"FocusPotion"}],"is_trial":false,"path_per_floor":["M","M","M","M","M","E","R","$","T","T","?","T","E","M","R","B",null,"M","T","M","M","M","E"],"character_chosen":"DEFECT","items_purchased":["Energy Potion"],"campfire_rested":1,"item_purchase_floors":[8],"current_hp_per_floor":[74,74,72,67,60,40,40,40,40,40,60,60,38,26,65,48,82,57,57,57,55,38,0],"gold":257,"neow_bonus":"ONE_RARE_RELIC","is_prod":false,"is_daily":false,"chose_seed":false,"campfire_upgraded":1,"win_rate":0,"timestamp":1567186465,"path_taken":["M","M","M","M","M","E","R","$","T","?","?","?","E","M","R","BOSS","M","?","?","M","M","E"],"build_version":"2019-07-17","purchased_purges":0,"victory":false,"max_hp_per_floor":[75,75,75,75,75,82,82,82,82,82,82,82,82,82,82,82,82,82,82,82,82,82,82],"card_choices":[{"not_picked":["Hello World","Gash"],"picked":"Hologram","floor":1},{"not_picked":["Leap","Go for the Eyes"],"picked":"Cold Snap","floor":2},{"not_picked":["Barrage","Cold Snap"],"picked":"Blizzard","floor":3},{"not_picked":["Leap","Hologram"],"picked":"Sunder","floor":4},{"not_picked":["Fusion","Scrape"],"picked":"Go for the Eyes","floor":5},{"not_picked":["Static Discharge","Tempest"],"picked":"Biased Cognition","floor":6},{"not_picked":["Rebound","Sweeping Beam"],"picked":"Cold Snap","floor":13},{"not_picked":["Leap","Auto Shields"],"picked":"Reinforced Body","floor":14},{"not_picked":["Electrodynamics","Hyperbeam"],"picked":"Core Surge","floor":16},{"not_picked":["Beam Cell","Ball Lightning+1"],"picked":"Conserve Battery+1","floor":18},{"not_picked":["Hologram","Aggregate","Storm+1"],"picked":"SKIP","floor":20},{"not_picked":["Lockon","Storm+1"],"picked":"Double Energy","floor":21},{"not_picked":["Doom and Gloom","Redo+1","Steam"],"picked":"SKIP","floor":22}],"player_experience":481847,"relics_obtained":[{"floor":6,"key":"Strawberry"},{"floor":9,"key":"Tiny Chest"},{"floor":10,"key":"Ornamental Fan"},{"floor":12,"key":"Dead Branch"},{"floor":13,"key":"Regal Pillow"},{"floor":19,"key":"Symbiotic Virus"}],"event_choices":[{"damage_healed":20,"gold_gain":0,"player_choice":"Healed and dodged fight","damage_taken":0,"max_hp_gain":0,"max_hp_loss":0,"event_name":"Mushrooms","floor":11,"gold_loss":0,"cards_obtained":["Parasite"]}],"is_beta":false,"boss_relics":[{"not_picked":["Orrery","Snecko Eye"],"picked":"Runic Pyramid"}],"items_purged_floors":[],"is_endless":false,"potions_floor_spawned":[1,2,16,18,22],"killed_by":"Book of Stabbing","ascension_level":4}