{"gold_per_floor":[109,109,109,127,145,179,144,202,227,261,261,317,317,317,317,419,419,436,453,552,477,437,466,466],"floor_reached":24,"playtime":2776,"items_purged":[],"score":253,"play_id":"e6039873-60c1-4462-89e3-b31097cb23b2","local_time":"20190923183405","is_ascension_mode":true,"campfire_choices":[{"floor":11,"key":"REST"},{"floor":13,"key":"REST"},{"floor":15,"key":"REST"}],"neow_cost":"TEN_PERCENT_HP_LOSS","seed_source_timestamp":0,"circlet_count":0,"master_deck":["Strike_R","Strike_R","Defend_R","Defend_R","Defend_R","Defend_R","Bash","Body Slam","Iron Wave","Inflame","Cleave","Berserk","Metallicize","Metallicize","Clash","Blood for Blood","Armaments+1","Berserk","Heavy Blade+1","Demon Form"],"relics":["Burning Blood","FaceOfCleric","Ancient Tea Set","Tiny Chest","Dream Catcher","Dead Branch","Self Forming Clay","Gremlin Horn","Busted Crown","Strawberry"],"potions_floor_usage":[10,24],"damage_taken":[{"damage":13,"enemies":"Jaw Worm","floor":1,"turns":6},{"damage":10,"enemies":"Cultist","floor":4,"turns":5},{"damage":5,"enemies":"2 Louse","floor":5,"turns":4},{"damage":23,"enemies":"Gremlin Nob","floor":6,"turns":4},{"damage":35,"enemies":"Lagavulin","floor":8,"turns":7},{"damage":22,"enemies":"Gremlin Nob","floor":10,"turns":4},{"damage":30,"enemies":"Lagavulin Event","floor":12,"turns":8},{"damage":33,"enemies":"Hexaghost","floor":16,"turns":9},{"damage":13,"enemies":"Spheric Guardian","floor":18,"turns":5},{"damage":27,"enemies":"Shell Parasite","floor":19,"turns":5},{"damage":38,"enemies":"Book of Stabbing","floor":23,"turns":5},{"damage":31,"enemies":"Cultist and Chosen","floor":24,"turns":4}],"seed_played":"6150541645030598719","potions_obtained":[{"floor":5,"key":"GamblersBrew"},{"floor":6,"key":"SpeedPotion"},{"floor":23,"key":"Energy Potion"}],"is_trial":false,"path_per_floor":["M","?","$","M","M","E","?","E","T","E","R","?","R","T","R","B",null,"M","M","?","?","?","E","M"],"character_chosen":"IRONCLAD","items_purchased":[],"campfire_rested":3,"item_purchase_floors":[],"current_hp_per_floor":[65,65,65,62,64,48,66,38,38,23,46,23,46,46,69,43,79,73,53,53,53,53,29,0],"gold":466,"neow_bonus":"REMOVE_TWO","is_prod":false,"is_daily":false,"chose_seed":true,"campfire_upgraded":0,"win_rate":0,"timestamp":1569281645,"path_taken":["M","?","?","M","?","E","?","E","T","E","R","?","R","?","R","BOSS","M","M","?","?","?","E","?"],"build_version":"2019-07-17","purchased_purges":0,"victory":false,"max_hp_per_floor":[72,72,72,73,74,75,75,76,76,77,77,78,78,78,78,79,79,80,81,81,81,81,89,89],"card_choices":[{"not_picked":["Twin Strike","Pommel Strike"],"picked":"Body Slam","floor":1},{"not_picked":["Perfected Strike","Pommel Strike"],"picked":"Iron Wave","floor":4},{"not_picked":["Bloodletting","Clothesline"],"picked":"Inflame","floor":5},{"not_picked":["Body Slam","Wild Strike"],"picked":"Cleave","floor":6},{"not_picked":["Sever Soul","Headbutt"],"picked":"Berserk","floor":8},{"not_picked":["Burning Pact","Sword Boomerang"],"picked":"Metallicize","floor":10},{"not_picked":["Clothesline","Twin Strike"],"picked":"Metallicize","floor":11},{"not_picked":["Cleave","Fiend Fire"],"picked":"Clash","floor":12},{"not_picked":["True Grit","Dropkick"],"picked":"Blood for Blood","floor":13},{"not_picked":["Reckless Charge","Perfected Strike"],"picked":"Armaments","floor":15},{"not_picked":["Bludgeon","Barricade"],"picked":"Berserk","floor":16},{"not_picked":[],"picked":"Heavy Blade+1","floor":18},{"not_picked":["Uppercut"],"picked":"SKIP","floor":19},{"not_picked":[],"picked":"Demon Form","floor":23}],"player_experience":400710,"relics_obtained":[{"floor":6,"key":"Ancient Tea Set"},{"floor":8,"key":"Tiny Chest"},{"floor":9,"key":"Dream Catcher"},{"floor":10,"key":"Dead Branch"},{"floor":12,"key":"Self Forming Clay"},{"floor":14,"key":"Gremlin Horn"},{"floor":23,"key":"Strawberry"}],"event_choices":[{"damage_healed":0,"gold_gain":0,"player_choice":"Trade","damage_taken":0,"relics_obtained":["FaceOfCleric"],"max_hp_gain":0,"max_hp_loss":0,"event_name":"FaceTrader","floor":2,"gold_loss":0},{"damage_healed":18,"gold_gain":0,"player_choice":"Healed","damage_taken":0,"max_hp_gain":0,"max_hp_loss":0,"event_name":"The Cleric","floor":7,"gold_loss":35},{"damage_healed":0,"gold_gain":0,"player_choice":"Searched \u00272\u0027 times","damage_taken":0,"max_hp_gain":0,"max_hp_loss":0,"event_name":"Dead Adventurer","floor":12,"gold_loss":0},{"damage_healed":0,"gold_gain":99,"player_choice":"Stole From Cult","damage_taken":0,"max_hp_gain":0,"max_hp_loss":0,"event_name":"Nest","floor":20,"gold_loss":0},{"cards_removed":["Strike_R"],"damage_healed":0,"gold_gain":0,"player_choice":"Gave Gold","damage_taken":0,"max_hp_gain":0,"max_hp_loss":0,"event_name":"Beggar","floor":21,"gold_loss":75},{"damage_healed":0,"gold_gain":0,"player_choice":"Upgrade","damage_taken":0,"max_hp_gain":0,"max_hp_loss":0,"event_name":"Designer","floor":22,"gold_loss":40,"cards_upgraded":["Armaments"]}],"is_beta":false,"boss_relics":[{"not_picked":["Runic Pyramid","Snecko Eye"],"picked":"Busted Crown"}],"items_purged_floors":[],"is_endless":false,"potions_floor_spawned":[5,6,23],"killed_by":"Cultist and Chosen","ascension_level":2}