{"gold_per_floor":[112,212,222,22,22,47,127,160,244,244,244,276,293,258,258,358,358,378,378,398,323,357,392,392,410,461,461,495,510,510,260,260,365,415,435,449,449,461,67,67,167,167,167,5,5,17,44,79,79,79],"floor_reached":50,"playtime":1958,"items_purged":["Writhe"],"score":647,"play_id":"c007265a-9dfb-432d-b719-63bbd43c2d4a","local_time":"20190505213657","is_ascension_mode":false,"campfire_choices":[{"data":"Bash","floor":10,"key":"SMITH"},{"data":"Clash","floor":15,"key":"SMITH"},{"data":"Whirlwind","floor":27,"key":"SMITH"},{"floor":32,"key":"REST"},{"floor":40,"key":"REST"},{"floor":42,"key":"REST"},{"data":"Inflame","floor":45,"key":"SMITH"},{"floor":49,"key":"REST"}],"neow_cost":"NONE","seed_source_timestamp":709233659407715,"circlet_count":0,"master_deck":["Strike_R","Strike_R","Strike_R","Strike_R","Strike_R","Defend_R","Defend_R","Defend_R","Bash+1","Clash+1","Cleave+1","Double Tap","Heavy Blade","Whirlwind+1","Infernal Blade+1","Cleave","Double Tap","Limit Break","Flex+1","Pommel Strike+1","Flex","Inflame+1","Flex+1","Iron Wave+1","Cleave+1"],"relics":["Burning Blood","NeowsBlessing","MealTicket","Ancient Tea Set","Pantograph","Tiny Chest","Letter Opener","Mummified Hand","Velvet Choker","Red Mask","The Courier","Smiling Mask","Potion Belt","Molten Egg 2","Matryoshka","Tiny House","Chemical X","Strawberry","Omamori","Pocketwatch","Self Forming Clay","Dodecahedron","Dream Catcher","Juzu Bracelet","Darkstone Periapt"],"potions_floor_usage":[16,16,16,33,33,38,50,50],"damage_taken":[{"damage":0,"enemies":"2 Louse","floor":1,"turns":1},{"damage":0,"enemies":"Cultist","floor":3,"turns":1},{"damage":0,"enemies":"Lagavulin","floor":6,"turns":1},{"damage":19,"enemies":"Gremlin Nob","floor":8,"turns":4},{"damage":21,"enemies":"3 Sentries","floor":12,"turns":10},{"damage":1,"enemies":"Jaw Worm","floor":13,"turns":3},{"damage":61,"enemies":"Hexaghost","floor":16,"turns":8},{"damage":10,"enemies":"Chosen","floor":18,"turns":3},{"damage":5,"enemies":"Spheric Guardian","floor":20,"turns":3},{"damage":34,"enemies":"Masked Bandits","floor":22,"turns":4},{"damage":18,"enemies":"Gremlin Leader","floor":23,"turns":5},{"damage":15,"enemies":"Snecko","floor":25,"turns":3},{"damage":28,"enemies":"Slavers","floor":28,"turns":3},{"damage":12,"enemies":"3 Cultists","floor":29,"turns":3},{"damage":48,"enemies":"Collector","floor":33,"turns":8},{"damage":10,"enemies":"Orb Walker","floor":35,"turns":3},{"damage":28,"enemies":"3 Shapes","floor":36,"turns":4},{"damage":59,"enemies":"Maw","floor":38,"turns":7},{"damage":45,"enemies":"Mind Bloom Boss Battle","floor":41,"turns":5},{"damage":24,"enemies":"Sphere and 2 Shapes","floor":46,"turns":1},{"damage":27,"enemies":"Reptomancer","floor":48,"turns":3},{"damage":100,"enemies":"Awakened One","floor":50,"turns":6}],"seed_played":"-6514499751326051823","potions_obtained":[{"floor":3,"key":"Energy Potion"},{"floor":6,"key":"LiquidBronze"},{"floor":13,"key":"BloodPotion"},{"floor":22,"key":"Swift Potion"},{"floor":23,"key":"Block Potion"},{"floor":28,"key":"BloodPotion"},{"floor":34,"key":"LiquidBronze"},{"floor":41,"key":"GamblersBrew"},{"floor":46,"key":"SteroidPotion"}],"is_trial":false,"path_per_floor":["M","?","M","$","?","E","?","E","T","R","T","E","M","?","R","B",null,"M","?","M","?","?","E","?","M","T","R","E","M","?","$","R","B",null,"M","M","?","M","$","R","?","R","T","$","R","M","T","E","R","B"],"character_chosen":"IRONCLAD","items_purchased":["MealTicket","Matryoshka","Chemical X","Strawberry","Omamori","Inflame","PowerPotion","Regen Potion"],"campfire_rested":4,"item_purchase_floors":[4,31,39,39,39,44,44,44],"current_hp_per_floor":[80,80,80,80,85,85,85,72,72,72,72,57,62,83,83,38,85,81,81,82,82,54,42,70,61,61,61,39,33,33,48,73,51,90,86,64,64,11,18,45,31,58,58,73,73,55,55,34,61,0],"gold":79,"neow_bonus":"THREE_ENEMY_KILL","is_prod":false,"is_daily":false,"chose_seed":false,"campfire_upgraded":4,"win_rate":0,"timestamp":1557056217,"path_taken":["M","?","?","$","?","E","?","E","T","R","?","E","M","?","R","BOSS","M","?","M","?","?","E","?","M","T","R","E","M","?","$","R","BOSS","M","M","?","M","?","R","?","R","T","$","R","M","?","E","R","BOSS"],"build_version":"2019-01-23","purchased_purges":1,"victory":false,"max_hp_per_floor":[80,80,80,80,85,85,85,85,85,85,85,85,85,85,85,85,85,85,85,85,85,85,85,85,85,85,85,85,85,85,85,85,85,90,90,90,85,85,92,92,92,92,92,92,92,92,92,92,92,92],"card_choices":[{"not_picked":["Flex","Shrug It Off","Armaments"],"picked":"SKIP","floor":1},{"not_picked":["Sentinel","Combust","Flex"],"picked":"SKIP","floor":3},{"not_picked":["Havoc","Shrug It Off"],"picked":"Clash","floor":6},{"not_picked":["Corruption","Uppercut","Armaments"],"picked":"SKIP","floor":8},{"not_picked":["Headbutt","Flame Barrier","True Grit"],"picked":"SKIP","floor":12},{"not_picked":["True Grit","Warcry"],"picked":"Cleave","floor":13},{"not_picked":["Barricade","Exhume"],"picked":"Double Tap","floor":16},{"not_picked":["Dual Wield","Clothesline"],"picked":"Heavy Blade","floor":18},{"not_picked":["Rage","Perfected Strike"],"picked":"Whirlwind","floor":20},{"not_picked":["Dual Wield+1","Intimidate","Corruption+1"],"picked":"SKIP","floor":23},{"not_picked":["Evolve","Second Wind"],"picked":"Infernal Blade+1","floor":25},{"not_picked":["Flame Barrier","Uppercut+1"],"picked":"Cleave","floor":28},{"not_picked":["Cleave","Whirlwind"],"picked":"Double Tap","floor":29},{"not_picked":["Dark Embrace","Barricade"],"picked":"Limit Break","floor":33},{"not_picked":["Twin Strike+1","Clash+1"],"picked":"Flex+1","floor":34},{"not_picked":["Searing Blow+1","Havoc+1","Evolve+1"],"picked":"SKIP","floor":35},{"not_picked":["Entrench+1","Power Through+1","Pummel+1"],"picked":"SKIP","floor":36},{"not_picked":["Warcry","Searing Blow+1"],"picked":"Pommel Strike+1","floor":38},{"not_picked":["Corruption","Fire Breathing"],"picked":"Flex","floor":41},{"not_picked":["Body Slam+1","Headbutt+1"],"picked":"Flex+1","floor":46},{"not_picked":["Juggernaut","Havoc+1"],"picked":"Iron Wave+1","floor":48},{"not_picked":["Entrench+1","Perfected Strike+1"],"picked":"Cleave+1","floor":49}],"player_experience":220097,"relics_obtained":[{"floor":6,"key":"Ancient Tea Set"},{"floor":8,"key":"Pantograph"},{"floor":9,"key":"Tiny Chest"},{"floor":11,"key":"Letter Opener"},{"floor":12,"key":"Mummified Hand"},{"floor":22,"key":"Red Mask"},{"floor":23,"key":"The Courier"},{"floor":26,"key":"Smiling Mask"},{"floor":28,"key":"Potion Belt"},{"floor":41,"key":"Pocketwatch"},{"floor":43,"key":"Self Forming Clay"},{"floor":43,"key":"Dodecahedron"},{"floor":47,"key":"Dream Catcher"},{"floor":47,"key":"Juzu Bracelet"},{"floor":48,"key":"Darkstone Periapt"}],"event_choices":[{"damage_healed":0,"gold_gain":100,"player_choice":"Pray","damage_taken":0,"max_hp_gain":0,"max_hp_loss":0,"event_name":"Golden Shrine","floor":2,"gold_loss":0},{"damage_healed":0,"gold_gain":0,"player_choice":"Donut","damage_taken":0,"max_hp_gain":5,"max_hp_loss":0,"event_name":"Big Fish","floor":5,"gold_loss":0},{"damage_healed":0,"gold_gain":80,"player_choice":"Gained Gold","damage_taken":0,"max_hp_gain":0,"max_hp_loss":0,"event_name":"Golden Wing","floor":7,"gold_loss":0},{"damage_healed":21,"gold_gain":0,"player_choice":"Healed","damage_taken":0,"max_hp_gain":0,"max_hp_loss":0,"event_name":"The Cleric","floor":14,"gold_loss":35},{"damage_healed":0,"gold_gain":0,"player_choice":"Ignored","damage_taken":0,"max_hp_gain":0,"max_hp_loss":0,"event_name":"Vampires","floor":19,"gold_loss":0},{"cards_removed":["Defend_R"],"damage_healed":0,"gold_gain":0,"player_choice":"Gave Gold","damage_taken":0,"max_hp_gain":0,"max_hp_loss":0,"event_name":"Beggar","floor":21,"gold_loss":75},{"damage_healed":0,"gold_gain":0,"player_choice":"Fought Bandits","damage_taken":0,"max_hp_gain":0,"max_hp_loss":0,"event_name":"Masked Bandits","floor":22,"gold_loss":0},{"damage_healed":28,"gold_gain":0,"player_choice":"Heal","damage_taken":0,"max_hp_gain":0,"max_hp_loss":0,"event_name":"The Library","floor":24,"gold_loss":0},{"damage_healed":0,"gold_gain":0,"player_choice":"Opened","damage_taken":0,"relics_obtained":["Molten Egg 2"],"max_hp_gain":0,"max_hp_loss":0,"event_name":"The Mausoleum","floor":30,"gold_loss":0,"cards_obtained":["Writhe"]},{"damage_healed":0,"gold_gain":0,"player_choice":"Max HP","damage_taken":0,"max_hp_gain":0,"max_hp_loss":5,"event_name":"Winding Halls","floor":37,"gold_loss":0},{"damage_healed":0,"gold_gain":0,"player_choice":"Fight","damage_taken":0,"max_hp_gain":0,"max_hp_loss":0,"event_name":"MindBloom","floor":41,"gold_loss":0}],"is_beta":false,"boss_relics":[{"not_picked":["Runic Dome","Sozu"],"picked":"Velvet Choker"},{"not_picked":["Eternal Feather","Fusion Hammer"],"picked":"Tiny House"}],"items_purged_floors":[31],"is_endless":false,"potions_floor_spawned":[3,6,13,22,23,28,41,46,48],"killed_by":"Awakened One","ascension_level":0}