{"gold_per_floor":[117,129,129,148,47,77,96,111,111,111,1,34,50,61,61,159,159,159,175,195,0,0,0,13,13,37,37,37],"floor_reached":28,"playtime":2550,"items_purged":["Strike_B"],"score":315,"play_id":"7892cac9-cafc-4cf1-8c5f-936cb2f8ee1f","local_time":"20190903055705","is_ascension_mode":true,"campfire_choices":[{"data":"Self Repair","floor":10.0,"key":"SMITH"},{"data":"Genetic Algorithm","floor":15.0,"key":"SMITH"},{"floor":23.0,"key":"REST"},{"data":"Echo Form","floor":25,"key":"SMITH"},{"data":"Doom and Gloom","floor":27,"key":"SMITH"}],"neow_cost":"NONE","seed_source_timestamp":0,"circlet_count":0,"master_deck":["Defend_B","Defend_B+1","Defend_B","Defend_B+1","Zap","Dualcast","Undo","Gash","Ball Lightning","Streamline","Self Repair+1","Sweeping Beam","Doom and Gloom+1","FTL","Genetic Algorithm+1","Echo Form+1","Genetic Algorithm","Conserve Battery","Bite","Bite","Bite","Bite","Bite","Fusion"],"special_seed":0,"relics":["Cracked Core","War Paint","Girya","Bottled Lightning","Eternal Feather","Juzu Bracelet"],"potions_floor_usage":[28],"damage_taken":[{"damage":2.0,"enemies":"Jaw Worm","floor":1.0,"turns":4.0},{"damage":0.0,"enemies":"Cultist","floor":2.0,"turns":3.0},{"damage":3.0,"enemies":"2 Louse","floor":4.0,"turns":3.0},{"damage":10.0,"enemies":"3 Sentries","floor":6.0,"turns":4.0},{"damage":10.0,"enemies":"Large Slime","floor":7.0,"turns":4.0},{"damage":1.0,"enemies":"3 Louse","floor":8.0,"turns":3.0},{"damage":27.0,"enemies":"Gremlin Nob","floor":12.0,"turns":4.0},{"damage":16.0,"enemies":"Gremlin Gang","floor":13.0,"turns":2.0},{"damage":0.0,"enemies":"Looter","floor":14.0,"turns":2.0},{"damage":30.0,"enemies":"Hexaghost","floor":16.0,"turns":11.0},{"damage":0.0,"enemies":"3 Byrds","floor":18.0,"turns":2.0},{"damage":25.0,"enemies":"Chosen","floor":19.0,"turns":5.0},{"damage":35.0,"enemies":"Centurion and Healer","floor":20.0,"turns":6.0},{"damage":22,"enemies":"Snake Plant","floor":24,"turns":5},{"damage":65,"enemies":"Gremlin Leader","floor":28,"turns":6}],"seed_played":"-8064364465324961725","potions_obtained":[{"floor":2.0,"key":"PowerPotion"},{"floor":4.0,"key":"SteroidPotion"},{"floor":13.0,"key":"SkillPotion"},{"floor":14.0,"key":"SmokeBomb"},{"floor":19.0,"key":"SkillPotion"},{"floor":24,"key":"SkillPotion"}],"is_trial":false,"path_per_floor":["M","M","?","M","$","E","M","M","T","R","$","E","M","M","R","B",null,"M","M","M","?","?","R","M","R","T","R","E"],"character_chosen":"DEFECT","items_purchased":["Streamline","Self Repair","Doom and Gloom"],"campfire_rested":1,"item_purchase_floors":[5,5,11],"current_hp_per_floor":[80,80,80,77,77,67,64,70,70,70,70,43,27,37,37,17,66,66,51,16,16,16,45,49,57,57,57,0],"gold":37,"neow_bonus":"TEN_PERCENT_HP_BONUS","is_prod":false,"is_daily":false,"chose_seed":false,"campfire_upgraded":4,"win_rate":0,"timestamp":1567454225,"path_taken":["M","M","?","M","$","E","?","M","T","R","$","E","?","M","R","BOSS","M","M","M","?","?","R","M","R","T","R","E"],"build_version":"2019-07-17","purchased_purges":1,"victory":false,"max_hp_per_floor":[82,82,82,82,82,82,82,82,82,82,82,82,82,82,82,82,82,82,82,82,82,57,57,57,57,57,57,57],"card_choices":[{"not_picked":["Ball Lightning","Barrage"],"picked":"Undo","floor":1.0},{"not_picked":["Cold Snap","Recycle"],"picked":"Gash","floor":2.0},{"not_picked":["Go for the Eyes","Beam Cell"],"picked":"Ball Lightning","floor":4.0},{"not_picked":["Aggregate","Cold Snap","Hyperbeam"],"picked":"SKIP","floor":6.0},{"not_picked":["Barrage","Stack","Chaos"],"picked":"SKIP","floor":7.0},{"not_picked":["Go for the Eyes","Turbo"],"picked":"Sweeping Beam","floor":8.0},{"not_picked":["Stack","Coolheaded"],"picked":"FTL","floor":12.0},{"not_picked":["Beam Cell","Cold Snap","Redo"],"picked":"SKIP","floor":13.0},{"not_picked":["Turbo","Consume"],"picked":"Genetic Algorithm","floor":14.0},{"not_picked":["Meteor Strike","Amplify"],"picked":"Echo Form","floor":16.0},{"not_picked":["Aggregate","Scrape"],"picked":"Genetic Algorithm","floor":19.0},{"not_picked":["Chill+1","Cold Snap"],"picked":"Conserve Battery","floor":20.0},{"not_picked":["Self Repair","Steam+1"],"picked":"Fusion","floor":24}],"player_experience":518904,"relics_obtained":[{"floor":6.0,"key":"War Paint"},{"floor":9.0,"key":"Girya"},{"floor":12.0,"key":"Bottled Lightning"},{"floor":26,"key":"Juzu Bracelet"}],"event_choices":[{"cards_removed":["Strike_B"],"damage_healed":0.0,"max_hp_gain":0.0,"max_hp_loss":0.0,"gold_gain":0.0,"event_name":"Purifier","player_choice":"Purged","floor":3.0,"gold_loss":0.0,"damage_taken":0.0},{"damage_healed":0.0,"max_hp_gain":0.0,"max_hp_loss":0.0,"gold_gain":0.0,"event_name":"Masked Bandits","player_choice":"Paid Fearfully","floor":21.0,"gold_loss":195.0,"damage_taken":0.0},{"damage_healed":0.0,"max_hp_gain":0.0,"max_hp_loss":25.0,"gold_gain":0.0,"event_name":"Vampires","player_choice":"Became a vampire","floor":22.0,"gold_loss":0.0,"damage_taken":0.0,"cards_obtained":["Bite","Bite","Bite","Bite","Bite"]}],"is_beta":false,"boss_relics":[{"not_picked":["Fusion Hammer","Coffee Dripper"],"picked":"Eternal Feather"}],"items_purged_floors":[11],"is_endless":false,"potions_floor_spawned":[2,4,13,14,19,24],"killed_by":"Gremlin Leader","ascension_level":5}