{"gold_per_floor":[119,129,129,54,129,129,5,35,35,64,64,83,83,101,101,178,178,161,18,18,37,37,56,56,56],"floor_reached":25,"playtime":812,"items_purged":["Regret","Defend_B"],"score":398,"play_id":"9cb79653-d05c-4e6d-8497-e4e9af5ab3bb","local_time":"20190925133521","is_ascension_mode":true,"campfire_choices":[{"data":"Zap","floor":6.0,"key":"SMITH"},{"data":"Barrage","floor":13.0,"key":"SMITH"},{"floor":15,"key":"REST"}],"neow_cost":"NONE","seed_source_timestamp":84216624798500,"circlet_count":0,"master_deck":["AscendersBane","Strike_B","Strike_B","Strike_B","Strike_B","Defend_B","Defend_B","Defend_B","Zap+1","Dualcast","Conserve Battery","Barrage+1","Cold Snap","Go for the Eyes+1","Leap","Ball Lightning+1","Buffer","Barrage+1","Coolheaded","Panacea","Gash+1","Gash+1"],"special_seed":0,"relics":["Cracked Core","NeowsBlessing","FossilizedHelix","Bag of Marbles","Molten Egg 2","Ornamental Fan","Sozu","Happy Flower"],"potions_floor_usage":[16,16,25],"damage_taken":[{"damage":0.0,"enemies":"2 Louse","floor":1.0,"turns":1.0},{"damage":0.0,"enemies":"Jaw Worm","floor":2.0,"turns":1.0},{"damage":0.0,"enemies":"Gremlin Nob","floor":8.0,"turns":1.0},{"damage":16.0,"enemies":"3 Sentries","floor":10.0,"turns":6.0},{"damage":0.0,"enemies":"Small Slimes","floor":12.0,"turns":3.0},{"damage":0,"enemies":"Exordium Wildlife","floor":14,"turns":5},{"damage":10,"enemies":"Slime Boss","floor":16,"turns":9},{"damage":13,"enemies":"2 Thieves","floor":18,"turns":4},{"damage":0,"enemies":"Shell Parasite","floor":21,"turns":4},{"damage":17,"enemies":"Chosen and Byrds","floor":23,"turns":7},{"damage":32,"enemies":"Gremlin Leader","floor":25,"turns":7}],"seed_played":"6298201348732452145","potions_obtained":[{"floor":1.0,"key":"Ancient Potion"},{"floor":8.0,"key":"AttackPotion"},{"floor":14,"key":"Swift Potion"},{"floor":16,"key":"Weak Potion"}],"is_trial":false,"path_per_floor":["M","M","?","$","?","R","$","E","T","E","?","M","R","M","R","B",null,"M","$","?","M","?","M","?","E"],"character_chosen":"DEFECT","items_purchased":["Barrage","Coolheaded","Panacea"],"campfire_rested":1,"item_purchase_floors":[7,19,19],"current_hp_per_floor":[64,64,64,64,53,53,53,53,53,37,37,37,37,37,58,48,65,52,52,39,39,39,22,22,0],"gold":56,"neow_bonus":"THREE_ENEMY_KILL","is_prod":false,"is_daily":false,"chose_seed":false,"campfire_upgraded":2,"win_rate":0,"timestamp":1569443721,"path_taken":["M","M","?","$","?","R","$","E","T","E","?","M","R","M","R","BOSS","M","$","?","M","?","M","?","E"],"build_version":"2019-07-17","purchased_purges":2,"victory":false,"max_hp_per_floor":[71,71,71,71,71,71,71,71,71,71,71,71,71,71,71,71,71,71,71,76,76,76,76,76,76],"card_choices":[{"not_picked":["Chaos","Sweeping Beam"],"picked":"Conserve Battery","floor":1.0},{"not_picked":["Steam Power","Stack","Beam Cell"],"picked":"SKIP","floor":2.0},{"not_picked":["Turbo","Sweeping Beam"],"picked":"Cold Snap","floor":8.0},{"not_picked":["Hologram","Streamline+1"],"picked":"Go for the Eyes+1","floor":10.0},{"not_picked":["Sweeping Beam+1","Beam Cell+1"],"picked":"Leap","floor":12.0},{"not_picked":["Leap","Chaos"],"picked":"Ball Lightning+1","floor":14},{"not_picked":["Fission","Reboot"],"picked":"Buffer","floor":16},{"not_picked":["Redo","Beam Cell+1"],"picked":"Barrage+1","floor":18},{"not_picked":["Steam","Scrape+1"],"picked":"Gash+1","floor":21},{"not_picked":["Steam","Barrage+1"],"picked":"Gash+1","floor":23}],"player_experience":638315,"relics_obtained":[{"floor":8.0,"key":"Bag of Marbles"},{"floor":9.0,"key":"Molten Egg 2"},{"floor":10.0,"key":"Ornamental Fan"}],"event_choices":[{"damage_healed":0.0,"max_hp_gain":0.0,"max_hp_loss":0.0,"gold_gain":0.0,"event_name":"Big Fish","player_choice":"Box","floor":3.0,"gold_loss":0.0,"damage_taken":0.0,"relics_obtained":["FossilizedHelix"],"cards_obtained":["Regret"]},{"damage_healed":0.0,"max_hp_gain":0.0,"max_hp_loss":0.0,"gold_gain":75.0,"event_name":"World of Goop","player_choice":"Gather Gold","floor":5.0,"gold_loss":0.0,"damage_taken":11.0},{"damage_healed":0.0,"max_hp_gain":0.0,"max_hp_loss":0.0,"gold_gain":0.0,"event_name":"Liars Game","player_choice":"Ignored","floor":11.0,"gold_loss":0.0,"damage_taken":0.0},{"damage_healed":0,"gold_gain":0,"player_choice":"Shed Blood","damage_taken":18,"max_hp_gain":5,"max_hp_loss":0,"event_name":"Forgotten Altar","floor":20,"gold_loss":0},{"damage_healed":0,"gold_gain":0,"player_choice":"Ignored","damage_taken":0,"max_hp_gain":0,"max_hp_loss":0,"event_name":"Ghosts","floor":22,"gold_loss":0},{"damage_healed":0,"gold_gain":0,"player_choice":"Opened","damage_taken":0,"relics_obtained":["Happy Flower"],"max_hp_gain":0,"max_hp_loss":0,"event_name":"The Mausoleum","floor":24,"gold_loss":0}],"is_beta":false,"boss_relics":[{"not_picked":["Coffee Dripper","Tiny House"],"picked":"Sozu"}],"items_purged_floors":[4,7],"is_endless":false,"potions_floor_spawned":[1,8,14,16,18],"killed_by":"Gremlin Leader","ascension_level":14}