{"gold_per_floor":[111,111,126,145,320,355,355,372,372,86,86,86,86,101,101,101],"floor_reached":16,"playtime":2736,"items_purged":[],"score":100,"play_id":"3d5dafde-7cab-41bf-a367-4393b8490f08","local_time":"20190909231606","is_ascension_mode":false,"campfire_choices":[{"floor":7,"key":"REST"},{"floor":11,"key":"REST"},{"floor":13,"key":"REST"},{"floor":15,"key":"REST"}],"neow_cost":"NONE","seed_source_timestamp":445689013421000,"circlet_count":0,"master_deck":["Strike_R","Strike_R","Strike_R","Strike_R","Strike_R","Defend_R","Defend_R","Defend_R","Defend_R","Bash","Iron Wave","Seeing Red","Reckless Charge","Doubt","Feed","Second Wind","Pain","Feel No Pain","Thunderclap"],"relics":["Cursed Key","Orichalcum","Anchor","Ornamental Fan"],"potions_floor_usage":[16,16,16,16],"damage_taken":[{"damage":0,"enemies":"2 Louse","floor":1,"turns":3},{"damage":1,"enemies":"Cultist","floor":3,"turns":3},{"damage":2,"enemies":"Small Slimes","floor":4,"turns":3},{"damage":50,"enemies":"Lagavulin","floor":6,"turns":8},{"damage":18,"enemies":"Exordium Wildlife","floor":8,"turns":7},{"damage":26,"enemies":"Exordium Thugs","floor":14,"turns":7},{"damage":87,"enemies":"Slime Boss","floor":16,"turns":12}],"seed_played":"960144114151355263","potions_obtained":[{"floor":1,"key":"EssenceOfSteel"},{"floor":3,"key":"EntropicBrew"},{"floor":6,"key":"Energy Potion"}],"is_trial":false,"path_per_floor":["M","?","M","M","?","E","R","M","T","$","R","?","R","M","R","B"],"character_chosen":"IRONCLAD","items_purchased":["Ornamental Fan","Feel No Pain"],"campfire_rested":4,"item_purchase_floors":[10,10],"current_hp_per_floor":[80,80,79,77,77,27,51,33,33,33,57,62,85,59,84,0],"gold":101,"neow_bonus":"BOSS_RELIC","is_prod":false,"is_daily":false,"chose_seed":false,"campfire_upgraded":0,"win_rate":0,"timestamp":1568088966,"path_taken":["M","?","?","?","?","E","R","M","T","$","R","?","R","M","R","BOSS"],"build_version":"2019-07-17","purchased_purges":0,"victory":false,"max_hp_per_floor":[80,80,80,80,80,80,80,80,80,80,80,85,85,85,85,85],"card_choices":[{"not_picked":["Pommel Strike","Fire Breathing"],"picked":"Dropkick","floor":1},{"not_picked":["True Grit","Shrug It Off"],"picked":"Seeing Red","floor":3},{"not_picked":["Flex","Body Slam"],"picked":"Reckless Charge","floor":4},{"not_picked":["Clash","Body Slam"],"picked":"Feed","floor":6},{"not_picked":["Headbutt","Pummel"],"picked":"Second Wind","floor":8},{"not_picked":["Reckless Charge","Sword Boomerang"],"picked":"Thunderclap","floor":14}],"player_experience":35091,"relics_obtained":[{"floor":6,"key":"Orichalcum"},{"floor":9,"key":"Anchor"}],"event_choices":[{"cards_removed":["Dropkick"],"damage_healed":0,"gold_gain":0,"player_choice":"Took Card","damage_taken":0,"max_hp_gain":0,"max_hp_loss":0,"event_name":"NoteForYourself","floor":2,"gold_loss":0,"cards_obtained":["Iron Wave"]},{"damage_healed":0,"gold_gain":175,"player_choice":"AGREE","damage_taken":0,"max_hp_gain":0,"max_hp_loss":0,"event_name":"Liars Game","floor":5,"gold_loss":0,"cards_obtained":["Doubt"]},{"damage_healed":0,"gold_gain":0,"player_choice":"Donut","damage_taken":0,"max_hp_gain":5,"max_hp_loss":0,"event_name":"Big Fish","floor":12,"gold_loss":0}],"is_beta":false,"boss_relics":[],"items_purged_floors":[],"is_endless":false,"potions_floor_spawned":[1,3,6],"killed_by":"Slime Boss","ascension_level":0}