{"gold_per_floor":[11,31,50,60,76,76,76,22,22,22,32,50,63,113,113,216,266,281,106,119,218,13,13],"floor_reached":23,"playtime":1477,"items_purged":["Strike_B"],"score":222,"play_id":"5d3c58fd-2fd2-4de4-ad7a-1c2bd8564163","local_time":"20190829233012","is_ascension_mode":true,"campfire_choices":[{"data":"Reboot","floor":6,"key":"SMITH"},{"floor":10,"key":"REST"},{"data":"Go for the Eyes","floor":15,"key":"SMITH"}],"neow_cost":"NO_GOLD","seed_source_timestamp":1289760542778500,"circlet_count":0,"master_deck":["Strike_B","Strike_B","Strike_B","Defend_B","Defend_B","Defend_B","Defend_B","Zap","Dualcast","Reboot+1","Cold Snap","Capacitor","FTL","Static Discharge","Barrage","Go for the Eyes+1","Melter","Echo Form+1","Tempest","Defragment"],"relics":["Cracked Core","Shovel","Tiny House","Membership Card"],"potions_floor_usage":[4,11,12,12,16,16,16,18,20,23],"damage_taken":[{"damage":2,"enemies":"2 Louse","floor":1,"turns":3},{"damage":0,"enemies":"Small Slimes","floor":2,"turns":3},{"damage":0,"enemies":"Jaw Worm","floor":3,"turns":3},{"damage":30,"enemies":"Exordium Thugs","floor":4,"turns":7},{"damage":12,"enemies":"Large Slime","floor":5,"turns":5},{"damage":0,"enemies":"Red Slaver","floor":11,"turns":4},{"damage":0,"enemies":"Lots of Slimes","floor":12,"turns":2},{"damage":4,"enemies":"Looter","floor":13,"turns":3},{"damage":18,"enemies":"The Guardian","floor":16,"turns":11},{"damage":17,"enemies":"Chosen","floor":18,"turns":4},{"damage":20,"enemies":"Shell Parasite","floor":20,"turns":6},{"damage":61,"enemies":"Gremlin Leader","floor":23,"turns":4}],"seed_played":"7158129404906053457","potions_obtained":[{"floor":2,"key":"Dexterity Potion"},{"floor":4,"key":"Dexterity Potion"},{"floor":11,"key":"EntropicBrew"},{"floor":12,"key":"Poison Potion"},{"floor":16,"key":"Dexterity Potion"},{"floor":17,"key":"Energy Potion"},{"floor":20,"key":"Block Potion"}],"is_trial":false,"path_per_floor":["M","M","M","M","M","R","?","$","T","R","M","M","M","?","R","B",null,"M","$","M","?","$","E"],"character_chosen":"DEFECT","items_purchased":["Barrage","FairyPotion","Membership Card"],"campfire_rested":1,"item_purchase_floors":[8,19,22],"current_hp_per_floor":[73,73,73,43,31,31,24,24,24,46,46,46,42,42,42,24,80,63,63,43,43,43,0],"gold":13,"neow_bonus":"THREE_RARE_CARDS","is_prod":false,"is_daily":false,"chose_seed":false,"campfire_upgraded":2,"win_rate":0,"timestamp":1567085412,"path_taken":["M","M","M","M","M","R","?","$","T","R","M","M","M","?","R","BOSS","M","$","M","?","$","E"],"build_version":"2019-07-17","purchased_purges":1,"victory":false,"max_hp_per_floor":[75,75,75,75,75,75,75,75,75,75,75,75,75,75,75,75,80,80,80,80,80,80,80],"card_choices":[{"not_picked":["Rainbow","Thunder Strike"],"picked":"Reboot","floor":0},{"not_picked":["Gash","Beam Cell"],"picked":"Cold Snap","floor":1},{"not_picked":["Ball Lightning","Reboot"],"picked":"Capacitor","floor":2},{"not_picked":["Compile Driver","Leap","Reprogram"],"picked":"SKIP","floor":3},{"not_picked":["Coolheaded","Melter"],"picked":"FTL","floor":4},{"not_picked":["Rip and Tear","Rebound"],"picked":"Static Discharge","floor":5},{"not_picked":["Steam Power","Recycle","Steam"],"picked":"SKIP","floor":11},{"not_picked":["Turbo","Cold Snap"],"picked":"Go for the Eyes","floor":12},{"not_picked":["Skim","Darkness"],"picked":"Melter","floor":13},{"not_picked":["Multi-Cast","Core Surge"],"picked":"Echo Form","floor":16},{"not_picked":["Turbo","Redo"],"picked":"Tempest","floor":17},{"not_picked":["Ball Lightning","Beam Cell+1","Gash+1"],"picked":"SKIP","floor":18},{"not_picked":["Gash","Storm"],"picked":"Defragment","floor":20}],"player_experience":461097,"relics_obtained":[{"floor":9,"key":"Shovel"}],"event_choices":[{"damage_healed":0,"gold_gain":0,"player_choice":"Fled","damage_taken":7,"max_hp_gain":0,"max_hp_loss":0,"event_name":"Scrap Ooze","floor":7,"gold_loss":0},{"damage_healed":0,"gold_gain":50,"player_choice":"Gained Gold","damage_taken":0,"max_hp_gain":0,"max_hp_loss":0,"event_name":"Golden Wing","floor":14,"gold_loss":0},{"damage_healed":0,"gold_gain":99,"player_choice":"Stole From Cult","damage_taken":0,"max_hp_gain":0,"max_hp_loss":0,"event_name":"Nest","floor":21,"gold_loss":0}],"is_beta":false,"boss_relics":[{"not_picked":["Fusion Hammer","Ectoplasm"],"picked":"Tiny House"}],"items_purged_floors":[19],"is_endless":false,"potions_floor_spawned":[2,4,11,12,16,20],"killed_by":"Gremlin Leader","ascension_level":4}