{"gold_per_floor":[118,128,142,142,153,153,168,202,254,274,79,97,109,121,121,222,222,237,147,167,177,191,191,221,221,298,312,312,325,225,253,253,358,358,373,393,268,288,60,90,103,103,157,0,19,19,19,50,50,50],"floor_reached":51,"playtime":3422,"items_purged":["Strike_B","Strike_B","Strike_B","Defend_B"],"score":895,"play_id":"943855cd-8333-4b73-932f-c5e3642dfbb2","local_time":"20190924144323","is_ascension_mode":true,"campfire_choices":[{"data":"Go for the Eyes","floor":6.0,"key":"SMITH"},{"floor":15.0,"key":"REST"},{"data":"Consume","floor":23,"key":"SMITH"},{"data":"Zap","floor":25,"key":"SMITH"},{"data":"Capacitor","floor":32,"key":"SMITH"},{"data":"Capacitor","floor":42,"key":"SMITH"},{"data":"Defragment","floor":49,"key":"SMITH"}],"neow_cost":"NONE","seed_source_timestamp":999408055440900,"circlet_count":0,"master_deck":["Defend_B","Defend_B","Defend_B","Zap+1","Dualcast","Go for the Eyes+1","Leap","Reinforced Body","Genetic Algorithm","Consume+1","Capacitor+1","Leap+1","Glacier","Capacitor+1","Chill","Reboot","White Noise+1","Redo+1","Capacitor+1","Defragment+1"],"special_seed":0,"relics":["FrozenCore","Thread and Needle","Vajra","Sozu","Lantern","Gremlin Horn","Nloth\u0027s Gift","Mango","Cables","Regal Pillow","Red Mask","Ancient Tea Set"],"potions_floor_usage":[50],"damage_taken":[{"damage":1.0,"enemies":"Cultist","floor":1.0,"turns":3.0},{"damage":0.0,"enemies":"Jaw Worm","floor":2.0,"turns":3.0},{"damage":0.0,"enemies":"2 Louse","floor":3.0,"turns":2.0},{"damage":43.0,"enemies":"Gremlin Gang","floor":5.0,"turns":8.0},{"damage":0.0,"enemies":"Looter","floor":7.0,"turns":3.0},{"damage":34.0,"enemies":"3 Sentries","floor":8.0,"turns":7.0},{"damage":0.0,"enemies":"Large Slime","floor":10.0,"turns":6.0},{"damage":1.0,"enemies":"Lots of Slimes","floor":12.0,"turns":5.0},{"damage":0.0,"enemies":"3 Louse","floor":13.0,"turns":6.0},{"damage":0.0,"enemies":"Blue Slaver","floor":14.0,"turns":5.0},{"damage":0.0,"enemies":"Hexaghost","floor":16.0,"turns":20.0},{"damage":0.0,"enemies":"Chosen","floor":18.0,"turns":11.0},{"damage":0.0,"enemies":"3 Byrds","floor":20.0,"turns":7.0},{"damage":0,"enemies":"Shelled Parasite and Fungi","floor":21,"turns":17},{"damage":7,"enemies":"Snake Plant","floor":22,"turns":9},{"damage":0,"enemies":"Book of Stabbing","floor":24,"turns":8},{"damage":0,"enemies":"Centurion and Healer","floor":27,"turns":9},{"damage":0,"enemies":"3 Cultists","floor":29,"turns":8},{"damage":1,"enemies":"Gremlin Leader","floor":31,"turns":11},{"damage":6,"enemies":"Champ","floor":33,"turns":16},{"damage":0,"enemies":"Orb Walker","floor":35,"turns":7},{"damage":3,"enemies":"3 Shapes","floor":36,"turns":10},{"damage":4,"enemies":"Sphere and 2 Shapes","floor":38,"turns":7},{"damage":8,"enemies":"Nemesis","floor":40,"turns":13},{"damage":0,"enemies":"Jaw Worm Horde","floor":41,"turns":9},{"damage":6,"enemies":"Writhing Mass","floor":45,"turns":7},{"damage":0,"enemies":"Giant Head","floor":48,"turns":13},{"damage":8,"enemies":"Awakened One","floor":50,"turns":18}],"seed_played":"4374367557668190165","potions_obtained":[{"floor":5.0,"key":"GamblersBrew"},{"floor":8.0,"key":"FearPotion"},{"floor":10.0,"key":"AttackPotion"},{"floor":12.0,"key":"FearPotion"},{"floor":13.0,"key":"FocusPotion"}],"is_trial":false,"path_per_floor":["M","M","M","T","M","R","M","E","T","M","$","M","M","M","R","B",null,"M","?","M","M","M","R","E","R","T","M","?","M","$","E","R","B",null,"M","M","$","M","$","E","M","R","T","?","M","?","?","E","R","B",null],"character_chosen":"DEFECT","items_purchased":["Capacitor","Leap","Defragment"],"campfire_rested":1,"item_purchase_floors":[11,11,39],"current_hp_per_floor":[81,81,81,81,38,38,38,4,4,4,4,3,3,3,27,27,82,82,82,82,82,75,75,75,75,75,75,75,75,75,88,88,82,96,96,93,93,89,89,81,81,81,81,81,75,75,75,75,75,67],"gold":50,"neow_bonus":"TEN_PERCENT_HP_BONUS","is_prod":false,"is_daily":false,"chose_seed":false,"campfire_upgraded":6,"win_rate":0,"timestamp":1569300203,"path_taken":["M","M","?","?","M","R","?","E","T","M","?","M","M","M","R","BOSS","M","?","M","M","?","R","E","R","T","M","?","M","$","E","R","BOSS","M","M","$","M","$","E","?","R","T","?","M","?","?","E","R","BOSS"],"build_version":"2019-07-17","purchased_purges":4,"victory":true,"max_hp_per_floor":[82,82,82,82,82,82,82,82,82,82,82,82,82,82,82,82,82,82,82,82,82,82,82,82,82,82,82,82,82,82,96,96,96,96,96,96,96,96,96,96,96,96,96,96,96,91,91,91,91,91],"card_choices":[{"not_picked":["Turbo","Coolheaded"],"picked":"Go for the Eyes","floor":1.0},{"not_picked":["Steam","Creative AI"],"picked":"Leap","floor":2.0},{"not_picked":["Steam","Hologram"],"picked":"Reinforced Body","floor":3.0},{"not_picked":["Beam Cell","Coolheaded"],"picked":"Genetic Algorithm","floor":5.0},{"not_picked":["Machine Learning","Rebound"],"picked":"Consume","floor":7.0},{"not_picked":["Rip and Tear","White Noise","Compile Driver"],"picked":"SKIP","floor":8.0},{"not_picked":["Cold Snap","Compile Driver","Go for the Eyes"],"picked":"SKIP","floor":10.0},{"not_picked":["Streamline","Reprogram"],"picked":"Glacier","floor":12.0},{"not_picked":["Go for the Eyes","Coolheaded"],"picked":"Capacitor","floor":13.0},{"not_picked":["Consume","Steam Power"],"picked":"Chill","floor":14.0},{"not_picked":["Fission","Biased Cognition"],"picked":"Reboot","floor":16.0},{"not_picked":["Reprogram","Coolheaded+1"],"picked":"White Noise+1","floor":18.0},{"not_picked":["Redo","Darkness+1","Glacier"],"picked":"SKIP","floor":20.0},{"not_picked":["Gash","Heatsinks+1","Streamline+1"],"picked":"SKIP","floor":21},{"not_picked":["Skim+1","Sweeping Beam"],"picked":"Redo+1","floor":22},{"not_picked":["Sunder","Core Surge"],"picked":"Capacitor+1","floor":24},{"not_picked":["Force Field+1","Beam Cell","Conserve Battery+1"],"picked":"SKIP","floor":27},{"not_picked":["Heatsinks","Barrage","Fusion"],"picked":"SKIP","floor":29},{"not_picked":["Beam Cell","Reinforced Body+1","Sunder+1"],"picked":"SKIP","floor":31},{"not_picked":["Reprogram+1","FTL","Hello World"],"picked":"SKIP","floor":35},{"not_picked":["Leap","Double Energy+1","FTL+1"],"picked":"SKIP","floor":36},{"not_picked":["Steam+1","Stack","Force Field"],"picked":"SKIP","floor":38},{"not_picked":["Chill+1","Biased Cognition","Fusion+1"],"picked":"SKIP","floor":40},{"not_picked":["Chill+1","Biased Cognition","Fusion+1"],"picked":"SKIP","floor":40},{"not_picked":["Consume","Conserve Battery","Steam+1"],"picked":"SKIP","floor":41},{"not_picked":["Auto Shields","Gash+1","Sunder+1"],"picked":"SKIP","floor":45},{"not_picked":["Steam+1","Conserve Battery","Sweeping Beam+1"],"picked":"SKIP","floor":48}],"player_experience":255609,"relics_obtained":[{"floor":4.0,"key":"Ornamental Fan"},{"floor":8.0,"key":"Thread and Needle"},{"floor":9.0,"key":"Vajra"},{"floor":24,"key":"Lantern"},{"floor":26,"key":"Gremlin Horn"},{"floor":31,"key":"Mango"},{"floor":40,"key":"Cables"},{"floor":43,"key":"Regal Pillow"},{"floor":48,"key":"Ancient Tea Set"}],"event_choices":[{"cards_removed":["Strike_B"],"damage_healed":0.0,"max_hp_gain":0.0,"max_hp_loss":0.0,"gold_gain":0.0,"event_name":"Designer","player_choice":"Upgrade and Remove","floor":19.0,"gold_loss":90.0,"damage_taken":0.0,"cards_upgraded":["Leap"]},{"damage_healed":0,"gold_gain":0,"player_choice":"Traded Relic","damage_taken":0,"relics_obtained":["Nloth\u0027s Gift"],"max_hp_gain":0,"max_hp_loss":0,"event_name":"N\u0027loth","floor":28,"relics_lost":["Ornamental Fan"],"gold_loss":0},{"damage_healed":0,"gold_gain":0,"player_choice":"Paid","damage_taken":0,"relics_obtained":["Red Mask"],"max_hp_gain":0,"max_hp_loss":0,"event_name":"Tomb of Lord Red Mask","floor":44,"gold_loss":157},{"damage_healed":0,"gold_gain":0,"player_choice":"Max HP","damage_taken":0,"max_hp_gain":0,"max_hp_loss":5,"event_name":"Winding Halls","floor":46,"gold_loss":0},{"damage_healed":0,"gold_gain":0,"player_choice":"Memory 1","damage_taken":0,"max_hp_gain":0,"max_hp_loss":0,"event_name":"SensoryStone","floor":47,"gold_loss":0}],"is_beta":false,"boss_relics":[{"not_picked":["Eternal Feather","Fusion Hammer"],"picked":"Sozu"},{"not_picked":["Runic Pyramid","Coffee Dripper"],"picked":"FrozenCore"}],"items_purged_floors":[11,30,37,39],"is_endless":false,"potions_floor_spawned":[5,8,10,12,13,20,21,29,31,35,40,45,48],"ascension_level":1}