{"gold_per_floor":[144,144,144,155,172,172,185,185,235,235,268,198,212,212,212,313,313,327,327,82,82,82,116,41,51,78,89,104,120,130,130,130,234,234,249,259,359,359,359,22,47,47,47,65,76,91,110,121,121,121],"floor_reached":50,"playtime":1775,"items_purged":["Shame"],"score":596,"play_id":"c640df6c-9e3a-4831-8562-7e1d13aa9442","local_time":"20190220221551","is_ascension_mode":false,"campfire_choices":[{"data":"Inflame","floor":6,"key":"SMITH"},{"data":"Cleave","floor":8,"key":"SMITH"},{"floor":15,"key":"REST"},{"floor":32,"key":"REST"},{"floor":42,"key":"REST"},{"floor":49,"key":"REST"}],"neow_cost":"NONE","seed_source_timestamp":567101162870580,"circlet_count":0,"master_deck":["Strike_R+1","Strike_R+1","Strike_R+1","Strike_R+1","Strike_R+1","Defend_R+1","Defend_R+1","Defend_R+1","Defend_R+1","Bash","Flex","Inflame+1","Cleave+1","Clash+1","Anger","Inflame","Limit Break","Heavy Blade","Flex+1","Heavy Blade+1","Clash+1","Double Tap+1","Heavy Blade","Heavy Blade"],"relics":["Burning Blood","Tiny Chest","Whetstone","Meat on the Bone","Bag of Marbles","Singing Bowl","Velvet Choker","Bottled Tornado","Mercury Hourglass","Toxic Egg 2","Unceasing Top","Oddly Smooth Stone","Eternal Feather","Charon\u0027s Ashes","Bronze Scales","Frozen Eye","Question Card","Darkstone Periapt"],"potions_floor_usage":[],"damage_taken":[{"damage":4,"enemies":"Jaw Worm","floor":1,"turns":6},{"damage":9,"enemies":"2 Louse","floor":4,"turns":3},{"damage":6,"enemies":"Cultist","floor":5,"turns":3},{"damage":13,"enemies":"Exordium Thugs","floor":7,"turns":6},{"damage":6,"enemies":"Gremlin Nob","floor":11,"turns":3},{"damage":7,"enemies":"Blue Slaver","floor":13,"turns":2},{"damage":55,"enemies":"Hexaghost","floor":16,"turns":9},{"damage":28,"enemies":"3 Byrds","floor":18,"turns":5},{"damage":14,"enemies":"Slavers","floor":23,"turns":3},{"damage":0,"enemies":"Spheric Guardian","floor":25,"turns":2},{"damage":6,"enemies":"Chosen and Byrds","floor":27,"turns":3},{"damage":1,"enemies":"Shelled Parasite and Fungi","floor":28,"turns":2},{"damage":10,"enemies":"Sentry and Sphere","floor":29,"turns":3},{"damage":0,"enemies":"Snake Plant","floor":30,"turns":1},{"damage":22,"enemies":"Automaton","floor":33,"turns":4},{"damage":13,"enemies":"3 Darklings","floor":35,"turns":4},{"damage":1,"enemies":"Orb Walker","floor":36,"turns":2},{"damage":34,"enemies":"Mind Bloom Boss Battle","floor":37,"turns":8},{"damage":47,"enemies":"Giant Head","floor":41,"turns":6},{"damage":24,"enemies":"Sphere and 2 Shapes","floor":44,"turns":6},{"damage":0,"enemies":"Transient","floor":45,"turns":5},{"damage":6,"enemies":"Writhing Mass","floor":46,"turns":2},{"damage":7,"enemies":"Spire Growth","floor":47,"turns":3},{"damage":0,"enemies":"3 Darklings","floor":48,"turns":3},{"damage":106,"enemies":"Donu and Deca","floor":50,"turns":6}],"seed_played":"7223763550353034071","potions_obtained":[{"floor":4,"key":"EntropicBrew"},{"floor":7,"key":"Strength Potion"},{"floor":13,"key":"BloodPotion"}],"is_trial":false,"path_per_floor":["M","?","?","M","M","R","M","R","T","T","E","$","M","T","R","B",null,"M","?","$","?","T","E","$","M","T","M","M","M","M","?","R","B",null,"M","M","?","?","?","$","E","R","T","M","M","M","M","M","R","B"],"character_chosen":"IRONCLAD","items_purchased":["Inflame","Bottled Tornado","Bronze Scales","Frozen Eye"],"campfire_rested":4,"item_purchase_floors":[12,20,40,40],"current_hp_per_floor":[80,80,80,77,77,77,70,70,70,70,70,70,69,69,80,43,80,58,58,58,58,58,50,50,56,56,56,63,61,69,69,86,70,86,79,84,58,58,58,58,31,70,70,54,62,64,65,73,100,0],"gold":121,"neow_bonus":"RANDOM_COMMON_RELIC","is_prod":false,"is_daily":false,"chose_seed":false,"campfire_upgraded":2,"win_rate":0,"timestamp":1550661351,"path_taken":["M","?","?","?","M","R","M","R","T","?","E","?","M","?","R","BOSS","M","?","$","?","?","E","$","M","T","M","M","M","M","?","R","BOSS","M","M","?","?","?","?","E","R","T","M","M","M","M","?","R","BOSS"],"build_version":"2019-01-23","purchased_purges":1,"victory":false,"max_hp_per_floor":[80,80,80,80,80,80,80,80,80,80,80,80,80,80,80,80,80,80,80,80,80,80,80,80,80,80,80,82,84,86,86,86,86,86,86,86,88,88,88,88,90,90,90,92,94,96,98,100,100,100],"card_choices":[{"not_picked":["Cleave","Perfected Strike"],"picked":"Flex","floor":1},{"not_picked":["Armaments","Shrug It Off"],"picked":"Inflame","floor":4},{"not_picked":["Iron Wave","Flex"],"picked":"Cleave","floor":5},{"not_picked":["Armaments","Clothesline"],"picked":"Clash","floor":7},{"not_picked":["Body Slam","Warcry"],"picked":"Anger","floor":11},{"not_picked":["Thunderclap","Wild Strike","Bloodletting"],"picked":"SKIP","floor":13},{"not_picked":["Barricade","Feed"],"picked":"Limit Break","floor":16},{"not_picked":["Feel No Pain","Warcry"],"picked":"Heavy Blade","floor":18},{"not_picked":["Offering+1","Clothesline"],"picked":"Flex+1","floor":23},{"not_picked":["Rupture","Clothesline"],"picked":"Heavy Blade+1","floor":25},{"not_picked":["Sword Boomerang","Cleave"],"picked":"Clash+1","floor":27},{"not_picked":["Searing Blow","Havoc+1","Battle Trance+1"],"picked":"Singing Bowl","floor":28},{"not_picked":["Sword Boomerang","Cleave+1","Body Slam"],"picked":"Singing Bowl","floor":29},{"not_picked":["Reckless Charge+1","Rampage","Seeing Red+1"],"picked":"Singing Bowl","floor":30},{"not_picked":["Juggernaut","Exhume+1"],"picked":"Double Tap+1","floor":33},{"not_picked":["Shrug It Off+1","Dual Wield+1"],"picked":"Heavy Blade","floor":35},{"not_picked":["Rupture","Bloodletting+1"],"picked":"Heavy Blade","floor":36},{"not_picked":["Anger","Sentinel+1","Perfected Strike+1"],"picked":"Singing Bowl","floor":37},{"not_picked":["Rage+1","Cleave+1","Sword Boomerang"],"picked":"Singing Bowl","floor":41},{"not_picked":["Demon Form","Headbutt","Warcry+1","Hemokinesis+1"],"picked":"Singing Bowl","floor":44},{"not_picked":["Twin Strike+1","Metallicize","Bloodletting+1","Body Slam+1"],"picked":"Singing Bowl","floor":45},{"not_picked":["Heavy Blade","Iron Wave+1","Dual Wield+1","Thunderclap+1"],"picked":"Singing Bowl","floor":46},{"not_picked":["Battle Trance+1","Pommel Strike+1","Searing Blow+1","Shrug It Off+1"],"picked":"Singing Bowl","floor":47},{"not_picked":["Shrug It Off+1","Body Slam+1","Infernal Blade+1","Cleave+1"],"picked":"Singing Bowl","floor":48}],"player_experience":211032,"relics_obtained":[{"floor":9,"key":"Whetstone"},{"floor":10,"key":"Meat on the Bone"},{"floor":11,"key":"Bag of Marbles"},{"floor":14,"key":"Singing Bowl"},{"floor":22,"key":"Toxic Egg 2"},{"floor":23,"key":"Unceasing Top"},{"floor":26,"key":"Oddly Smooth Stone"},{"floor":37,"key":"Charon\u0027s Ashes"},{"floor":41,"key":"Question Card"},{"floor":43,"key":"Darkstone Periapt"}],"event_choices":[{"damage_healed":0,"gold_gain":0,"player_choice":"Ignored","damage_taken":0,"max_hp_gain":0,"max_hp_loss":0,"event_name":"Golden Wing","floor":2,"gold_loss":0},{"damage_healed":0,"gold_gain":0,"player_choice":"Bought 0 Potions","damage_taken":0,"max_hp_gain":0,"max_hp_loss":0,"event_name":"The Woman in Blue","floor":3,"gold_loss":0},{"damage_healed":0,"gold_gain":0,"player_choice":"Simplicity","damage_taken":0,"max_hp_gain":0,"max_hp_loss":0,"event_name":"Back to Basics","floor":19,"gold_loss":0,"cards_upgraded":["Strike_R","Strike_R","Strike_R","Strike_R","Defend_R","Defend_R","Defend_R","Defend_R"]},{"damage_healed":0,"gold_gain":0,"player_choice":"Stole Relic","damage_taken":0,"relics_obtained":["Mercury Hourglass"],"max_hp_gain":0,"max_hp_loss":0,"event_name":"Addict","floor":21,"gold_loss":0,"cards_obtained":["Shame"]},{"damage_healed":0,"gold_gain":0,"player_choice":"Ignored","damage_taken":0,"max_hp_gain":0,"max_hp_loss":0,"event_name":"Vampires","floor":31,"gold_loss":0},{"damage_healed":0,"gold_gain":0,"player_choice":"Fight","damage_taken":0,"max_hp_gain":0,"max_hp_loss":0,"event_name":"MindBloom","floor":37,"gold_loss":0},{"damage_healed":0,"gold_gain":0,"player_choice":"Ignored","damage_taken":0,"max_hp_gain":0,"max_hp_loss":0,"event_name":"Tomb of Lord Red Mask","floor":38,"gold_loss":0},{"damage_healed":0,"gold_gain":0,"player_choice":"Ignored","damage_taken":0,"max_hp_gain":0,"max_hp_loss":0,"event_name":"Mysterious Sphere","floor":39,"gold_loss":0}],"is_beta":false,"boss_relics":[{"not_picked":["Mark of Pain","Sozu"],"picked":"Velvet Choker"},{"not_picked":["Pandora\u0027s Box","Cursed Key"],"picked":"Eternal Feather"}],"items_purged_floors":[24],"is_endless":false,"potions_floor_spawned":[4,7,13,23,27,35,36,47],"killed_by":"Donu and Deca","ascension_level":0}