{"gold_per_floor":[11,11,186,60,60,60,104,104,104,124,144,169,190,214,214,308,308,321,346,20,20,20,20],"floor_reached":23,"playtime":626,"items_purged":["Doubt","Strike_B"],"score":350,"play_id":"886f2b2f-961d-44f1-ae25-22c5fb220dfc","local_time":"20190925072014","is_ascension_mode":true,"campfire_choices":[{"data":"Zap","floor":6,"key":"SMITH"},{"floor":8,"key":"REST"},{"floor":15,"key":"REST"}],"neow_cost":"NO_GOLD","seed_source_timestamp":61930505460900,"circlet_count":0,"master_deck":["AscendersBane","Defend_B","Defend_B","Defend_B","Zap+1","Dualcast","Echo Form","Gash","Gash","Sunder","Scrape","Ball Lightning","Steam","Machine Learning","Steam+1","FTL+1","Self Repair","Bite","Bite","Bite","Bite","Bite"],"relics":["Cracked Core","Golden Idol","Ice Cream","Cables","Sozu","DataDisk"],"potions_floor_usage":[16,23],"damage_taken":[{"damage":0,"enemies":"2 Louse","floor":1,"turns":2},{"damage":25,"enemies":"Lagavulin","floor":7,"turns":5},{"damage":4,"enemies":"Small Slimes","floor":10,"turns":3},{"damage":7,"enemies":"Jaw Worm","floor":11,"turns":2},{"damage":0,"enemies":"Large Slime","floor":12,"turns":4},{"damage":13,"enemies":"Blue Slaver","floor":13,"turns":2},{"damage":17,"enemies":"Lots of Slimes","floor":14,"turns":3},{"damage":16,"enemies":"Hexaghost","floor":16,"turns":7},{"damage":21,"enemies":"Shell Parasite","floor":18,"turns":4},{"damage":26,"enemies":"3 Byrds","floor":19,"turns":4},{"damage":14,"enemies":"Book of Stabbing","floor":23,"turns":1}],"seed_played":"5781155212074763749","potions_obtained":[{"floor":11,"key":"Dexterity Potion"},{"floor":13,"key":"GamblersBrew"}],"is_trial":false,"path_per_floor":["M","?","?","$","?","R","E","R","T","M","M","M","M","M","R","B",null,"M","M","$","?","?","E"],"character_chosen":"DEFECT","items_purchased":["Gash","DataDisk","Self Repair"],"campfire_rested":2,"item_purchase_floors":[4,20,20],"current_hp_per_floor":[64,64,64,64,64,64,39,60,60,56,49,49,36,19,40,24,59,38,12,12,12,12,0],"gold":20,"neow_bonus":"THREE_RARE_CARDS","is_prod":false,"is_daily":false,"chose_seed":false,"campfire_upgraded":1,"win_rate":0,"timestamp":1569421214,"path_taken":["M","?","?","$","?","R","E","R","T","M","M","M","M","?","R","BOSS","M","M","$","?","?","E"],"build_version":"2019-07-17","purchased_purges":2,"victory":false,"max_hp_per_floor":[71,71,71,71,71,71,71,71,71,71,71,71,71,71,71,71,71,71,71,71,49,49,49],"card_choices":[{"not_picked":["Creative AI","Multi-Cast"],"picked":"Echo Form","floor":0},{"not_picked":["Sweeping Beam","Beam Cell"],"picked":"Gash","floor":1},{"not_picked":["Tempest","Hello World"],"picked":"Sunder","floor":7},{"not_picked":["Glacier","Static Discharge"],"picked":"Scrape","floor":10},{"not_picked":["Sweeping Beam","Rip and Tear"],"picked":"Ball Lightning","floor":11},{"not_picked":["Coolheaded","Melter","Hologram"],"picked":"SKIP","floor":12},{"not_picked":["Glacier","Recycle","Sweeping Beam"],"picked":"SKIP","floor":13},{"not_picked":["Rip and Tear","Barrage"],"picked":"Steam","floor":14},{"not_picked":["Buffer","Thunder Strike"],"picked":"Machine Learning","floor":16},{"not_picked":["Barrage+1","Turbo"],"picked":"Steam+1","floor":18},{"not_picked":["Darkness","Static Discharge"],"picked":"FTL+1","floor":19}],"player_experience":635926,"relics_obtained":[{"floor":7,"key":"Ice Cream"},{"floor":9,"key":"Cables"}],"event_choices":[{"damage_healed":0,"gold_gain":0,"player_choice":"Take Wound","damage_taken":0,"relics_obtained":["Golden Idol"],"max_hp_gain":0,"max_hp_loss":0,"event_name":"Golden Idol","floor":2,"gold_loss":0,"cards_obtained":["Injury"]},{"damage_healed":0,"gold_gain":175,"player_choice":"AGREE","damage_taken":0,"max_hp_gain":0,"max_hp_loss":0,"event_name":"Liars Game","floor":3,"gold_loss":0,"cards_obtained":["Doubt"]},{"cards_removed":["Injury"],"damage_healed":0,"gold_gain":0,"player_choice":"Forget","damage_taken":0,"max_hp_gain":0,"max_hp_loss":0,"event_name":"Living Wall","floor":5,"gold_loss":0},{"damage_healed":0,"gold_gain":0,"player_choice":"Became a vampire","damage_taken":0,"max_hp_gain":0,"max_hp_loss":22,"event_name":"Vampires","floor":21,"gold_loss":0,"cards_obtained":["Bite","Bite","Bite","Bite","Bite"]},{"cards_removed":["Defend_B"],"damage_healed":0,"gold_gain":0,"player_choice":"Offered Basic","damage_taken":0,"max_hp_gain":0,"max_hp_loss":0,"event_name":"Bonfire Elementals","floor":22,"gold_loss":0}],"is_beta":false,"boss_relics":[{"not_picked":["Eternal Feather","Inserter"],"picked":"Sozu"}],"items_purged_floors":[4,20],"is_endless":false,"potions_floor_spawned":[11,13,14],"killed_by":"Book of Stabbing","ascension_level":14}