{"gold_per_floor":[119,119,183,193,193,193,193,218,218,26,41,41,41,59,59,155,155,166,184,41,51,51,51],"floor_reached":23,"playtime":582,"items_purged":[],"score":239,"play_id":"4908a804-6e74-4ceb-a78c-d0311a62e6e4","local_time":"20190106231628","is_ascension_mode":false,"campfire_choices":[{"data":"Inflame","floor":6,"key":"SMITH"},{"data":"Whirlwind","floor":13,"key":"SMITH"},{"floor":15,"key":"REST"}],"neow_cost":"NONE","seed_source_timestamp":713806424790684,"circlet_count":0,"master_deck":["Strike_R","Strike_R","Strike_R","Strike_R+1","Strike_R+1","Defend_R","Defend_R","Defend_R","Defend_R","Bash+1","Inflame+1","Parasite","Whirlwind+1","Offering"],"relics":["Burning Blood","Regal Pillow","Pantograph","Brimstone","Philosopher\u0027s Stone","Bronze Scales"],"potions_floor_usage":[],"damage_taken":[{"damage":10,"enemies":"Small Slimes","floor":1,"turns":5},{"damage":4,"enemies":"Jaw Worm","floor":4,"turns":4},{"damage":20,"enemies":"Gremlin Nob","floor":8,"turns":4},{"damage":3,"enemies":"2 Louse","floor":11,"turns":2},{"damage":28,"enemies":"Lots of Slimes","floor":14,"turns":3},{"damage":0,"enemies":"Slime Boss","floor":16,"turns":5},{"damage":71,"enemies":"3 Byrds","floor":18,"turns":3},{"damage":6,"enemies":"2 Thieves","floor":19,"turns":1},{"damage":14,"enemies":"3 Cultists","floor":21,"turns":3},{"damage":6,"enemies":"Slavers","floor":23,"turns":1}],"seed_played":"-5784679617614655226","potions_obtained":[{"floor":1,"key":"BloodPotion"},{"floor":8,"key":"Explosive Potion"},{"floor":11,"key":"Block Potion"},{"floor":12,"key":"Regen Potion"}],"is_trial":false,"path_per_floor":["M","$","?","M","?","R","?","E","T","$","M","?","R","M","R","B",null,"M","M","$","M","?","E"],"character_chosen":"IRONCLAD","items_purchased":["Brimstone","Bronze Scales"],"campfire_rested":1,"item_purchase_floors":[10,20],"current_hp_per_floor":[76,76,76,78,62,62,80,66,66,66,69,69,69,47,80,80,80,15,15,15,7,7,1],"gold":51,"neow_bonus":"UPGRADE_CARD","is_prod":false,"is_daily":false,"chose_seed":false,"campfire_upgraded":2,"win_rate":0,"timestamp":1546776988,"path_taken":["M","$","?","M","?","R","?","E","T","$","?","?","R","M","R","BOSS","M","M","?","M","?","E"],"build_version":"2019-01-03v4","purchased_purges":0,"victory":false,"max_hp_per_floor":[80,80,80,80,80,80,80,80,80,80,80,80,80,80,80,80,80,80,80,80,80,80,80],"card_choices":[{"not_picked":["Dual Wield","Twin Strike","Flex"],"picked":"SKIP","floor":1},{"not_picked":["Pommel Strike","Ghostly Armor"],"picked":"Inflame","floor":4},{"not_picked":["Pummel","Infernal Blade"],"picked":"Whirlwind","floor":8},{"not_picked":["Headbutt","Twin Strike","Burning Pact"],"picked":"SKIP","floor":11},{"not_picked":["Body Slam","Anger","Perfected Strike"],"picked":"SKIP","floor":14},{"not_picked":["Double Tap","Dark Embrace"],"picked":"Offering","floor":16},{"not_picked":["Warcry","Iron Wave+1","Pommel Strike"],"picked":"SKIP","floor":18},{"not_picked":["Warcry","Body Slam","Anger"],"picked":"SKIP","floor":19},{"not_picked":["Intimidate","Rupture","Armaments"],"picked":"SKIP","floor":21}],"player_experience":201303,"relics_obtained":[{"floor":8,"key":"Regal Pillow"},{"floor":9,"key":"Pantograph"}],"event_choices":[{"damage_healed":0,"gold_gain":64,"player_choice":"Gained Gold","damage_taken":0,"max_hp_gain":0,"max_hp_loss":0,"event_name":"Golden Wing","floor":3,"gold_loss":0},{"damage_healed":0,"gold_gain":0,"player_choice":"Entered Light","damage_taken":16,"max_hp_gain":0,"max_hp_loss":0,"event_name":"Shining Light","floor":5,"gold_loss":0,"cards_upgraded":["Strike_R","Strike_R"]},{"damage_healed":20,"gold_gain":0,"player_choice":"Healed and dodged fight","damage_taken":0,"max_hp_gain":0,"max_hp_loss":0,"event_name":"Mushrooms","floor":7,"gold_loss":0,"cards_obtained":["Parasite"]},{"damage_healed":0,"gold_gain":0,"player_choice":"Got Potions","damage_taken":0,"max_hp_gain":0,"max_hp_loss":0,"event_name":"Lab","floor":12,"gold_loss":0},{"damage_healed":0,"gold_gain":0,"player_choice":"Ignored","damage_taken":0,"max_hp_gain":0,"max_hp_loss":0,"event_name":"Cursed Tome","floor":22,"gold_loss":0}],"is_beta":false,"boss_relics":[{"not_picked":["Coffee Dripper","Busted Crown"],"picked":"Philosopher\u0027s Stone"}],"items_purged_floors":[],"is_endless":false,"potions_floor_spawned":[1,8,11,19],"killed_by":"Slavers","ascension_level":0}