{"gold_per_floor":[112,125,75,0,58,86,100,51,51,51,78,78,113,125,125,224,224,241,241,259,259,276,307,307,333,358,388,401,401,8,28,28,133,133,146,146,197,207,227,255,255,255,255,268,293,293,293,322,322,322],"floor_reached":51,"playtime":2868,"items_purged":["Defend_R","Defend_R"],"score":844,"play_id":"409cf3da-9f86-43d9-a705-58f4cc0d1b77","local_time":"20190916174240","is_ascension_mode":true,"campfire_choices":[{"floor":10,"key":"REST"},{"data":"Whirlwind","floor":15,"key":"SMITH"},{"floor":24,"key":"REST"},{"data":"Searing Blow+1","floor":29,"key":"SMITH"},{"floor":32,"key":"REST"},{"floor":41,"key":"REST"},{"floor":47,"key":"REST"},{"floor":49,"key":"REST"}],"neow_cost":"NONE","seed_source_timestamp":411653285063700,"circlet_count":0,"master_deck":["Strike_R","Strike_R","Strike_R","Strike_R","Strike_R","Defend_R+1","Bash","Armaments","Clash","Whirlwind+1","Flex","Double Tap+1","Cleave","Reaper","Infernal Blade","Infernal Blade","Armaments+1","Blood for Blood+1","Searing Blow+2","Infernal Blade+1","Double Tap+1","Iron Wave+1","Madness+1","Madness+1","Carnage+1","Armaments+1","Dropkick+1","Demon Form","Spot Weakness+1","Body Slam+1"],"relics":["Burning Blood","Omamori","FossilizedHelix","Ginger","Boot","Vajra","Bag of Marbles","Black Star","Pear","Molten Egg 2","Oddly Smooth Stone","Toxic Egg 2","Dream Catcher","Lantern","Calipers","Nunchaku","Cursed Key","Unceasing Top","Pantograph","Question Card","Self Forming Clay","Strawberry","Red Skull","War Paint"],"potions_floor_usage":[25,31,33,33,40,48,50],"damage_taken":[{"damage":6,"enemies":"Cultist","floor":1,"turns":3},{"damage":5,"enemies":"Jaw Worm","floor":2,"turns":4},{"damage":40,"enemies":"Lagavulin","floor":6,"turns":6},{"damage":0,"enemies":"Small Slimes","floor":7,"turns":3},{"damage":12,"enemies":"3 Sentries","floor":11,"turns":5},{"damage":0,"enemies":"Gremlin Nob","floor":13,"turns":3},{"damage":0,"enemies":"3 Louse","floor":14,"turns":1},{"damage":21,"enemies":"Slime Boss","floor":16,"turns":9},{"damage":6,"enemies":"3 Byrds","floor":18,"turns":3},{"damage":6,"enemies":"Shell Parasite","floor":20,"turns":2},{"damage":14,"enemies":"Snake Plant","floor":22,"turns":3},{"damage":25,"enemies":"Slavers","floor":23,"turns":3},{"damage":38,"enemies":"Gremlin Leader","floor":25,"turns":4},{"damage":20,"enemies":"Slavers","floor":27,"turns":2},{"damage":0,"enemies":"Snecko","floor":28,"turns":2},{"damage":12,"enemies":"Centurion and Healer","floor":31,"turns":5},{"damage":75,"enemies":"Collector","floor":33,"turns":7},{"damage":0,"enemies":"Orb Walker","floor":35,"turns":2},{"damage":28,"enemies":"2 Orb Walkers","floor":37,"turns":3},{"damage":9,"enemies":"3 Shapes","floor":38,"turns":2},{"damage":10,"enemies":"3 Darklings","floor":39,"turns":4},{"damage":51,"enemies":"Reptomancer","floor":40,"turns":3},{"damage":44,"enemies":"Writhing Mass","floor":44,"turns":4},{"damage":5,"enemies":"Giant Head","floor":48,"turns":5},{"damage":104,"enemies":"Time Eater","floor":50,"turns":8}],"seed_played":"6115155581444309143","potions_obtained":[{"floor":2,"key":"SteroidPotion"},{"floor":13,"key":"Fire Potion"},{"floor":14,"key":"Fire Potion"},{"floor":25,"key":"Block Potion"},{"floor":35,"key":"Fire Potion"},{"floor":39,"key":"FearPotion"},{"floor":48,"key":"BloodPotion"}],"is_trial":false,"path_per_floor":["M","M","?","$","?","E","M","$","T","R","E","T","E","M","R","B",null,"M","?","M","?","M","E","R","E","T","E","M","R","$","M","R","B",null,"M","?","?","M","M","E","R","?","T","M","T","?","R","E","R","B",null],"character_chosen":"IRONCLAD","items_purchased":["Flex","Nunchaku"],"campfire_rested":6,"item_purchase_floors":[8,30],"current_hp_per_floor":[80,80,80,80,80,46,52,52,52,76,70,70,76,80,80,65,80,80,80,80,80,72,63,90,58,58,65,71,71,71,66,90,31,90,90,79,67,64,60,35,62,62,62,24,31,31,60,71,97,23],"gold":322,"neow_bonus":"RANDOM_COMMON_RELIC","is_prod":false,"is_daily":false,"chose_seed":false,"campfire_upgraded":2,"win_rate":0,"timestamp":1568680960,"path_taken":["M","M","?","$","?","E","M","?","T","R","E","?","E","M","R","BOSS","M","?","M","?","M","E","R","E","T","E","?","R","?","M","R","BOSS","M","?","?","M","M","E","R","?","T","?","?","?","R","E","R","BOSS"],"build_version":"2019-07-17","purchased_purges":2,"victory":true,"max_hp_per_floor":[80,80,80,80,80,80,80,80,80,80,80,80,80,80,80,80,80,80,80,80,80,80,90,90,90,90,90,90,90,90,90,90,90,90,90,90,90,90,90,90,90,90,90,90,97,97,97,97,97,97],"card_choices":[{"not_picked":["Thunderclap","Dropkick"],"picked":"Armaments","floor":1},{"not_picked":["Sword Boomerang","Headbutt"],"picked":"Clash","floor":2},{"not_picked":["Berserk","Shrug It Off","Clothesline"],"picked":"SKIP","floor":6},{"not_picked":["Pommel Strike","Anger"],"picked":"Whirlwind","floor":7},{"not_picked":["Brutality","Sword Boomerang","Entrench"],"picked":"SKIP","floor":11},{"not_picked":["Heavy Blade","Dual Wield"],"picked":"Double Tap","floor":13},{"not_picked":["Flame Barrier","True Grit"],"picked":"Cleave","floor":14},{"not_picked":["Double Tap","Brutality"],"picked":"Reaper","floor":16},{"not_picked":["Heavy Blade","Perfected Strike"],"picked":"Infernal Blade","floor":18},{"not_picked":["Clothesline+1","Pommel Strike"],"picked":"Armaments+1","floor":20},{"not_picked":["Headbutt","Feel No Pain"],"picked":"Blood for Blood+1","floor":22},{"not_picked":["Clothesline","Sword Boomerang+1","Dark Embrace"],"picked":"SKIP","floor":23},{"not_picked":["Heavy Blade+1","Feel No Pain","Second Wind"],"picked":"SKIP","floor":25},{"not_picked":["Rupture","Sword Boomerang+1","Uppercut+1"],"picked":"SKIP","floor":27},{"not_picked":["Entrench+1","Pommel Strike+1"],"picked":"Searing Blow+1","floor":28},{"not_picked":["Hemokinesis+1","Pummel+1","Entrench+1"],"picked":"SKIP","floor":31},{"not_picked":["Pummel+1","Intimidate+1"],"picked":"Infernal Blade+1","floor":32},{"not_picked":["Barricade","Fiend Fire+1"],"picked":"Double Tap+1","floor":33},{"not_picked":["Hemokinesis+1","Anger+1"],"picked":"Iron Wave+1","floor":35},{"not_picked":["Heavy Blade+1","Body Slam+1"],"picked":"Carnage+1","floor":37},{"not_picked":["Whirlwind+1","Shrug It Off+1","Intimidate+1"],"picked":"SKIP","floor":38},{"not_picked":["Burning Pact+1","Disarm+1","Power Through+1"],"picked":"SKIP","floor":39},{"not_picked":["Whirlwind+1","Headbutt+1"],"picked":"Armaments+1","floor":40},{"not_picked":["Cleave+1","Battle Trance+1","Anger+1"],"picked":"Dropkick+1","floor":44},{"not_picked":["Iron Wave+1","Perfected Strike+1","Sword Boomerang+1"],"picked":"Demon Form","floor":47},{"not_picked":["Reckless Charge+1","Twin Strike+1","Feel No Pain+1"],"picked":"Spot Weakness+1","floor":48},{"not_picked":["Clash+1","Iron Wave+1","Sword Boomerang+1"],"picked":"Body Slam+1","floor":49}],"player_experience":6106,"relics_obtained":[{"floor":6,"key":"FossilizedHelix"},{"floor":9,"key":"Ginger"},{"floor":11,"key":"Boot"},{"floor":12,"key":"Vajra"},{"floor":13,"key":"Bag of Marbles"},{"floor":23,"key":"Pear"},{"floor":23,"key":"Molten Egg 2"},{"floor":25,"key":"Oddly Smooth Stone"},{"floor":25,"key":"Toxic Egg 2"},{"floor":26,"key":"Dream Catcher"},{"floor":27,"key":"Lantern"},{"floor":27,"key":"Calipers"},{"floor":37,"key":"Unceasing Top"},{"floor":40,"key":"Pantograph"},{"floor":40,"key":"Question Card"},{"floor":43,"key":"Self Forming Clay"},{"floor":45,"key":"Strawberry"},{"floor":48,"key":"Red Skull"},{"floor":48,"key":"War Paint"}],"event_choices":[{"cards_removed":["Defend_R"],"damage_healed":0,"gold_gain":0,"player_choice":"Card Removal","damage_taken":0,"max_hp_gain":0,"max_hp_loss":0,"event_name":"The Cleric","floor":3,"gold_loss":50},{"damage_healed":0,"gold_gain":58,"player_choice":"Gained Gold","damage_taken":0,"max_hp_gain":0,"max_hp_loss":0,"event_name":"Golden Wing","floor":5,"gold_loss":0},{"damage_healed":0,"gold_gain":0,"player_choice":"Read","damage_taken":0,"max_hp_gain":0,"max_hp_loss":0,"event_name":"The Library","floor":19,"gold_loss":0,"cards_obtained":["Infernal Blade"]},{"damage_healed":0,"gold_gain":0,"player_choice":"Bought 0 Potions","damage_taken":0,"max_hp_gain":0,"max_hp_loss":0,"event_name":"The Woman in Blue","floor":21,"gold_loss":0},{"damage_healed":0,"gold_gain":0,"player_choice":"Embrace Madness","damage_taken":11,"max_hp_gain":0,"max_hp_loss":0,"event_name":"Winding Halls","floor":36,"gold_loss":0,"cards_obtained":["Madness","Madness"]},{"damage_healed":0,"gold_gain":0,"player_choice":"Fight","damage_taken":0,"max_hp_gain":0,"max_hp_loss":0,"event_name":"Mysterious Sphere","floor":37,"gold_loss":0},{"damage_healed":0,"gold_gain":0,"player_choice":"Ignored","damage_taken":0,"max_hp_gain":0,"max_hp_loss":0,"event_name":"SecretPortal","floor":42,"gold_loss":0},{"damage_healed":0,"gold_gain":0,"player_choice":"Ignored","damage_taken":0,"max_hp_gain":0,"max_hp_loss":0,"event_name":"Tomb of Lord Red Mask","floor":46,"gold_loss":0}],"is_beta":false,"boss_relics":[{"not_picked":["Astrolabe","Coffee Dripper"],"picked":"Black Star"},{"not_picked":["Runic Cube","Velvet Choker"],"picked":"Cursed Key"}],"items_purged_floors":[4,30],"is_endless":false,"potions_floor_spawned":[2,13,14,23,25,35,39,48],"ascension_level":1}