{"gold_per_floor":[114,133,133,150,150,182,182,31,31,31,46,71,84,109,109,228,228],"floor_reached":17,"playtime":747,"items_purged":[],"score":159,"play_id":"71ea0b9f-2e68-4d76-88c8-95818fab5a35","local_time":"20190106225649","is_ascension_mode":false,"campfire_choices":[{"floor":7,"key":"REST"},{"floor":15,"key":"REST"}],"neow_cost":"TEN_PERCENT_HP_LOSS","seed_source_timestamp":712463213940898,"circlet_count":0,"master_deck":["Strike_R","Strike_R","Strike_R","Strike_R","Strike_R","Defend_R","Defend_R","Defend_R","Defend_R","Bash+1","Flex","Flex","Clash","Flex","Feed","Regret","Pain","Normality"],"relics":["Burning Blood","Calipers","Dodecahedron","Anchor","Oddly Smooth Stone","Golden Idol","Calling Bell","Happy Flower","Singing Bowl","Nunchaku"],"potions_floor_usage":[],"damage_taken":[{"damage":4,"enemies":"2 Louse","floor":1,"turns":4},{"damage":6,"enemies":"Jaw Worm","floor":2,"turns":4},{"damage":5,"enemies":"Small Slimes","floor":4,"turns":5},{"damage":57,"enemies":"3 Sentries","floor":6,"turns":14},{"damage":0,"enemies":"Blue Slaver","floor":11,"turns":4},{"damage":11,"enemies":"Exordium Thugs","floor":12,"turns":6},{"damage":0,"enemies":"Lots of Slimes","floor":13,"turns":4},{"damage":0,"enemies":"3 Louse","floor":14,"turns":3},{"damage":52,"enemies":"Slime Boss","floor":16,"turns":11}],"seed_played":"4123003216149259947","potions_obtained":[{"floor":4,"key":"FearPotion"},{"floor":12,"key":"LiquidBronze"},{"floor":13,"key":"AttackPotion"}],"is_trial":false,"path_per_floor":["M","M","?","M","?","E","R","$","T","?","M","M","M","M","R","B",null],"character_chosen":"IRONCLAD","items_purchased":["Anchor"],"campfire_rested":2,"item_purchase_floors":[8],"current_hp_per_floor":[72,72,72,72,72,21,42,42,42,24,30,25,31,37,58,15,75],"gold":228,"neow_bonus":"ONE_RARE_RELIC","is_prod":false,"is_daily":false,"chose_seed":false,"campfire_upgraded":0,"win_rate":0,"timestamp":1546775809,"path_taken":["M","M","?","M","?","E","R","$","T","?","M","M","?","M","R","BOSS"],"build_version":"2019-01-03v4","purchased_purges":0,"victory":false,"max_hp_per_floor":[72,72,72,72,72,72,72,72,72,72,72,72,72,72,72,75,75],"card_choices":[{"not_picked":["Battle Trance","Carnage"],"picked":"Flex","floor":1},{"not_picked":["Fire Breathing","Sever Soul","Warcry"],"picked":"SKIP","floor":2},{"not_picked":["Sword Boomerang","Rampage"],"picked":"Flex","floor":4},{"not_picked":["Armaments","Warcry"],"picked":"Clash","floor":6},{"not_picked":["Dropkick","Iron Wave"],"picked":"Flex","floor":11},{"not_picked":["Entrench","Reckless Charge","Clothesline"],"picked":"SKIP","floor":12},{"not_picked":["Corruption","Armaments","Iron Wave"],"picked":"SKIP","floor":13},{"not_picked":["True Grit","Sword Boomerang"],"picked":"Feed","floor":14}],"player_experience":199983,"relics_obtained":[{"floor":6,"key":"Dodecahedron"},{"floor":9,"key":"Oddly Smooth Stone"},{"floor":17,"key":"Happy Flower"},{"floor":17,"key":"Singing Bowl"},{"floor":17,"key":"Nunchaku"}],"event_choices":[{"damage_healed":0,"gold_gain":0,"player_choice":"Ignored","damage_taken":0,"max_hp_gain":0,"max_hp_loss":0,"event_name":"Golden Wing","floor":3,"gold_loss":0},{"damage_healed":0,"gold_gain":0,"player_choice":"Grow","damage_taken":0,"max_hp_gain":0,"max_hp_loss":0,"event_name":"Living Wall","floor":5,"gold_loss":0,"cards_upgraded":["Bash"]},{"damage_healed":0,"gold_gain":0,"player_choice":"Take Damage","damage_taken":18,"relics_obtained":["Golden Idol"],"max_hp_gain":0,"max_hp_loss":0,"event_name":"Golden Idol","floor":10,"gold_loss":0}],"is_beta":false,"boss_relics":[{"not_picked":["Ectoplasm","White Beast Statue"],"picked":"Calling Bell"}],"items_purged_floors":[],"is_endless":false,"potions_floor_spawned":[4,12,13,14],"ascension_level":0}