{"gold_per_floor":[111,124,151,165,11,11,24,54,77,91,91,109,119,294,294,389,389,406,416,46,66,66,66,82,82,82,82,111,111,129,129,129,129],"floor_reached":33,"playtime":4981,"items_purged":["Strike_B","Defend_B"],"score":323,"play_id":"3d950b27-c33c-4173-b0f6-b929a4ec8217","local_time":"20190829194913","is_ascension_mode":true,"campfire_choices":[{"data":"Glacier","floor":6,"key":"SMITH"},{"floor":11,"key":"REST"},{"data":"Undo","floor":15,"key":"SMITH"},{"floor":23,"key":"REST"},{"floor":25,"key":"REST"},{"data":"Defragment","floor":27,"key":"SMITH"},{"floor":32,"key":"REST"}],"neow_cost":"NONE","seed_source_timestamp":1272036647218500,"circlet_count":0,"master_deck":["Defend_B","Zap","Dualcast","Gash","Gash","Sunder","Glacier+1","Hologram","Force Field","Undo+1","Hello World","Doubt","Machine Learning","Melter+1","FTL+1","Steam Power+1","Defragment+1","Cold Snap","Defragment","Defragment","Heatsinks","Stack"],"relics":["Cracked Core","Centennial Puzzle","Bottled Flame","Lantern","Astrolabe","Toy Ornithopter","Letter Opener","Pen Nib"],"potions_floor_usage":[16,16,24,28,33],"damage_taken":[{"damage":0,"enemies":"Cultist","floor":1,"turns":3},{"damage":10,"enemies":"Small Slimes","floor":2,"turns":3},{"damage":10,"enemies":"2 Louse","floor":4,"turns":3},{"damage":0,"enemies":"Blue Slaver","floor":7,"turns":3},{"damage":12,"enemies":"Gremlin Nob","floor":8,"turns":4},{"damage":7,"enemies":"Exordium Wildlife","floor":10,"turns":4},{"damage":11,"enemies":"Lots of Slimes","floor":12,"turns":4},{"damage":2,"enemies":"Red Slaver","floor":13,"turns":5},{"damage":44,"enemies":"Hexaghost","floor":16,"turns":15},{"damage":0,"enemies":"Spheric Guardian","floor":18,"turns":2},{"damage":14,"enemies":"Chosen","floor":19,"turns":6},{"damage":23,"enemies":"Centurion and Healer","floor":21,"turns":7},{"damage":24,"enemies":"Snake Plant","floor":24,"turns":5},{"damage":35,"enemies":"Gremlin Leader","floor":28,"turns":7},{"damage":0,"enemies":"Sentry and Sphere","floor":30,"turns":4},{"damage":74,"enemies":"Collector","floor":33,"turns":13}],"seed_played":"-473949883466583292","potions_obtained":[{"floor":1,"key":"FocusPotion"},{"floor":7,"key":"SkillPotion"},{"floor":12,"key":"AttackPotion"},{"floor":19,"key":"FearPotion"},{"floor":21,"key":"Swift Potion"},{"floor":24,"key":"Swift Potion"},{"floor":30,"key":"SpeedPotion"}],"is_trial":false,"path_per_floor":["M","M","T","M","$","R","M","E","T","M","R","M","M","?","R","B",null,"M","M","$","M","?","R","M","R","T","R","E","?","M","?","R","B"],"character_chosen":"DEFECT","items_purchased":["Glacier","Defragment","Toy Ornithopter"],"campfire_rested":4,"item_purchase_floors":[5,20,20],"current_hp_per_floor":[82,72,72,62,62,62,62,50,50,43,67,56,54,54,54,10,82,82,68,68,45,29,55,36,62,62,62,32,32,32,32,58,0],"gold":129,"neow_bonus":"TEN_PERCENT_HP_BONUS","is_prod":false,"is_daily":false,"chose_seed":false,"campfire_upgraded":3,"win_rate":0,"timestamp":1567072153,"path_taken":["M","M","?","?","$","R","M","E","T","M","R","M","M","?","R","BOSS","M","M","$","M","?","R","M","R","T","R","E","?","M","?","R","BOSS"],"build_version":"2019-07-17","purchased_purges":2,"victory":false,"max_hp_per_floor":[82,82,82,82,82,82,82,82,82,82,82,82,82,82,82,82,82,82,82,82,82,87,87,87,87,87,87,87,87,87,87,87,87],"card_choices":[{"not_picked":["Fusion","FTL"],"picked":"Gash","floor":1},{"not_picked":["Coolheaded","Hologram"],"picked":"Gash","floor":2},{"not_picked":["Conserve Battery","Storm"],"picked":"Sunder","floor":4},{"not_picked":["Rip and Tear","Redo","Barrage"],"picked":"SKIP","floor":7},{"not_picked":["Steam","Coolheaded"],"picked":"Hologram","floor":8},{"not_picked":["BootSequence","Stack"],"picked":"Force Field","floor":10},{"not_picked":["Barrage","Leap"],"picked":"Undo","floor":12},{"not_picked":["Leap","Stack"],"picked":"Hello World","floor":13},{"not_picked":["Fission","Meteor Strike"],"picked":"Machine Learning","floor":16},{"not_picked":["Skim","Doom and Gloom+1","Redo"],"picked":"SKIP","floor":18},{"not_picked":["Genetic Algorithm","Skim","Static Discharge"],"picked":"SKIP","floor":19},{"not_picked":["Reinforced Body+1","Steam Power"],"picked":"Cold Snap","floor":21},{"not_picked":["Conserve Battery","Sweeping Beam+1","Rebound"],"picked":"SKIP","floor":24},{"not_picked":["Rebound","White Noise"],"picked":"Defragment","floor":28},{"not_picked":["Cold Snap","Redo+1"],"picked":"Defragment","floor":30}],"player_experience":446829,"relics_obtained":[{"floor":3,"key":"Centennial Puzzle"},{"floor":8,"key":"Bottled Flame"},{"floor":9,"key":"Lantern"},{"floor":26,"key":"Letter Opener"},{"floor":28,"key":"Pen Nib"}],"event_choices":[{"damage_healed":0,"gold_gain":175,"player_choice":"AGREE","damage_taken":0,"max_hp_gain":0,"max_hp_loss":0,"event_name":"Liars Game","floor":14,"gold_loss":0,"cards_obtained":["Doubt"]},{"damage_healed":0,"gold_gain":0,"player_choice":"Shed Blood","damage_taken":21,"max_hp_gain":5,"max_hp_loss":0,"event_name":"Forgotten Altar","floor":22,"gold_loss":0},{"damage_healed":0,"gold_gain":0,"player_choice":"Ignored","damage_taken":0,"max_hp_gain":0,"max_hp_loss":0,"event_name":"Ghosts","floor":29,"gold_loss":0},{"damage_healed":0,"gold_gain":0,"cards_transformed":["Defend_B","Strike_B"],"player_choice":"Became Test Subject","damage_taken":0,"max_hp_gain":0,"max_hp_loss":0,"event_name":"Drug Dealer","floor":31,"gold_loss":0,"cards_obtained":["Heatsinks","Stack"]}],"is_beta":false,"boss_relics":[{"not_picked":["Runic Dome","Orrery"],"picked":"Astrolabe"}],"items_purged_floors":[5,20],"is_endless":false,"potions_floor_spawned":[1,7,12,13,19,21,24,30],"killed_by":"Collector","ascension_level":4}