{"gold_per_floor":[113,113,36,49,68,97,97,108,134,3,3,30,30,30,30,106,106,118,18,31,0,0,0,27,27,27,27,27,61,61,81,81,81],"floor_reached":33,"playtime":1153,"items_purged":["Strike_G","Strike_G"],"score":578,"play_id":"c50a25f6-3a5d-454d-8d35-359e880374fc","local_time":"20190924222624","is_ascension_mode":true,"campfire_choices":[{"data":"Neutralize","floor":7,"key":"SMITH"},{"data":"Dagger Spray","floor":11,"key":"SMITH"},{"data":"All Out Attack","floor":13,"key":"SMITH"},{"floor":15,"key":"REST"},{"floor":23,"key":"REST"},{"floor":25,"key":"REST"},{"data":"Ghostly","floor":30,"key":"SMITH"},{"data":"Ghostly","floor":32,"key":"SMITH"}],"neow_cost":"NONE","seed_source_timestamp":1167563969930700,"circlet_count":0,"master_deck":["AscendersBane","Strike_G","Strike_G","Strike_G","Defend_G","Defend_G","Defend_G","Defend_G","Defend_G","Survivor","Neutralize+1","Skewer+1","All Out Attack+1","Backstab","Flying Knee","Dash","Dodge and Roll","Dagger Spray+1","Escape Plan","After Image","Leg Sweep","Acrobatics","Backflip","Ghostly+1","Ghostly","Ghostly+1","Leg Sweep+1"],"relics":["Ring of the Snake","NeowsBlessing","Pen Nib","Potion Belt","Bag of Preparation","Eternal Feather","Dream Catcher","Dead Branch","Dodecahedron","Meat on the Bone"],"potions_floor_usage":[6,12,16,29,33],"damage_taken":[{"damage":0,"enemies":"Cultist","floor":1,"turns":1},{"damage":0,"enemies":"Jaw Worm","floor":4,"turns":1},{"damage":0,"enemies":"Small Slimes","floor":5,"turns":1},{"damage":35,"enemies":"3 Sentries","floor":6,"turns":10},{"damage":0,"enemies":"Looter","floor":8,"turns":3},{"damage":16,"enemies":"Lagavulin","floor":12,"turns":5},{"damage":22,"enemies":"Slime Boss","floor":16,"turns":8},{"damage":15,"enemies":"Spheric Guardian","floor":18,"turns":4},{"damage":13,"enemies":"Chosen","floor":20,"turns":4},{"damage":54,"enemies":"Slavers","floor":24,"turns":8},{"damage":10,"enemies":"Gremlin Leader","floor":29,"turns":6},{"damage":10,"enemies":"Snake Plant","floor":31,"turns":5},{"damage":44,"enemies":"Collector","floor":33,"turns":6}],"seed_played":"-409683554025981308","potions_obtained":[{"floor":1,"key":"Regen Potion"},{"floor":6,"key":"Weak Potion"},{"floor":12,"key":"EssenceOfSteel"},{"floor":24,"key":"SkillPotion"},{"floor":29,"key":"Strength Potion"}],"is_trial":false,"path_per_floor":["M","?","$","M","M","E","R","M","T","$","R","E","R","?","R","B",null,"M","$","M","?","$","R","E","R","T","?","T","E","R","M","R","B"],"character_chosen":"THE_SILENT","items_purchased":["All Out Attack","Dagger Spray"],"campfire_rested":3,"item_purchase_floors":[3,10],"current_hp_per_floor":[59,59,59,59,59,39,39,39,39,39,39,23,23,23,42,20,55,40,40,27,27,27,58,4,35,35,33,33,23,33,23,33,0],"gold":81,"neow_bonus":"THREE_ENEMY_KILL","is_prod":false,"is_daily":false,"chose_seed":false,"campfire_upgraded":5,"win_rate":0,"timestamp":1569389184,"path_taken":["M","?","$","M","?","E","R","M","T","$","R","E","R","?","R","BOSS","M","?","M","?","$","R","E","R","T","?","?","E","R","M","R","BOSS"],"build_version":"2019-07-17","purchased_purges":2,"victory":false,"max_hp_per_floor":[66,66,66,66,66,66,66,66,66,66,66,66,66,66,66,66,66,66,66,66,66,66,66,66,66,66,33,33,33,33,33,33,33],"card_choices":[{"not_picked":["Concentrate","PiercingWail"],"picked":"Skewer","floor":1},{"not_picked":["Blade Dance","Backflip"],"picked":"Backstab","floor":4},{"not_picked":["Tools of the Trade","Prepared"],"picked":"Flying Knee","floor":5},{"not_picked":["Reflex","Masterful Stab"],"picked":"Dash","floor":6},{"not_picked":["Distraction","Bane"],"picked":"Dodge and Roll","floor":8},{"not_picked":["Acrobatics","Dagger Spray"],"picked":"Escape Plan","floor":12},{"not_picked":["A Thousand Cuts","Grand Finale"],"picked":"After Image","floor":16},{"not_picked":["Setup","Acrobatics"],"picked":"Leg Sweep","floor":18},{"not_picked":["Flechettes","Distraction"],"picked":"Acrobatics","floor":20},{"not_picked":["Outmaneuver","Acrobatics"],"picked":"Backflip","floor":24},{"not_picked":["Caltrops","Finisher+1","Eviscerate"],"picked":"SKIP","floor":29},{"not_picked":["Blade Dance","Flechettes"],"picked":"Leg Sweep+1","floor":31}],"player_experience":1329968,"relics_obtained":[{"floor":6,"key":"Pen Nib"},{"floor":9,"key":"Potion Belt"},{"floor":12,"key":"Bag of Preparation"},{"floor":24,"key":"Dream Catcher"},{"floor":26,"key":"Dead Branch"},{"floor":28,"key":"Dodecahedron"},{"floor":29,"key":"Meat on the Bone"}],"event_choices":[{"damage_healed":0,"gold_gain":0,"player_choice":"Upgraded","damage_taken":0,"max_hp_gain":0,"max_hp_loss":0,"event_name":"Upgrade Shrine","floor":2,"gold_loss":0,"cards_upgraded":["Skewer"]},{"damage_healed":0,"gold_gain":0,"player_choice":"0 cards matched","damage_taken":0,"max_hp_gain":0,"max_hp_loss":0,"event_name":"Match and Keep!","floor":14,"gold_loss":0,"cards_obtained":[]},{"damage_healed":0,"gold_gain":0,"player_choice":"Paid Fearfully","damage_taken":0,"max_hp_gain":0,"max_hp_loss":0,"event_name":"Masked Bandits","floor":21,"gold_loss":31},{"damage_healed":0,"gold_gain":0,"player_choice":"Became a Ghost","damage_taken":0,"max_hp_gain":0,"max_hp_loss":33,"event_name":"Ghosts","floor":27,"gold_loss":0,"cards_obtained":["Ghostly","Ghostly","Ghostly"]}],"is_beta":false,"boss_relics":[{"not_picked":["Sozu","Philosopher\u0027s Stone"],"picked":"Eternal Feather"}],"items_purged_floors":[10,19],"is_endless":false,"potions_floor_spawned":[1,6,12,24,29],"killed_by":"Collector","ascension_level":20}