{"gold_per_floor":[115,130,130,146,164,193,193,203,203,203,203,203,222,253,253,384,384,405,80,100,25,25,25,25,41,119,47,47],"floor_reached":28,"playtime":1729,"items_purged":["Strike_B"],"score":308,"play_id":"8025127a-52ea-4b6a-8ba6-0a7b33cf5c65","local_time":"20190913010359","is_ascension_mode":true,"campfire_choices":[{"data":"White Noise","floor":7,"key":"SMITH"},{"data":"Sweeping Beam","floor":15,"key":"SMITH"},{"data":"Hologram","floor":23,"key":"SMITH"}],"neow_cost":"NONE","seed_source_timestamp":89832117042400,"circlet_count":0,"master_deck":["Strike_B","Defend_B","Defend_B","Defend_B","Defend_B","Zap","Dualcast","Auto Shields+1","Rip and Tear","Sweeping Beam+1","Barrage","White Noise+1","Self Repair","BootSequence","Hyperbeam","Genetic Algorithm","White Noise+1","Hologram+1","Lockon+1","Loop"],"relics":["FrozenCore","Cables","Bottled Lightning","Matryoshka","Golden Idol","Darkstone Periapt","OrangePellets","PreservedInsect","Sundial"],"potions_floor_usage":[6,6,14,16,18,28],"damage_taken":[{"damage":1,"enemies":"Cultist","floor":1,"turns":4},{"damage":2,"enemies":"Jaw Worm","floor":2,"turns":4},{"damage":3,"enemies":"Small Slimes","floor":4,"turns":3},{"damage":14,"enemies":"3 Louse","floor":5,"turns":3},{"damage":26,"enemies":"Gremlin Nob","floor":6,"turns":4},{"damage":0,"enemies":"2 Fungi Beasts","floor":8,"turns":2},{"damage":6,"enemies":"Looter","floor":13,"turns":3},{"damage":4,"enemies":"Lagavulin","floor":14,"turns":6},{"damage":58,"enemies":"Slime Boss","floor":16,"turns":11},{"damage":16,"enemies":"3 Byrds","floor":18,"turns":3},{"damage":13,"enemies":"Chosen","floor":20,"turns":8},{"damage":25,"enemies":"Centurion and Healer","floor":25,"turns":9},{"damage":34,"enemies":"Shelled Parasite and Fungi","floor":28,"turns":5}],"seed_played":"-8241758449533135844","potions_obtained":[{"floor":1,"key":"Regen Potion"},{"floor":6,"key":"Fruit Juice"},{"floor":13,"key":"PowerPotion"},{"floor":14,"key":"Block Potion"},{"floor":16,"key":"Explosive Potion"},{"floor":20,"key":"Ancient Potion"},{"floor":25,"key":"GamblersBrew"}],"is_trial":false,"path_per_floor":["M","M","?","M","M","E","R","M","T","T","?","?","M","E","R","B",null,"M","$","M","?","?","R","?","M","T","$","M"],"character_chosen":"DEFECT","items_purchased":["OrangePellets","White Noise","Loop"],"campfire_rested":0,"item_purchase_floors":[19,19,27],"current_hp_per_floor":[74,72,72,69,55,46,46,46,46,46,46,73,74,77,77,26,67,51,51,45,45,45,45,45,27,27,27,0],"gold":47,"neow_bonus":"TEN_PERCENT_HP_BONUS","is_prod":false,"is_daily":false,"chose_seed":false,"campfire_upgraded":3,"win_rate":0,"timestamp":1568300639,"path_taken":["M","M","?","M","M","E","R","M","T","?","?","?","M","E","R","BOSS","M","$","M","?","?","R","?","M","T","$","M"],"build_version":"2019-07-17","purchased_purges":1,"victory":false,"max_hp_per_floor":[82,82,82,82,82,87,87,87,87,87,81,81,81,81,81,81,81,81,81,81,81,81,81,81,81,81,81,81],"card_choices":[{"not_picked":["Stack","Coolheaded"],"picked":"Auto Shields","floor":1},{"not_picked":["Beam Cell","Auto Shields"],"picked":"Rip and Tear","floor":2},{"not_picked":["FTL","Scrape"],"picked":"Sweeping Beam","floor":4},{"not_picked":["Steam Power","Gash"],"picked":"Barrage","floor":5},{"not_picked":["Genetic Algorithm","Skim"],"picked":"White Noise","floor":6},{"not_picked":["Leap","Conserve Battery"],"picked":"Self Repair","floor":8},{"not_picked":["Beam Cell","Self Repair","Compile Driver"],"picked":"SKIP","floor":13},{"not_picked":["Chill","Rebound"],"picked":"BootSequence","floor":14},{"not_picked":["Machine Learning","Meteor Strike"],"picked":"Hyperbeam","floor":16},{"not_picked":["Turbo+1","Beam Cell"],"picked":"Genetic Algorithm","floor":18},{"not_picked":["Auto Shields+1","Steam+1"],"picked":"Hologram","floor":20},{"not_picked":["Redo","Rip and Tear"],"picked":"Lockon+1","floor":25}],"player_experience":644229,"relics_obtained":[{"floor":6,"key":"Cables"},{"floor":9,"key":"Bottled Lightning"},{"floor":10,"key":"Matryoshka"},{"floor":14,"key":"Darkstone Periapt"},{"floor":26,"key":"PreservedInsect"},{"floor":26,"key":"Sundial"}],"event_choices":[{"damage_healed":0,"gold_gain":0,"player_choice":"Grow","damage_taken":0,"max_hp_gain":0,"max_hp_loss":0,"event_name":"Living Wall","floor":3,"gold_loss":0,"cards_upgraded":["Auto Shields"]},{"damage_healed":0,"gold_gain":0,"player_choice":"Lose Max HP","damage_taken":0,"relics_obtained":["Golden Idol"],"max_hp_gain":0,"max_hp_loss":6,"event_name":"Golden Idol","floor":11,"gold_loss":0},{"damage_healed":27,"gold_gain":0,"player_choice":"Banana","damage_taken":0,"max_hp_gain":0,"max_hp_loss":0,"event_name":"Big Fish","floor":12,"gold_loss":0},{"cards_removed":["Strike_B"],"damage_healed":0,"gold_gain":0,"player_choice":"Gave Gold","damage_taken":0,"max_hp_gain":0,"max_hp_loss":0,"event_name":"Beggar","floor":21,"gold_loss":75},{"cards_removed":["Strike_B"],"damage_healed":0,"gold_gain":0,"player_choice":"Elegance","damage_taken":0,"max_hp_gain":0,"max_hp_loss":0,"event_name":"Back to Basics","floor":22,"gold_loss":0},{"damage_healed":0,"gold_gain":0,"player_choice":"Upgraded","damage_taken":0,"max_hp_gain":0,"max_hp_loss":0,"event_name":"Upgrade Shrine","floor":24,"gold_loss":0,"cards_upgraded":["White Noise"]}],"is_beta":false,"boss_relics":[{"not_picked":["Runic Dome","Tiny House"],"picked":"FrozenCore"}],"items_purged_floors":[19],"is_endless":false,"potions_floor_spawned":[1,6,13,14,16,20,25],"killed_by":"Shelled Parasite and Fungi","ascension_level":7}