{"gold_per_floor":[110,110,110,110,125,150,163,174,197,197,214,214,243,261,261,261],"floor_reached":16,"playtime":577,"items_purged":[],"score":137,"play_id":"376b4210-782d-47ee-8ba6-a700c2b3e387","local_time":"20190227205613","is_ascension_mode":false,"campfire_choices":[{"floor":10,"key":"REST"},{"floor":12,"key":"REST"},{"floor":15,"key":"REST"}],"neow_cost":"NONE","seed_source_timestamp":0,"circlet_count":0,"master_deck":["Strike_R","Strike_R","Strike_R","Strike_R","Strike_R","Defend_R","Defend_R","Defend_R","Defend_R","Bash","Twin Strike","Twin Strike","Perfected Strike"],"special_seed":0,"relics":["Burning Blood","Ancient Tea Set","NlothsMask","Strawberry","Smiling Mask"],"potions_floor_usage":[],"damage_taken":[{"damage":7.0,"enemies":"2 Louse","floor":1.0,"turns":3.0},{"damage":3.0,"enemies":"Cultist","floor":5.0,"turns":5.0},{"damage":55,"enemies":"3 Sentries","floor":6,"turns":15},{"damage":6,"enemies":"Jaw Worm","floor":7,"turns":3},{"damage":22,"enemies":"Lots of Slimes","floor":8,"turns":7},{"damage":14,"enemies":"Blue Slaver","floor":11,"turns":3},{"damage":36,"enemies":"Lagavulin","floor":13,"turns":4},{"damage":6,"enemies":"Red Slaver","floor":14,"turns":3},{"damage":83,"enemies":"The Guardian","floor":16,"turns":12}],"seed_played":"-8459390654093352957","potions_obtained":[{"floor":5.0,"key":"Ancient Potion"},{"floor":6,"key":"Poison Potion"},{"floor":8,"key":"Weak Potion"}],"is_trial":false,"path_per_floor":["M","?","$","?","M","E","M","M","T","R","M","R","E","M","R","B"],"character_chosen":"IRONCLAD","items_purchased":[],"campfire_rested":3,"item_purchase_floors":[],"current_hp_per_floor":[87,84,84,84,87,45,45,29,29,57,49,77,47,47,75,0],"gold":261,"neow_bonus":"TEN_PERCENT_HP_BONUS","is_prod":false,"is_daily":false,"chose_seed":false,"campfire_upgraded":0,"win_rate":0,"timestamp":1551261373,"path_taken":["M","?","$","?","?","E","M","M","T","R","M","R","E","M","R","BOSS"],"build_version":"2019-01-23","purchased_purges":0,"victory":false,"max_hp_per_floor":[88,88,88,88,88,95,95,95,95,95,95,95,95,95,95,95],"card_choices":[{"not_picked":["Shrug It Off","Power Through","Havoc"],"picked":"SKIP","floor":1.0},{"not_picked":["Feel No Pain","Rupture","Pommel Strike"],"picked":"SKIP","floor":5.0},{"not_picked":["Bloodletting","Armaments","Havoc"],"picked":"SKIP","floor":6},{"not_picked":["Intimidate","Headbutt"],"picked":"Twin Strike","floor":7},{"not_picked":["Sever Soul","Sword Boomerang"],"picked":"Twin Strike","floor":8},{"not_picked":["Rampage","Fire Breathing","Armaments"],"picked":"SKIP","floor":11},{"not_picked":["Exhume","Headbutt","Limit Break"],"picked":"SKIP","floor":13},{"not_picked":["Flex","Heavy Blade"],"picked":"Perfected Strike","floor":14}],"player_experience":213659,"relics_obtained":[{"floor":6,"key":"Strawberry"},{"floor":13,"key":"Smiling Mask"}],"event_choices":[{"damage_healed":0.0,"max_hp_gain":0.0,"max_hp_loss":0.0,"gold_gain":0.0,"event_name":"Scrap Ooze","player_choice":"Success","floor":2.0,"gold_loss":0.0,"damage_taken":3.0,"relics_obtained":["Ancient Tea Set"]},{"damage_healed":0.0,"max_hp_gain":0.0,"max_hp_loss":0.0,"gold_gain":0.0,"event_name":"FaceTrader","player_choice":"Trade","floor":4.0,"gold_loss":0.0,"damage_taken":0.0,"relics_obtained":["NlothsMask"]}],"is_beta":false,"boss_relics":[],"items_purged_floors":[],"is_endless":false,"potions_floor_spawned":[5,6,8,14],"killed_by":"The Guardian","ascension_level":0}