{"gold_per_floor":[118,128,78,78,3,28,28,48,74,86,112,137,149,171,183,290,302,332,344,369,24,34,34,62,75,75,75,75,105,105,139,139,239,239,258,258,276,296,109,109,119,139,139,139,169,184,184,202,202,202],"floor_reached":51,"playtime":2524,"items_purged":["Defend_R","Defend_R+1"],"score":764,"play_id":"bec849c1-b970-4d4a-a862-a4c96887e135","local_time":"20190916165336","is_ascension_mode":false,"campfire_choices":[{"floor":7,"key":"REST"},{"data":"Whirlwind","floor":10,"key":"SMITH"},{"data":"Armaments","floor":15,"key":"SMITH"},{"floor":23,"key":"REST"},{"floor":28,"key":"REST"},{"floor":32,"key":"REST"},{"floor":40,"key":"REST"},{"floor":44,"key":"REST"},{"floor":49,"key":"REST"}],"neow_cost":"NONE","seed_source_timestamp":409045837766000,"circlet_count":0,"master_deck":["Strike_R+1","Strike_R+1","Strike_R+1","Strike_R+1","Strike_R+1","Bash","Forethought+1","Cleave","Perfected Strike","Blood for Blood","Whirlwind+1","Reaper","Armaments+1","Flex","Demon Form","Bludgeon","Ghostly Armor+1","Twin Strike","Rampage","Uppercut+1","Heavy Blade","Writhe","Dropkick+1","Limit Break","Clash","Ghostly Armor+1","Battle Trance","Shrug It Off+1","Demon Form+1","Infernal Blade"],"relics":["Burning Blood","Lantern","MawBank","Bottled Flame","Fusion Hammer","Bottled Lightning","Bag of Marbles","Sundial","Gremlin Horn","Frozen Egg 2","War Paint","Sozu","Regal Pillow","Mercury Hourglass","Champion Belt"],"potions_floor_usage":[16,16,31,33,50],"damage_taken":[{"damage":6,"enemies":"Cultist","floor":1,"turns":3},{"damage":7,"enemies":"2 Louse","floor":2,"turns":2},{"damage":36,"enemies":"3 Sentries","floor":6,"turns":5},{"damage":11,"enemies":"Jaw Worm","floor":8,"turns":2},{"damage":1,"enemies":"3 Louse","floor":11,"turns":3},{"damage":10,"enemies":"Looter","floor":12,"turns":2},{"damage":8,"enemies":"Red Slaver","floor":14,"turns":2},{"damage":37,"enemies":"Hexaghost","floor":16,"turns":5},{"damage":12,"enemies":"Shell Parasite","floor":18,"turns":2},{"damage":20,"enemies":"2 Thieves","floor":20,"turns":3},{"damage":42,"enemies":"Snake Plant","floor":22,"turns":4},{"damage":27,"enemies":"Gremlin Leader","floor":24,"turns":4},{"damage":24,"enemies":"Shelled Parasite and Fungi","floor":25,"turns":4},{"damage":34,"enemies":"Book of Stabbing","floor":29,"turns":4},{"damage":0,"enemies":"Slavers","floor":31,"turns":1},{"damage":53,"enemies":"Automaton","floor":33,"turns":6},{"damage":0,"enemies":"3 Darklings","floor":35,"turns":1},{"damage":10,"enemies":"3 Shapes","floor":37,"turns":1},{"damage":0,"enemies":"Transient","floor":38,"turns":5},{"damage":7,"enemies":"Sphere and 2 Shapes","floor":41,"turns":1},{"damage":0,"enemies":"3 Darklings","floor":42,"turns":1},{"damage":18,"enemies":"Reptomancer","floor":45,"turns":3},{"damage":0,"enemies":"Jaw Worm Horde","floor":46,"turns":1},{"damage":45,"enemies":"Transient","floor":48,"turns":5},{"damage":78,"enemies":"Donu and Deca","floor":50,"turns":6}],"seed_played":"-4998256139588307707","potions_obtained":[{"floor":1,"key":"PowerPotion"},{"floor":11,"key":"Weak Potion"},{"floor":24,"key":"FearPotion"},{"floor":29,"key":"SkillPotion"},{"floor":31,"key":"LiquidBronze"}],"is_trial":false,"path_per_floor":["M","M","?","?","$","E","R","M","T","R","M","M","T","M","R","B",null,"M","?","M","$","M","R","E","M","T","?","R","E","?","E","R","B",null,"M","?","M","M","$","R","M","M","T","R","E","M","$","M","R","B",null],"character_chosen":"IRONCLAD","items_purchased":["Bottled Lightning","Battle Trance","Regal Pillow"],"campfire_rested":7,"item_purchase_floors":[21,39,39],"current_hp_per_floor":[80,79,79,79,79,49,73,68,68,68,80,76,76,74,74,64,80,74,74,60,60,24,48,39,33,33,33,57,35,26,32,56,9,80,80,80,76,80,80,80,79,80,80,80,68,74,74,41,80,8],"gold":202,"neow_bonus":"RANDOM_COLORLESS","is_prod":false,"is_daily":false,"chose_seed":false,"campfire_upgraded":2,"win_rate":0.0,"timestamp":1568678016,"path_taken":["M","M","?","?","$","E","R","?","T","R","M","M","?","M","R","BOSS","M","?","M","$","M","R","E","M","T","?","R","E","?","E","R","BOSS","M","?","M","M","$","R","M","M","T","R","E","?","$","M","R","BOSS"],"build_version":"2019-07-17","purchased_purges":2,"victory":true,"max_hp_per_floor":[80,80,80,80,80,80,80,80,80,80,80,80,80,80,80,80,80,80,80,80,80,80,80,80,80,80,80,80,80,80,80,80,80,80,80,80,80,80,80,80,80,80,80,80,80,80,80,80,80,80],"card_choices":[{"not_picked":["Pommel Strike","Reckless Charge"],"picked":"Cleave","floor":1},{"not_picked":["Metallicize","Headbutt"],"picked":"Perfected Strike","floor":2},{"not_picked":["Anger","Seeing Red"],"picked":"Whirlwind","floor":6},{"not_picked":["Twin Strike","Sword Boomerang"],"picked":"Reaper","floor":8},{"not_picked":["Body Slam","Headbutt"],"picked":"Armaments","floor":11},{"not_picked":["Twin Strike","Heavy Blade"],"picked":"Flex","floor":12},{"not_picked":["Seeing Red","Sword Boomerang"],"picked":"Demon Form","floor":14},{"not_picked":["Reaper","Barricade"],"picked":"Bludgeon","floor":16},{"not_picked":["Metallicize","Fire Breathing+1"],"picked":"Ghostly Armor","floor":18},{"not_picked":["Bloodletting","Iron Wave"],"picked":"Twin Strike","floor":20},{"not_picked":["Anger","Shockwave+1"],"picked":"Rampage","floor":22},{"not_picked":["Corruption+1","Hemokinesis"],"picked":"Uppercut+1","floor":24},{"not_picked":["Sword Boomerang","Dark Embrace"],"picked":"Heavy Blade","floor":25},{"not_picked":["Brutality","True Grit","Warcry"],"picked":"SKIP","floor":29},{"not_picked":["Clash","Seeing Red"],"picked":"Dropkick+1","floor":31},{"not_picked":["Fiend Fire","Impervious"],"picked":"Limit Break","floor":33},{"not_picked":["Second Wind","Anger+1"],"picked":"Clash","floor":35},{"not_picked":["Combust+1","Entrench","True Grit+1"],"picked":"SKIP","floor":37},{"not_picked":["Clothesline","Body Slam"],"picked":"Ghostly Armor+1","floor":38},{"not_picked":["Headbutt","Pommel Strike+1"],"picked":"Shrug It Off+1","floor":41},{"not_picked":["Iron Wave+1","Headbutt+1"],"picked":"Demon Form+1","floor":42},{"not_picked":["Thunderclap","Intimidate","Shrug It Off"],"picked":"SKIP","floor":45},{"not_picked":["Armaments+1","Brutality+1","Clash"],"picked":"SKIP","floor":46},{"not_picked":["Thunderclap+1","Shrug It Off"],"picked":"Infernal Blade","floor":48}],"player_experience":3582,"relics_obtained":[{"floor":6,"key":"Lantern"},{"floor":9,"key":"MawBank"},{"floor":13,"key":"Bottled Flame"},{"floor":24,"key":"Bag of Marbles"},{"floor":26,"key":"Sundial"},{"floor":29,"key":"Frozen Egg 2"},{"floor":31,"key":"War Paint"},{"floor":43,"key":"Mercury Hourglass"},{"floor":45,"key":"Champion Belt"}],"event_choices":[{"cards_removed":["Defend_R"],"damage_healed":0,"gold_gain":0,"player_choice":"Card Removal","damage_taken":0,"max_hp_gain":0,"max_hp_loss":0,"event_name":"The Cleric","floor":3,"gold_loss":50},{"damage_healed":0,"gold_gain":0,"cards_transformed":["Defend_R"],"player_choice":"Transformed","damage_taken":0,"max_hp_gain":0,"max_hp_loss":0,"event_name":"Transmorgrifier","floor":4,"gold_loss":0,"cards_obtained":["Blood for Blood"]},{"damage_healed":0,"gold_gain":0,"player_choice":"Simplicity","damage_taken":0,"max_hp_gain":0,"max_hp_loss":0,"event_name":"Back to Basics","floor":19,"gold_loss":0,"cards_upgraded":["Strike_R","Strike_R","Strike_R","Strike_R","Strike_R","Defend_R"]},{"damage_healed":0,"gold_gain":0,"player_choice":"Opened","damage_taken":0,"relics_obtained":["Gremlin Horn"],"max_hp_gain":0,"max_hp_loss":0,"event_name":"The Mausoleum","floor":27,"gold_loss":0,"cards_obtained":["Writhe"]},{"damage_healed":0,"gold_gain":0,"player_choice":"Stopped","damage_taken":9,"max_hp_gain":0,"max_hp_loss":0,"event_name":"Cursed Tome","floor":30,"gold_loss":0},{"damage_healed":0,"gold_gain":0,"player_choice":"Ignored","damage_taken":0,"max_hp_gain":0,"max_hp_loss":0,"event_name":"SecretPortal","floor":36,"gold_loss":0}],"is_beta":false,"boss_relics":[{"not_picked":["Runic Dome","Calling Bell"],"picked":"Fusion Hammer"},{"not_picked":["Runic Pyramid","Black Blood"],"picked":"Sozu"}],"items_purged_floors":[5,21],"is_endless":false,"potions_floor_spawned":[1,11,24,29,31,38,41,42,45,48],"ascension_level":0}