{"gold_per_floor":[109,109,109,74,74,113,113,136,136,152,152,175,175,196,196,319,319,244,244,343,364,364,364,23,23,48,0,16,16],"floor_reached":29,"playtime":2475,"items_purged":["Doubt"],"score":241,"play_id":"2930da9c-0810-4023-aafd-cdf9f0b95c60","local_time":"20190916140838","is_ascension_mode":true,"campfire_choices":[{"floor":7,"key":"REST"},{"data":"Armaments","floor":13,"key":"SMITH"},{"floor":15,"key":"REST"},{"floor":23,"key":"REST"}],"neow_cost":"NONE","seed_source_timestamp":68299184089899,"circlet_count":0,"master_deck":["Strike_R+1","Strike_R","Strike_R","Strike_R","Strike_R","Defend_R","Defend_R+1","Defend_R","Defend_R","Bash","Anger","Anger","Anger","Armaments+1","Rage","Barricade","Armaments","Flex","Metallicize","Searing Blow","Impervious"],"relics":["Burning Blood","Bloody Idol","Omamori","Matryoshka","Calling Bell","Bag of Marbles","Question Card","Peace Pipe","MutagenicStrength","Red Skull","Potion Belt","Pen Nib"],"potions_floor_usage":[16,28,29,29,29],"damage_taken":[{"damage":0,"enemies":"Jaw Worm","floor":1,"turns":3},{"damage":41,"enemies":"Lagavulin","floor":6,"turns":7},{"damage":1,"enemies":"2 Louse","floor":8,"turns":3},{"damage":0,"enemies":"Cultist","floor":10,"turns":3},{"damage":12,"enemies":"Exordium Wildlife","floor":12,"turns":5},{"damage":8,"enemies":"Blue Slaver","floor":14,"turns":2},{"damage":38,"enemies":"Slime Boss","floor":16,"turns":12},{"damage":31,"enemies":"2 Thieves","floor":18,"turns":5},{"damage":54,"enemies":"3 Byrds","floor":21,"turns":8},{"damage":35,"enemies":"3 Cultists","floor":28,"turns":7},{"damage":16,"enemies":"Gremlin Leader","floor":29,"turns":2}],"seed_played":"-6310888438451558941","potions_obtained":[{"floor":6,"key":"Poison Potion"},{"floor":12,"key":"Ancient Potion"},{"floor":14,"key":"Energy Potion"},{"floor":21,"key":"Block Potion"},{"floor":28,"key":"SteroidPotion"}],"is_trial":false,"path_per_floor":["M","?","?","?","$","E","R","M","T","M","$","M","R","M","R","B",null,"M","?","?","M","?","R","$","$","T","?","M","E"],"character_chosen":"IRONCLAD","items_purchased":["Red Skull","Metallicize","Searing Blow"],"campfire_rested":3,"item_purchase_floors":[24,24,24],"current_hp_per_floor":[80,60,44,64,64,29,53,58,58,64,64,58,58,56,80,48,80,55,55,55,7,7,31,31,31,36,36,12,0],"gold":16,"neow_bonus":"THREE_CARDS","is_prod":false,"is_daily":false,"chose_seed":false,"campfire_upgraded":1,"win_rate":0,"timestamp":1568660918,"path_taken":["M","?","?","?","?","E","R","?","T","M","?","M","R","M","R","BOSS","M","?","?","M","?","R","?","$","T","?","?","E"],"build_version":"2019-07-17","purchased_purges":1,"victory":false,"max_hp_per_floor":[80,80,80,80,80,80,80,80,80,80,80,80,80,80,80,80,80,80,80,80,80,80,80,80,80,80,80,80,80],"card_choices":[{"not_picked":["Ghostly Armor","Iron Wave"],"picked":"Anger","floor":0},{"not_picked":["Iron Wave","Burning Pact"],"picked":"Anger","floor":1},{"not_picked":["Cleave","Clash"],"picked":"Anger","floor":6},{"not_picked":["Flex","Dual Wield"],"picked":"Armaments","floor":8},{"not_picked":["Power Through","Twin Strike"],"picked":"Rage","floor":10},{"not_picked":["Clothesline","Dual Wield","Iron Wave"],"picked":"SKIP","floor":12},{"not_picked":["Dark Embrace","True Grit","Twin Strike"],"picked":"SKIP","floor":14},{"not_picked":["Limit Break","Fiend Fire"],"picked":"Barricade","floor":16},{"not_picked":["Shrug It Off","Sentinel","Pommel Strike"],"picked":"Armaments","floor":18},{"not_picked":["Armaments","Wild Strike","Sword Boomerang+1"],"picked":"Flex","floor":21},{"not_picked":["Headbutt","Heavy Blade","Infernal Blade"],"picked":"Impervious","floor":28}],"player_experience":226966,"relics_obtained":[{"floor":6,"key":"Omamori"},{"floor":9,"key":"Matryoshka"},{"floor":17,"key":"Bag of Marbles"},{"floor":17,"key":"Question Card"},{"floor":17,"key":"Peace Pipe"},{"floor":26,"key":"Potion Belt"},{"floor":26,"key":"Pen Nib"}],"event_choices":[{"damage_healed":0,"gold_gain":0,"player_choice":"Take Damage","damage_taken":20,"relics_obtained":["Golden Idol"],"max_hp_gain":0,"max_hp_loss":0,"event_name":"Golden Idol","floor":2,"gold_loss":0},{"damage_healed":0,"gold_gain":0,"player_choice":"Entered Light","damage_taken":16,"max_hp_gain":0,"max_hp_loss":0,"event_name":"Shining Light","floor":3,"gold_loss":0,"cards_upgraded":["Defend_R","Strike_R"]},{"damage_healed":20,"gold_gain":0,"player_choice":"Healed","damage_taken":0,"max_hp_gain":0,"max_hp_loss":0,"event_name":"The Cleric","floor":4,"gold_loss":35},{"damage_healed":0,"gold_gain":0,"player_choice":"Inject Mutagens","damage_taken":0,"relics_obtained":["MutagenicStrength"],"max_hp_gain":0,"max_hp_loss":0,"event_name":"Drug Dealer","floor":19,"gold_loss":0},{"damage_healed":0,"gold_gain":99,"player_choice":"Stole From Cult","damage_taken":0,"max_hp_gain":0,"max_hp_loss":0,"event_name":"Nest","floor":20,"gold_loss":0},{"damage_healed":0,"gold_gain":0,"player_choice":"Gave Idol","damage_taken":0,"relics_obtained":["Bloody Idol"],"max_hp_gain":0,"max_hp_loss":0,"event_name":"Forgotten Altar","floor":22,"relics_lost":["Golden Idol"],"gold_loss":0},{"damage_healed":0,"gold_gain":0,"player_choice":"Paid Fearfully","damage_taken":0,"max_hp_gain":0,"max_hp_loss":0,"event_name":"Masked Bandits","floor":27,"gold_loss":48}],"is_beta":false,"boss_relics":[{"not_picked":["Black Star","Tiny House"],"picked":"Calling Bell"}],"items_purged_floors":[24],"is_endless":false,"potions_floor_spawned":[6,12,14,21,28],"killed_by":"Gremlin Leader","ascension_level":2}