{"gold_per_floor":[110,110,122,122,134,177,209,221,310,343,103,123,146,186,186,186],"floor_reached":16,"playtime":368,"items_purged":[],"score":137,"play_id":"f43942ad-549c-4afb-b3c1-11463964ad08","local_time":"20190107111130","is_ascension_mode":false,"campfire_choices":[{"floor":15,"key":"REST"}],"neow_cost":"NONE","seed_source_timestamp":756923297214203,"circlet_count":0,"master_deck":["Strike_R","Strike_R","Strike_R","Strike_R","Strike_R","Defend_R","Defend_R","Defend_R","Defend_R","Bash","Perfected Strike","Perfected Strike"],"relics":["Burning Blood","NeowsBlessing","MawBank","Golden Idol","Ancient Tea Set","Potion Belt","Pantograph","Shuriken","Shovel"],"potions_floor_usage":[13],"damage_taken":[{"damage":0,"enemies":"Small Slimes","floor":1,"turns":1},{"damage":0,"enemies":"2 Louse","floor":3,"turns":1},{"damage":0,"enemies":"Gremlin Nob","floor":6,"turns":1},{"damage":1,"enemies":"Cultist","floor":7,"turns":3},{"damage":11,"enemies":"Red Slaver","floor":10,"turns":3},{"damage":18,"enemies":"Large Slime","floor":12,"turns":6},{"damage":23,"enemies":"Exordium Thugs","floor":13,"turns":6},{"damage":36,"enemies":"Lagavulin","floor":14,"turns":5},{"damage":69,"enemies":"Hexaghost","floor":16,"turns":9}],"seed_played":"1632778742647107109","potions_obtained":[{"floor":3,"key":"Regen Potion"},{"floor":7,"key":"AttackPotion"},{"floor":10,"key":"Regen Potion"},{"floor":14,"key":"Poison Potion"}],"is_trial":false,"path_per_floor":["M","?","M","?","?","E","M","?","T","M","$","M","M","E","R","B"],"character_chosen":"IRONCLAD","items_purchased":["Shuriken"],"campfire_rested":1,"item_purchase_floors":[11],"current_hp_per_floor":[80,80,80,77,57,63,68,68,68,63,63,51,49,19,43,0],"gold":186,"neow_bonus":"THREE_ENEMY_KILL","is_prod":false,"is_daily":false,"chose_seed":false,"campfire_upgraded":0,"win_rate":0,"timestamp":1546819890,"path_taken":["M","?","M","?","?","E","M","?","T","?","?","M","M","E","R","BOSS"],"build_version":"2019-01-03v4","purchased_purges":0,"victory":false,"max_hp_per_floor":[80,80,80,80,80,80,80,80,80,80,80,80,80,80,80,80],"card_choices":[{"not_picked":["Warcry","Thunderclap"],"picked":"Perfected Strike","floor":1},{"not_picked":["Flex","Warcry","Sword Boomerang"],"picked":"SKIP","floor":3},{"not_picked":["Flex","Clash"],"picked":"Perfected Strike","floor":6},{"not_picked":["Bloodletting","Warcry","Heavy Blade"],"picked":"SKIP","floor":7},{"not_picked":["Armaments","Wild Strike","Dark Embrace"],"picked":"SKIP","floor":10},{"not_picked":["Clothesline","Heavy Blade","Thunderclap"],"picked":"SKIP","floor":12},{"not_picked":["Pummel","Carnage","Flame Barrier"],"picked":"SKIP","floor":13},{"not_picked":["Blood for Blood","Shockwave","Flex"],"picked":"SKIP","floor":14}],"player_experience":205244,"relics_obtained":[{"floor":6,"key":"Ancient Tea Set"},{"floor":9,"key":"Pantograph"},{"floor":14,"key":"Shovel"}],"event_choices":[{"damage_healed":0,"gold_gain":0,"player_choice":"Leave","damage_taken":0,"max_hp_gain":0,"max_hp_loss":0,"event_name":"The Cleric","floor":2,"gold_loss":0},{"damage_healed":0,"gold_gain":0,"player_choice":"Success","damage_taken":3,"relics_obtained":["MawBank"],"max_hp_gain":0,"max_hp_loss":0,"event_name":"Scrap Ooze","floor":4,"gold_loss":0},{"damage_healed":0,"gold_gain":0,"player_choice":"Take Damage","damage_taken":20,"relics_obtained":["Golden Idol"],"max_hp_gain":0,"max_hp_loss":0,"event_name":"Golden Idol","floor":5,"gold_loss":0},{"damage_healed":0,"gold_gain":0,"player_choice":"Gave Potion","damage_taken":0,"relics_obtained":["Potion Belt"],"max_hp_gain":0,"max_hp_loss":0,"event_name":"WeMeetAgain","floor":8,"gold_loss":0}],"is_beta":false,"boss_relics":[],"items_purged_floors":[],"is_endless":false,"potions_floor_spawned":[3,7,10,14],"killed_by":"Hexaghost","ascension_level":0}