{"gold_per_floor":[119,139,139,139,155,181,200,200,200,233,24,40,22,0,0,101,101,117,137,170,186,22,22],"floor_reached":23,"playtime":1711,"items_purged":["Strike_B"],"score":261,"play_id":"0b458e54-1920-4685-9a28-75f161779827","local_time":"20190906215649","is_ascension_mode":true,"campfire_choices":[{"data":"Recycle","floor":8,"key":"SMITH"},{"floor":15,"key":"REST"}],"neow_cost":"NONE","seed_source_timestamp":1975124559330700,"circlet_count":0,"master_deck":["Strike_B","Strike_B","Strike_B","Defend_B","Defend_B","Defend_B","Defend_B","Zap","Dualcast","Recycle+1","Cold Snap","Swift Strike","Coolheaded","Genetic Algorithm","All For One","Defragment","Self Repair","Seek","Go for the Eyes","Ball Lightning+1","Melter","Conserve Battery+1","Static Discharge","Conserve Battery"],"relics":["Cracked Core","NeowsBlessing","Meat on the Bone","Torii","Ginger","Membership Card","Black Star","Red Mask","Boot"],"potions_floor_usage":[6,16,18,21],"damage_taken":[{"damage":0,"enemies":"Small Slimes","floor":1,"turns":1},{"damage":0,"enemies":"Jaw Worm","floor":2,"turns":1},{"damage":0,"enemies":"Cultist","floor":5,"turns":1},{"damage":6,"enemies":"3 Sentries","floor":6,"turns":8},{"damage":14,"enemies":"Lots of Slimes","floor":7,"turns":5},{"damage":43,"enemies":"Gremlin Nob","floor":10,"turns":5},{"damage":12,"enemies":"Exordium Thugs","floor":12,"turns":6},{"damage":5,"enemies":"The Guardian","floor":16,"turns":14},{"damage":22,"enemies":"3 Byrds","floor":18,"turns":5},{"damage":12,"enemies":"Spheric Guardian","floor":19,"turns":6},{"damage":37,"enemies":"Masked Bandits","floor":20,"turns":5},{"damage":25,"enemies":"Snake Plant","floor":21,"turns":5},{"damage":26,"enemies":"Gremlin Leader","floor":23,"turns":2}],"seed_played":"8218784784977065064","potions_obtained":[{"floor":1,"key":"LiquidBronze"},{"floor":2,"key":"PowerPotion"},{"floor":16,"key":"Explosive Potion"},{"floor":20,"key":"GamblersBrew"}],"is_trial":false,"path_per_floor":["M","M","?","?","M","E","M","R","T","E","$","M","$","?","R","B",null,"M","M","?","M","$","E"],"character_chosen":"DEFECT","items_purchased":["Membership Card","Self Repair","Static Discharge","Boot","Conserve Battery"],"campfire_rested":1,"item_purchase_floors":[11,13,22,22,22],"current_hp_per_floor":[68,68,68,68,68,62,48,48,48,17,17,17,17,17,39,53,70,55,50,32,19,19,0],"gold":22,"neow_bonus":"THREE_ENEMY_KILL","is_prod":false,"is_daily":false,"chose_seed":false,"campfire_upgraded":1,"win_rate":0,"timestamp":1567771009,"path_taken":["M","M","?","?","?","E","M","R","T","E","$","?","?","?","R","BOSS","M","M","?","M","$","E"],"build_version":"2019-07-17","purchased_purges":1,"victory":false,"max_hp_per_floor":[75,75,75,75,75,75,75,75,75,75,75,75,75,75,75,75,75,75,75,75,75,75,75],"card_choices":[{"not_picked":["Go for the Eyes","Compile Driver"],"picked":"Recycle","floor":1},{"not_picked":["Steam","Turbo"],"picked":"Cold Snap","floor":2},{"not_picked":["Steam","Blizzard"],"picked":"Coolheaded","floor":5},{"not_picked":["Ball Lightning","Double Energy"],"picked":"Genetic Algorithm","floor":6},{"not_picked":["Barrage","Force Field","Steam"],"picked":"SKIP","floor":7},{"not_picked":["Loop","Ball Lightning"],"picked":"All For One","floor":10},{"not_picked":["Lockon","Stack"],"picked":"Defragment","floor":12},{"not_picked":["Buffer","Fission"],"picked":"Seek","floor":16},{"not_picked":["Conserve Battery+1","Ball Lightning"],"picked":"Go for the Eyes","floor":18},{"not_picked":["Coolheaded","Turbo+1"],"picked":"Ball Lightning+1","floor":19},{"not_picked":["Storm","Go for the Eyes+1"],"picked":"Melter","floor":20},{"not_picked":["Lockon","Redo"],"picked":"Conserve Battery+1","floor":21}],"player_experience":570397,"relics_obtained":[{"floor":6,"key":"Meat on the Bone"},{"floor":9,"key":"Torii"},{"floor":10,"key":"Ginger"},{"floor":20,"key":"Red Mask"}],"event_choices":[{"damage_healed":0,"gold_gain":0,"player_choice":"Ignored","damage_taken":0,"max_hp_gain":0,"max_hp_loss":0,"event_name":"Shining Light","floor":3,"gold_loss":0},{"damage_healed":0,"gold_gain":0,"player_choice":"1 cards matched","damage_taken":0,"max_hp_gain":0,"max_hp_loss":0,"event_name":"Match and Keep!","floor":4,"gold_loss":0,"cards_obtained":["Swift Strike"]},{"damage_healed":0,"gold_gain":0,"player_choice":"Left Gold","damage_taken":0,"max_hp_gain":0,"max_hp_loss":0,"event_name":"World of Goop","floor":14,"gold_loss":22},{"damage_healed":0,"gold_gain":0,"player_choice":"Fought Bandits","damage_taken":0,"max_hp_gain":0,"max_hp_loss":0,"event_name":"Masked Bandits","floor":20,"gold_loss":0}],"is_beta":false,"boss_relics":[{"not_picked":["Astrolabe","Runic Dome"],"picked":"Black Star"}],"items_purged_floors":[22],"is_endless":false,"potions_floor_spawned":[1,2,16,20],"killed_by":"Gremlin Leader","ascension_level":6}