{"gold_per_floor":[116,116,116,116,116,116,90,90,90,119,134,134,147,165,165,293,293,308,308,98,197,216,216,257,257,257,278,278,278],"floor_reached":29,"playtime":3891,"items_purged":[],"score":252,"play_id":"38d4c6f3-5ea5-4d52-a7cf-9ba7541aaeca","local_time":"20190916182122","is_ascension_mode":true,"campfire_choices":[{"floor":6,"key":"REST"},{"data":"Barricade","floor":8,"key":"SMITH"},{"floor":12,"key":"REST"},{"data":"Entrench","floor":15,"key":"SMITH"},{"floor":23,"key":"REST"},{"floor":28,"key":"REST"}],"neow_cost":"PERCENT_DAMAGE","seed_source_timestamp":82044834857600,"circlet_count":0,"master_deck":["Strike_R","Strike_R","Strike_R","Strike_R+1","Defend_R","Defend_R","Defend_R","Defend_R","Bash","Anger","Barricade+1","Injury","Cleave","Reckless Charge","Intimidate","Power Through","Entrench+1","Limit Break+1","Spot Weakness","Iron Wave","Double Tap","Inflame+1"],"relics":["Burning Blood","Pocketwatch","Golden Idol","Frozen Egg 2","Odd Mushroom","Runic Cube","Brimstone","Ancient Tea Set"],"potions_floor_usage":[16,22,24,24,24,27,29],"damage_taken":[{"damage":1,"enemies":"Small Slimes","floor":1,"turns":4},{"damage":24,"enemies":"The Mushroom Lair","floor":10,"turns":6},{"damage":2,"enemies":"Jaw Worm","floor":11,"turns":4},{"damage":9,"enemies":"2 Louse","floor":13,"turns":3},{"damage":3,"enemies":"2 Fungi Beasts","floor":14,"turns":4},{"damage":27,"enemies":"The Guardian","floor":16,"turns":18},{"damage":47,"enemies":"Spheric Guardian","floor":18,"turns":12},{"damage":43,"enemies":"Shell Parasite","floor":22,"turns":6},{"damage":38,"enemies":"Gremlin Leader","floor":24,"turns":6},{"damage":19,"enemies":"Snake Plant","floor":27,"turns":5},{"damage":44,"enemies":"Book of Stabbing","floor":29,"turns":4}],"seed_played":"858280884970341768","potions_obtained":[{"floor":10,"key":"Weak Potion"},{"floor":13,"key":"PowerPotion"},{"floor":16,"key":"LiquidBronze"},{"floor":22,"key":"EntropicBrew"},{"floor":24,"key":"Block Potion"},{"floor":27,"key":"Block Potion"}],"is_trial":false,"path_per_floor":["M","?","?","?","?","R","$","R","T","?","M","R","M","M","R","B",null,"M","?","$","?","M","R","E","?","T","M","R","E"],"character_chosen":"IRONCLAD","items_purchased":["Cleave","Brimstone"],"campfire_rested":4,"item_purchase_floors":[7,20],"current_hp_per_floor":[61,45,50,50,50,75,75,75,75,57,61,85,82,85,85,64,85,44,72,72,72,35,60,28,28,28,15,40,0],"gold":278,"neow_bonus":"ONE_RARE_RELIC","is_prod":false,"is_daily":false,"chose_seed":false,"campfire_upgraded":2,"win_rate":0,"timestamp":1568676082,"path_taken":["M","?","?","?","?","R","?","R","T","?","M","R","M","M","R","BOSS","M","?","$","?","M","R","E","?","T","M","R","E"],"build_version":"2019-07-17","purchased_purges":0,"victory":false,"max_hp_per_floor":[80,80,85,85,85,85,85,85,85,85,85,85,85,85,85,85,85,85,85,85,85,85,85,85,85,85,85,85,85],"card_choices":[{"not_picked":["Shrug It Off","Sword Boomerang"],"picked":"Anger","floor":1},{"not_picked":["Thunderclap","Warcry"],"picked":"Reckless Charge","floor":10},{"not_picked":["Clash","Perfected Strike"],"picked":"Intimidate","floor":11},{"not_picked":["Headbutt","Warcry"],"picked":"Power Through","floor":13},{"not_picked":["Wild Strike","Combust+1"],"picked":"Entrench","floor":14},{"not_picked":["Fiend Fire","Berserk+1"],"picked":"Limit Break","floor":16},{"not_picked":["Ghostly Armor","Combust+1"],"picked":"Spot Weakness","floor":18},{"not_picked":["Wild Strike","Sword Boomerang"],"picked":"Iron Wave","floor":22},{"not_picked":["Uppercut","Seeing Red"],"picked":"Double Tap","floor":24},{"not_picked":["Iron Wave+1","Flex+1"],"picked":"Inflame+1","floor":27}],"player_experience":232671,"relics_obtained":[{"floor":9,"key":"Frozen Egg 2"},{"floor":10,"key":"Odd Mushroom"},{"floor":24,"key":"Ancient Tea Set"}],"event_choices":[{"damage_healed":0,"gold_gain":0,"player_choice":"Entered Light","damage_taken":16,"max_hp_gain":0,"max_hp_loss":0,"event_name":"Shining Light","floor":2,"gold_loss":0,"cards_upgraded":["Strike_R","Strike_R"]},{"damage_healed":0,"gold_gain":0,"player_choice":"Donut","damage_taken":0,"max_hp_gain":5,"max_hp_loss":0,"event_name":"Big Fish","floor":3,"gold_loss":0},{"damage_healed":0,"gold_gain":0,"cards_transformed":["Strike_R"],"player_choice":"Change","damage_taken":0,"max_hp_gain":0,"max_hp_loss":0,"event_name":"Living Wall","floor":4,"gold_loss":0,"cards_obtained":["Barricade"]},{"damage_healed":0,"gold_gain":0,"player_choice":"Take Wound","damage_taken":0,"relics_obtained":["Golden Idol"],"max_hp_gain":0,"max_hp_loss":0,"event_name":"Golden Idol","floor":5,"gold_loss":0,"cards_obtained":["Injury"]},{"damage_healed":0,"gold_gain":0,"player_choice":"Fought Mushrooms","damage_taken":0,"max_hp_gain":0,"max_hp_loss":0,"event_name":"Mushrooms","floor":10,"gold_loss":0},{"damage_healed":28,"gold_gain":0,"player_choice":"Heal","damage_taken":0,"max_hp_gain":0,"max_hp_loss":0,"event_name":"The Library","floor":19,"gold_loss":0},{"damage_healed":0,"gold_gain":99,"player_choice":"Stole From Cult","damage_taken":0,"max_hp_gain":0,"max_hp_loss":0,"event_name":"Nest","floor":21,"gold_loss":0},{"damage_healed":0,"gold_gain":0,"player_choice":"Upgraded","damage_taken":0,"max_hp_gain":0,"max_hp_loss":0,"event_name":"Upgrade Shrine","floor":25,"gold_loss":0,"cards_upgraded":["Limit Break"]}],"is_beta":false,"boss_relics":[{"not_picked":["Ectoplasm","Runic Pyramid"],"picked":"Runic Cube"}],"items_purged_floors":[],"is_endless":false,"potions_floor_spawned":[10,13,16,22,24,27],"killed_by":"Book of Stabbing","ascension_level":2}