{"gold_per_floor":[109,109,34,45,45,79,79,79,106,106,142,142,216,236,236,362,362,386,386,386,242,261,261,280,280,353,353],"floor_reached":27,"playtime":2879,"items_purged":["Regret"],"score":291,"play_id":"1ee45942-c042-4cdd-b886-b92efc4a313b","local_time":"20190916232244","is_ascension_mode":true,"campfire_choices":[{"floor":15,"key":"REST"},{"floor":23,"key":"REST"},{"data":"Armaments","floor":25,"key":"SMITH"}],"neow_cost":"NONE","seed_source_timestamp":100275116271300,"circlet_count":0,"master_deck":["Strike_R","Strike_R","Strike_R","Defend_R","Defend_R","Defend_R","Defend_R","Bash","Inflame","Spot Weakness","Sword Boomerang","Berserk+1","Metallicize","Barricade","Burning Pact","Feed","Anger","Ghostly","Ghostly","Ghostly","Ghostly","Ghostly","Shrug It Off+1","Armaments+1"],"relics":["Burning Blood","NeowsBlessing","Gremlin Horn","Juzu Bracelet","Dead Branch","Omamori","Golden Idol","Bag of Marbles","Pen Nib","Lizard Tail","Vajra","Paper Frog"],"potions_floor_usage":[16,18,22,27],"damage_taken":[{"damage":0,"enemies":"2 Louse","floor":1,"turns":1},{"damage":0,"enemies":"Small Slimes","floor":4,"turns":1},{"damage":0,"enemies":"Lagavulin","floor":6,"turns":1},{"damage":41,"enemies":"3 Sentries","floor":11,"turns":8},{"damage":13,"enemies":"Gremlin Nob","floor":13,"turns":3},{"damage":25,"enemies":"Jaw Worm","floor":14,"turns":4},{"damage":26,"enemies":"Hexaghost","floor":16,"turns":12},{"damage":18,"enemies":"Chosen","floor":18,"turns":8},{"damage":42,"enemies":"Shell Parasite","floor":22,"turns":6},{"damage":30,"enemies":"Shelled Parasite and Fungi","floor":24,"turns":6},{"damage":19,"enemies":"Colosseum Slavers","floor":27,"turns":1}],"seed_played":"8997806962270260575","potions_obtained":[{"floor":11,"key":"SkillPotion"},{"floor":16,"key":"Block Potion"},{"floor":18,"key":"Explosive Potion"},{"floor":22,"key":"Dexterity Potion"}],"is_trial":false,"path_per_floor":["M","?","$","M","?","E","?","?","T","?","E","?","?","M","R","B",null,"M","?","?","$","M","R","M","R","T","?"],"character_chosen":"IRONCLAD","items_purchased":["Vajra"],"campfire_rested":2,"item_purchase_floors":[21],"current_hp_per_floor":[80,80,80,80,73,79,76,76,76,76,41,41,34,15,39,19,80,68,40,40,40,26,38,14,14,14,0],"gold":353,"neow_bonus":"THREE_ENEMY_KILL","is_prod":false,"is_daily":false,"chose_seed":true,"campfire_upgraded":1,"win_rate":0,"timestamp":1568694164,"path_taken":["M","?","$","M","?","E","?","?","T","?","E","?","?","M","R","BOSS","M","?","?","$","M","R","M","R","T","?"],"build_version":"2019-07-17","purchased_purges":1,"victory":false,"max_hp_per_floor":[80,80,80,80,80,80,80,80,80,80,80,80,80,80,80,80,80,80,40,40,40,40,40,40,40,40,40],"card_choices":[{"not_picked":["Clash","Hemokinesis"],"picked":"Inflame","floor":1},{"not_picked":["Heavy Blade","Corruption"],"picked":"Spot Weakness","floor":4},{"not_picked":["Hemokinesis","Clash"],"picked":"Sword Boomerang","floor":6},{"not_picked":["Twin Strike","Corruption"],"picked":"Metallicize","floor":11},{"not_picked":["Pommel Strike","Spot Weakness"],"picked":"Barricade","floor":13},{"not_picked":["Sword Boomerang","Warcry"],"picked":"Burning Pact","floor":14},{"not_picked":["Brutality","Dark Embrace"],"picked":"Feed","floor":16},{"not_picked":["Ghostly Armor","Wild Strike"],"picked":"Anger","floor":18},{"not_picked":["Headbutt","Pommel Strike+1"],"picked":"Shrug It Off+1","floor":22},{"not_picked":["Offering","Cleave"],"picked":"Armaments","floor":24}],"player_experience":240599,"relics_obtained":[{"floor":6,"key":"Juzu Bracelet"},{"floor":9,"key":"Omamori"},{"floor":11,"key":"Bag of Marbles"},{"floor":13,"key":"Pen Nib"},{"floor":26,"key":"Paper Frog"}],"event_choices":[{"damage_healed":0,"gold_gain":0,"player_choice":"Box","damage_taken":0,"relics_obtained":["Gremlin Horn"],"max_hp_gain":0,"max_hp_loss":0,"event_name":"Big Fish","floor":2,"gold_loss":0,"cards_obtained":["Regret"]},{"cards_removed":["Strike_R"],"damage_healed":0,"gold_gain":0,"player_choice":"Card Removal","damage_taken":7,"max_hp_gain":0,"max_hp_loss":0,"event_name":"Golden Wing","floor":5,"gold_loss":0},{"damage_healed":0,"gold_gain":0,"player_choice":"Success","damage_taken":3,"relics_obtained":["Dead Branch"],"max_hp_gain":0,"max_hp_loss":0,"event_name":"Scrap Ooze","floor":7,"gold_loss":0},{"damage_healed":0,"gold_gain":0,"cards_transformed":["Strike_R"],"player_choice":"Change","damage_taken":0,"max_hp_gain":0,"max_hp_loss":0,"event_name":"Living Wall","floor":8,"gold_loss":0,"cards_obtained":["Berserk"]},{"damage_healed":0,"gold_gain":0,"player_choice":"Take Wound","damage_taken":0,"relics_obtained":["Golden Idol"],"max_hp_gain":0,"max_hp_loss":0,"event_name":"Golden Idol","floor":10,"gold_loss":0,"cards_obtained":["Injury"]},{"damage_healed":0,"gold_gain":0,"player_choice":"Upgraded","damage_taken":0,"max_hp_gain":0,"max_hp_loss":0,"event_name":"Upgrade Shrine","floor":12,"gold_loss":0,"cards_upgraded":["Berserk"]},{"damage_healed":0,"gold_gain":0,"player_choice":"Searched \u00271\u0027 times","damage_taken":0,"max_hp_gain":0,"max_hp_loss":0,"event_name":"Dead Adventurer","floor":13,"gold_loss":0},{"damage_healed":0,"gold_gain":0,"player_choice":"Became a Ghost","damage_taken":0,"max_hp_gain":0,"max_hp_loss":40,"event_name":"Ghosts","floor":19,"gold_loss":0,"cards_obtained":["Ghostly","Ghostly","Ghostly","Ghostly","Ghostly"]},{"damage_healed":0,"gold_gain":0,"player_choice":"Full Heal","damage_taken":0,"max_hp_gain":0,"max_hp_loss":0,"event_name":"Wheel of Change","floor":20,"gold_loss":0},{"damage_healed":0,"gold_gain":0,"player_choice":"Fight","damage_taken":0,"max_hp_gain":0,"max_hp_loss":0,"event_name":"Colosseum","floor":27,"gold_loss":0}],"is_beta":false,"boss_relics":[{"not_picked":["Runic Cube","Tiny House"],"picked":"Lizard Tail"}],"items_purged_floors":[3],"is_endless":false,"potions_floor_spawned":[11,16,18,22],"killed_by":"Colosseum Slavers","ascension_level":2}