{"gold_per_floor":[110,110,110,35,45,45,55,67,67,28,28,28,43,57,57,152,152,168,180,180,197,0,0,16,16,16,16,16,0,11,27,27,27],"floor_reached":33,"playtime":10066,"items_purged":["Pain"],"score":239,"play_id":"5a8639c5-4f85-4b2a-bf27-1e2c6859d386","local_time":"20190912223657","is_ascension_mode":false,"campfire_choices":[{"data":"Flex","floor":6,"key":"SMITH"},{"data":"Spot Weakness","floor":11,"key":"SMITH"},{"floor":15,"key":"REST"},{"data":"Flex","floor":23,"key":"SMITH"},{"floor":28,"key":"REST"},{"floor":32,"key":"REST"}],"neow_cost":"","seed_source_timestamp":0,"circlet_count":0,"master_deck":["Strike_R","Strike_R","Strike_R","Strike_R","Strike_R","Defend_R","Defend_R","Defend_R","Defend_R","Bash","Wild Strike","Flex+1","Spot Weakness+1","Metallicize","Flex+1","Heavy Blade","Immolate","Regret","Writhe","Parasite","Cleave","Iron Wave","Whirlwind","Body Slam","Shame","Battle Trance","Clothesline"],"relics":["Burning Blood","Mummified Hand","Vajra","Calling Bell","Bronze Scales","Pantograph","Incense Burner","OrangePellets","Boot","Matryoshka"],"potions_floor_usage":[16,16,33],"damage_taken":[{"damage":5,"enemies":"Cultist","floor":1,"turns":4},{"damage":6,"enemies":"Jaw Worm","floor":5,"turns":3},{"damage":1,"enemies":"2 Louse","floor":7,"turns":3},{"damage":8,"enemies":"Lots of Slimes","floor":8,"turns":5},{"damage":10,"enemies":"Red Slaver","floor":13,"turns":3},{"damage":26,"enemies":"Exordium Wildlife","floor":14,"turns":7},{"damage":51,"enemies":"The Guardian","floor":16,"turns":8},{"damage":21,"enemies":"Spheric Guardian","floor":18,"turns":4},{"damage":11,"enemies":"Shell Parasite","floor":19,"turns":5},{"damage":13,"enemies":"Chosen and Byrds","floor":21,"turns":5},{"damage":47,"enemies":"Centurion and Healer","floor":24,"turns":7},{"damage":4,"enemies":"3 Cultists","floor":30,"turns":4},{"damage":27,"enemies":"Snecko","floor":31,"turns":6},{"damage":100,"enemies":"Automaton","floor":33,"turns":6}],"seed_played":"486995927817605979","potions_obtained":[{"floor":5,"key":"FearPotion"},{"floor":13,"key":"AttackPotion"},{"floor":18,"key":"SteroidPotion"},{"floor":24,"key":"Regen Potion"},{"floor":31,"key":"Poison Potion"}],"is_trial":true,"path_per_floor":["M","?","?","$","M","R","M","M","T","$","R","$","M","M","R","B",null,"M","M","?","M","$","R","M","$","T","?","R","?","M","M","R","B"],"character_chosen":"IRONCLAD","items_purchased":["Metallicize","OrangePellets"],"campfire_rested":3,"item_purchase_floors":[10,22],"current_hp_per_floor":[80,80,80,80,80,80,80,78,78,78,78,78,74,54,78,33,80,65,60,80,73,73,73,32,32,32,32,56,56,58,37,61,0],"gold":27,"neow_bonus":"","is_prod":false,"is_daily":false,"chose_seed":false,"campfire_upgraded":3,"win_rate":0,"timestamp":1568345817,"path_taken":["M","?","?","$","?","R","?","M","T","$","R","?","M","M","R","BOSS","M","M","?","?","$","R","M","?","T","?","R","?","M","M","R","BOSS"],"build_version":"2019-07-17","purchased_purges":1,"victory":false,"max_hp_per_floor":[80,80,80,80,80,80,80,80,80,80,80,80,80,80,80,80,80,80,80,80,80,80,80,80,80,80,80,80,80,80,80,80,80],"card_choices":[{"not_picked":["Fire Breathing","Warcry"],"picked":"Wild Strike","floor":1},{"not_picked":["Dropkick","Havoc"],"picked":"Flex","floor":5},{"not_picked":["Uppercut","Bloodletting"],"picked":"Second Wind","floor":7},{"not_picked":["Iron Wave","Feel No Pain"],"picked":"Spot Weakness","floor":8},{"not_picked":["True Grit","Twin Strike"],"picked":"Flex","floor":13},{"not_picked":["Pommel Strike","Twin Strike"],"picked":"Heavy Blade","floor":14},{"not_picked":["Brutality","Double Tap"],"picked":"Immolate","floor":16},{"not_picked":["Sword Boomerang+1","Clash"],"picked":"Cleave","floor":18},{"not_picked":["Sword Boomerang","Warcry"],"picked":"Iron Wave","floor":19},{"not_picked":["Spot Weakness","Iron Wave"],"picked":"Whirlwind","floor":21},{"not_picked":["Feel No Pain+1","Wild Strike"],"picked":"Body Slam","floor":24},{"not_picked":["Iron Wave","Double Tap"],"picked":"Battle Trance","floor":30},{"not_picked":["Perfected Strike","Corruption+1"],"picked":"Clothesline","floor":31}],"player_experience":100322,"relics_obtained":[{"floor":9,"key":"Vajra"},{"floor":17,"key":"Bronze Scales"},{"floor":17,"key":"Pantograph"},{"floor":17,"key":"Incense Burner"},{"floor":26,"key":"Boot"}],"event_choices":[{"damage_healed":0,"gold_gain":0,"player_choice":"Box","damage_taken":0,"relics_obtained":["Mummified Hand"],"max_hp_gain":0,"max_hp_loss":0,"event_name":"Big Fish","floor":2,"gold_loss":0,"cards_obtained":["Regret"]},{"damage_healed":0,"gold_gain":0,"cards_transformed":["Regret"],"player_choice":"Transformed","damage_taken":0,"max_hp_gain":0,"max_hp_loss":0,"event_name":"Transmorgrifier","floor":3,"gold_loss":0,"cards_obtained":["Pain"]},{"cards_removed":["Second Wind"],"damage_healed":20,"gold_gain":0,"player_choice":"Offered Uncommon","damage_taken":0,"max_hp_gain":0,"max_hp_loss":0,"event_name":"Bonfire Elementals","floor":20,"gold_loss":0},{"damage_healed":0,"gold_gain":0,"player_choice":"Stole Relic","damage_taken":0,"relics_obtained":["Matryoshka"],"max_hp_gain":0,"max_hp_loss":0,"event_name":"Addict","floor":27,"gold_loss":0,"cards_obtained":["Shame"]},{"damage_healed":0,"gold_gain":0,"player_choice":"Paid Fearfully","damage_taken":0,"max_hp_gain":0,"max_hp_loss":0,"event_name":"Masked Bandits","floor":29,"gold_loss":16}],"is_beta":false,"boss_relics":[{"not_picked":["Runic Dome","Mark of Pain"],"picked":"Calling Bell"}],"items_purged_floors":[4],"is_endless":false,"potions_floor_spawned":[5,13,18,24,31],"killed_by":"Automaton","ascension_level":0}