{"gold_per_floor":[110,125,125,16,16,16,29,115,115,127,53,53,86,118,130,237,249,278,309,341,353,377,389,401],"floor_reached":24,"playtime":1029,"items_purged":["Strike_R"],"score":208,"play_id":"af871960-55b3-4ce1-90a7-5e9bc0395c1c","local_time":"20190916193448","is_ascension_mode":true,"campfire_choices":[{"floor":6.0,"key":"DIG"},{"data":"Demon Form","floor":12.0,"key":"SMITH"},{"data":"Seeing Red","floor":15.0,"key":"SMITH"},{"floor":23.0,"key":"DIG"}],"neow_cost":"CURSE","seed_source_timestamp":108548083374300,"circlet_count":0,"master_deck":["Strike_R","Strike_R","Strike_R","Strike_R","Defend_R","Defend_R","Defend_R","Defend_R","Bash","Inflame","Shockwave+1","Disarm","Carnage","Dropkick","Havoc","Demon Form+1","Evolve","Seeing Red+1","Feed","Dual Wield","Seeing Red+1"],"special_seed":0,"relics":["Burning Blood","Shovel","Art of War","Tiny Chest","Oddly Smooth Stone","MawBank","Sozu","Strawberry"],"potions_floor_usage":[24],"damage_taken":[{"damage":3.0,"enemies":"2 Louse","floor":1.0,"turns":3.0},{"damage":6.0,"enemies":"Jaw Worm","floor":2.0,"turns":4.0},{"damage":3.0,"enemies":"Cultist","floor":7.0,"turns":3.0},{"damage":7.0,"enemies":"Gremlin Nob","floor":8.0,"turns":4.0},{"damage":12.0,"enemies":"Blue Slaver","floor":10.0,"turns":4.0},{"damage":18.0,"enemies":"Lagavulin","floor":13.0,"turns":5.0},{"damage":0.0,"enemies":"2 Fungi Beasts","floor":14.0,"turns":4.0},{"damage":20.0,"enemies":"Hexaghost","floor":16.0,"turns":8.0},{"damage":10.0,"enemies":"3 Byrds","floor":18.0,"turns":6.0},{"damage":14.0,"enemies":"Shell Parasite","floor":19.0,"turns":5.0},{"damage":14.0,"enemies":"Cultist and Chosen","floor":20.0,"turns":5.0},{"damage":30.0,"enemies":"Snake Plant","floor":22.0,"turns":3.0},{"damage":52,"enemies":"Gremlin Leader","floor":24,"turns":4}],"seed_played":"6404683631060069454","potions_obtained":[{"floor":2.0,"key":"EssenceOfSteel"},{"floor":7.0,"key":"Dexterity Potion"},{"floor":10.0,"key":"Strength Potion"}],"is_trial":false,"path_per_floor":["M","M","?","$","?","R","M","?","T","M","$","R","E","M","R","B",null,"M","M","M","?","M","R","E"],"character_chosen":"IRONCLAD","items_purchased":["Disarm","Demon Form"],"campfire_rested":0,"item_purchase_floors":[4,11],"current_hp_per_floor":[80,80,73,73,73,73,76,75,75,69,69,69,57,63,63,49,80,79,71,66,66,42,49,0],"gold":401,"neow_bonus":"ONE_RARE_RELIC","is_prod":false,"is_daily":false,"chose_seed":false,"campfire_upgraded":2,"win_rate":0,"timestamp":1568687688,"path_taken":["M","M","?","$","?","R","?","?","T","M","$","R","E","M","R","BOSS","M","M","M","?","?","R","E"],"build_version":"2019-07-17","purchased_purges":1,"victory":false,"max_hp_per_floor":[80,80,80,80,80,80,80,80,80,80,80,80,80,80,80,80,80,83,83,86,86,86,93,93],"card_choices":[{"not_picked":["Havoc","Carnage"],"picked":"Inflame","floor":1.0},{"not_picked":["Iron Wave","Carnage"],"picked":"Shockwave","floor":2.0},{"not_picked":["Sever Soul","Pommel Strike"],"picked":"Carnage","floor":7.0},{"not_picked":["Thunderclap","Inflame"],"picked":"Dropkick","floor":8.0},{"not_picked":["Sword Boomerang","Body Slam"],"picked":"Havoc","floor":10.0},{"not_picked":["Twin Strike","Anger"],"picked":"Evolve","floor":13.0},{"not_picked":["Searing Blow","Dropkick"],"picked":"Seeing Red","floor":14.0},{"not_picked":["Offering","Berserk"],"picked":"Feed","floor":16.0},{"not_picked":["Headbutt","Anger"],"picked":"Dual Wield","floor":18.0},{"not_picked":["Sword Boomerang","Body Slam+1","Clothesline"],"picked":"SKIP","floor":19.0},{"not_picked":["Perfected Strike","Clothesline+1","Flex"],"picked":"SKIP","floor":20.0},{"not_picked":["Clothesline","Burning Pact","Twin Strike"],"picked":"SKIP","floor":22.0}],"player_experience":615470,"relics_obtained":[{"floor":6.0,"key":"Art of War"},{"floor":8.0,"key":"Tiny Chest"},{"floor":9.0,"key":"Oddly Smooth Stone"},{"floor":13.0,"key":"MawBank"},{"floor":23.0,"key":"Strawberry"}],"event_choices":[{"cards_removed":["Doubt"],"damage_healed":0.0,"max_hp_gain":0.0,"max_hp_loss":0.0,"gold_gain":0.0,"event_name":"Golden Wing","player_choice":"Card Removal","floor":3.0,"gold_loss":0.0,"damage_taken":7.0},{"damage_healed":0.0,"max_hp_gain":0.0,"max_hp_loss":0.0,"gold_gain":0.0,"event_name":"Accursed Blacksmith","player_choice":"Forge","floor":5.0,"gold_loss":0.0,"damage_taken":0.0,"cards_upgraded":["Shockwave"]},{"damage_healed":0.0,"max_hp_gain":0.0,"max_hp_loss":0.0,"gold_gain":0.0,"event_name":"Dead Adventurer","player_choice":"Searched \u00271\u0027 times","floor":8.0,"gold_loss":0.0,"damage_taken":0.0},{"damage_healed":0.0,"max_hp_gain":0.0,"max_hp_loss":0.0,"gold_gain":0.0,"event_name":"Duplicator","player_choice":"Copied","floor":21.0,"gold_loss":0.0,"damage_taken":0.0,"cards_obtained":["Seeing Red"]}],"is_beta":false,"boss_relics":[{"not_picked":["Cursed Key","Runic Dome"],"picked":"Sozu"}],"items_purged_floors":[4],"is_endless":false,"potions_floor_spawned":[2,7,10,14,18,20,22],"killed_by":"Gremlin Leader","ascension_level":1}