{"gold_per_floor":[115,115,139,139,139,173,173,173,245,268,268,268,286,142,142,142],"floor_reached":16,"playtime":634,"items_purged":[],"score":98,"play_id":"4b61fafc-28e2-4f3c-aa58-17ff6f3f3690","local_time":"20190505204459","is_ascension_mode":false,"campfire_choices":[{"floor":8,"key":"REST"},{"floor":15,"key":"REST"}],"neow_cost":"NONE","seed_source_timestamp":707442309234293,"circlet_count":0,"master_deck":["Defend_G","Defend_G","Defend_G","Defend_G","Defend_G","Strike_G","Strike_G","Strike_G","Strike_G","Survivor","Neutralize+1","Acrobatics"],"relics":["Ring of the Snake","Golden Idol","Calipers","Lantern","Ninja Scroll","Frozen Egg 2","Pen Nib"],"potions_floor_usage":[],"damage_taken":[{"damage":4,"enemies":"Cultist","floor":1,"turns":5},{"damage":0,"enemies":"Small Slimes","floor":3,"turns":3},{"damage":41,"enemies":"3 Sentries","floor":6,"turns":17},{"damage":0,"enemies":"2 Louse","floor":10,"turns":2},{"damage":0,"enemies":"2 Fungi Beasts","floor":13,"turns":5},{"damage":53,"enemies":"Hexaghost","floor":16,"turns":14}],"seed_played":"-7038457658993787888","potions_obtained":[{"floor":6,"key":"SteroidPotion"},{"floor":10,"key":"AttackPotion"},{"floor":13,"key":"FearPotion"}],"is_trial":false,"path_per_floor":["M","?","M","?","?","E","T","R","T","M","?","?","M","$","R","B"],"character_chosen":"THE_SILENT","items_purchased":["Pen Nib"],"campfire_rested":2,"item_purchase_floors":[14],"current_hp_per_floor":[73,71,71,59,52,11,11,32,32,32,32,32,32,32,53,0],"gold":142,"neow_bonus":"TEN_PERCENT_HP_BONUS","is_prod":false,"is_daily":false,"chose_seed":false,"campfire_upgraded":0,"win_rate":0.0,"timestamp":1557053099,"path_taken":["M","?","M","?","?","E","?","R","T","M","?","?","?","?","R","BOSS"],"build_version":"2019-01-23","purchased_purges":0,"victory":false,"max_hp_per_floor":[77,71,71,71,71,71,71,71,71,71,71,71,71,71,71,71],"card_choices":[{"not_picked":["Dagger Spray","Calculated Gamble","Flying Knee"],"picked":"SKIP","floor":1},{"not_picked":["Leg Sweep","Quick Slash"],"picked":"Acrobatics","floor":3},{"not_picked":["Envenom","Choke","Crippling Poison"],"picked":"SKIP","floor":6},{"not_picked":["Reflex","Bouncing Flask","Expertise"],"picked":"SKIP","floor":10},{"not_picked":["Dodge and Roll","Underhanded Strike","Cloak And Dagger"],"picked":"SKIP","floor":13}],"player_experience":218412,"relics_obtained":[{"floor":6,"key":"Lantern"},{"floor":7,"key":"Ninja Scroll"},{"floor":9,"key":"Frozen Egg 2"}],"event_choices":[{"damage_healed":0,"gold_gain":0,"player_choice":"Lose Max HP","damage_taken":0,"relics_obtained":["Golden Idol"],"max_hp_gain":0,"max_hp_loss":6,"event_name":"Golden Idol","floor":2,"gold_loss":0},{"damage_healed":0,"gold_gain":0,"player_choice":"Success","damage_taken":12,"relics_obtained":["Calipers"],"max_hp_gain":0,"max_hp_loss":0,"event_name":"Scrap Ooze","floor":4,"gold_loss":0},{"cards_removed":["Strike_G"],"damage_healed":0,"gold_gain":0,"player_choice":"Card Removal","damage_taken":7,"max_hp_gain":0,"max_hp_loss":0,"event_name":"Golden Wing","floor":5,"gold_loss":0},{"damage_healed":0,"gold_gain":0,"player_choice":"Searched \u00270\u0027 times","damage_taken":0,"max_hp_gain":0,"max_hp_loss":0,"event_name":"Dead Adventurer","floor":11,"gold_loss":0},{"damage_healed":0,"gold_gain":0,"player_choice":"Upgraded","damage_taken":0,"max_hp_gain":0,"max_hp_loss":0,"event_name":"Upgrade Shrine","floor":12,"gold_loss":0,"cards_upgraded":["Neutralize"]}],"is_beta":false,"boss_relics":[],"items_purged_floors":[],"is_endless":false,"potions_floor_spawned":[6,10,13],"killed_by":"Hexaghost","ascension_level":0}