{"gold_per_floor":[110,130,205,225,225,225,225,225,225,245,215,215,229,249,249,345,345,356,369,379,398,47,47,65,65,65,106,136,73,85,117,129,141],"floor_reached":33,"playtime":10885,"items_purged":[],"score":286,"play_id":"de7c4087-7484-4ef9-a4a7-9d083b8d8371","local_time":"20190909145446","is_ascension_mode":false,"campfire_choices":[{"floor":6,"key":"REST"},{"floor":8,"key":"REST"},{"floor":15,"key":"REST"},{"floor":23,"key":"REST"},{"floor":32,"key":"REST"}],"neow_cost":"NONE","seed_source_timestamp":407429707082000,"circlet_count":0,"master_deck":["Strike_G","Strike_G","Defend_G","Defend_G","Defend_G","Defend_G","Defend_G","Survivor","Neutralize","Terror","Bouncing Flask","Infinite Blades","Escape Plan","Blade Dance","Venomology","Backstab","Phantasmal Killer","Calculated Gamble","Dagger Spray","Eviscerate","Acrobatics+1","Apotheosis","Bullet Time","Quick Slash","Blur","Phantasmal Killer","Distraction","Writhe","Eviscerate"],"relics":["Ring of the Snake","Sundial","Fusion Hammer","MutagenicStrength","MawBank","Regal Pillow","Mango"],"potions_floor_usage":[14,16,16,16,18,20,20,21,24,27,27,27,33,33,33,33],"damage_taken":[{"damage":0,"enemies":"Small Slimes","floor":1,"turns":6},{"damage":7,"enemies":"Cultist","floor":2,"turns":5},{"damage":6,"enemies":"Jaw Worm","floor":4,"turns":4},{"damage":5,"enemies":"3 Louse","floor":10,"turns":5},{"damage":0,"enemies":"Looter","floor":11,"turns":4},{"damage":19,"enemies":"Exordium Wildlife","floor":13,"turns":4},{"damage":16,"enemies":"Large Slime","floor":14,"turns":6},{"damage":48,"enemies":"Slime Boss","floor":16,"turns":20},{"damage":12,"enemies":"Shell Parasite","floor":18,"turns":7},{"damage":28,"enemies":"3 Byrds","floor":19,"turns":8},{"damage":11,"enemies":"Snake Plant","floor":20,"turns":5},{"damage":2,"enemies":"Chosen and Byrds","floor":21,"turns":6},{"damage":32,"enemies":"Sentry and Sphere","floor":24,"turns":7},{"damage":12,"enemies":"Gremlin Leader","floor":27,"turns":7},{"damage":14,"enemies":"Centurion and Healer","floor":28,"turns":5},{"damage":2,"enemies":"3 Cultists","floor":31,"turns":6},{"damage":71,"enemies":"Champ","floor":33,"turns":10}],"seed_played":"-2632240081680941773","potions_obtained":[{"floor":4,"key":"Fire Potion"},{"floor":10,"key":"SmokeBomb"},{"floor":13,"key":"Dexterity Potion"},{"floor":14,"key":"EssenceOfSteel"},{"floor":19,"key":"Fire Potion"},{"floor":20,"key":"Dexterity Potion"},{"floor":28,"key":"LiquidBronze"}],"is_trial":false,"path_per_floor":["M","M","?","M","?","R","?","R","T","M","M","?","M","M","R","B",null,"M","M","M","M","$","R","M","?","T","E","M","?","?","M","R","B"],"character_chosen":"THE_SILENT","items_purchased":["Apotheosis","Bullet Time","Quick Slash"],"campfire_rested":5,"item_purchase_floors":[22,22,22],"current_hp_per_floor":[77,70,59,53,46,69,69,77,77,72,72,72,53,37,60,12,77,65,37,26,24,24,47,15,15,15,3,7,7,21,19,61,0],"gold":141,"neow_bonus":"TEN_PERCENT_HP_BONUS","is_prod":false,"is_daily":false,"chose_seed":false,"campfire_upgraded":0,"win_rate":0.0,"timestamp":1568058886,"path_taken":["M","M","?","M","?","R","?","R","T","M","M","?","M","?","R","BOSS","M","?","M","M","$","R","?","?","T","E","M","?","?","M","R","BOSS"],"build_version":"2019-07-17","purchased_purges":0,"victory":false,"max_hp_per_floor":[77,77,77,77,77,77,77,77,77,77,77,77,77,77,77,77,77,77,77,77,77,77,77,77,77,77,77,77,77,91,91,91,91],"card_choices":[{"not_picked":["Underhanded Strike","Prepared"],"picked":"Terror","floor":1},{"not_picked":["Outmaneuver","Acrobatics"],"picked":"Bouncing Flask","floor":2},{"not_picked":["Noxious Fumes","Riddle With Holes"],"picked":"Infinite Blades","floor":4},{"not_picked":["Dodge and Roll","Blade Dance"],"picked":"Escape Plan","floor":10},{"not_picked":["Blade Dance","Dagger Throw","Dagger Spray"],"picked":"SKIP","floor":11},{"not_picked":["Dagger Throw","Dagger Spray"],"picked":"Blade Dance","floor":11},{"not_picked":["Deflect","Choke"],"picked":"Venomology","floor":13},{"not_picked":["Blade Dance","Flechettes"],"picked":"Backstab","floor":14},{"not_picked":["Bullet Time","A Thousand Cuts"],"picked":"Phantasmal Killer","floor":16},{"not_picked":["Dagger Spray+1","Poisoned Stab"],"picked":"Calculated Gamble","floor":18},{"not_picked":["Sucker Punch","Quick Slash"],"picked":"Dagger Spray","floor":19},{"not_picked":["Blade Dance","Underhanded Strike"],"picked":"Eviscerate","floor":20},{"not_picked":["Distraction","Deadly Poison"],"picked":"Acrobatics+1","floor":21},{"not_picked":["Choke","Heel Hook"],"picked":"Blur","floor":24},{"not_picked":["Caltrops","Dash"],"picked":"Phantasmal Killer","floor":27},{"not_picked":["Prepared","Dodge and Roll"],"picked":"Distraction","floor":28},{"not_picked":["Acrobatics","Dodge and Roll"],"picked":"Eviscerate","floor":31}],"player_experience":14724,"relics_obtained":[{"floor":9,"key":"Sundial"},{"floor":26,"key":"MawBank"},{"floor":27,"key":"Regal Pillow"}],"event_choices":[{"damage_healed":0,"gold_gain":75,"player_choice":"Gather Gold","damage_taken":11,"max_hp_gain":0,"max_hp_loss":0,"event_name":"World of Goop","floor":3,"gold_loss":0},{"cards_removed":["Strike_G"],"damage_healed":0,"gold_gain":0,"player_choice":"Card Removal","damage_taken":7,"max_hp_gain":0,"max_hp_loss":0,"event_name":"Golden Wing","floor":5,"gold_loss":0},{"damage_healed":0,"gold_gain":0,"player_choice":"Ignored","damage_taken":0,"max_hp_gain":0,"max_hp_loss":0,"event_name":"Liars Game","floor":7,"gold_loss":0},{"cards_removed":["Strike_G"],"damage_healed":0,"gold_gain":0,"player_choice":"Card Removal","damage_taken":0,"max_hp_gain":0,"max_hp_loss":0,"event_name":"Wheel of Change","floor":12,"gold_loss":0},{"damage_healed":0,"gold_gain":0,"player_choice":"Inject Mutagens","damage_taken":0,"relics_obtained":["MutagenicStrength"],"max_hp_gain":0,"max_hp_loss":0,"event_name":"Drug Dealer","floor":25,"gold_loss":0},{"cards_removed":["Strike_G"],"damage_healed":0,"gold_gain":0,"player_choice":"Gave Gold","damage_taken":0,"max_hp_gain":0,"max_hp_loss":0,"event_name":"Beggar","floor":29,"gold_loss":75},{"damage_healed":0,"gold_gain":0,"player_choice":"Opened","damage_taken":0,"relics_obtained":["Mango"],"max_hp_gain":0,"max_hp_loss":0,"event_name":"The Mausoleum","floor":30,"gold_loss":0,"cards_obtained":["Writhe"]}],"is_beta":false,"boss_relics":[{"not_picked":["Eternal Feather","White Beast Statue"],"picked":"Fusion Hammer"}],"items_purged_floors":[],"is_endless":false,"potions_floor_spawned":[4,10,13,14,19,20,24,28],"killed_by":"Champ","ascension_level":0}