{"gold_per_floor":[114,114,127,57,57,57,57,70,93,93,93,53,87,112,112,233,233,258,30,50,50,11,11,11],"floor_reached":24,"playtime":6057,"items_purged":[],"score":277,"play_id":"ac5980ef-6a2f-442b-a971-2480571ebb2f","local_time":"20190912123536","is_ascension_mode":true,"campfire_choices":[{"data":"Rupture","floor":6,"key":"SMITH"},{"floor":10,"key":"REST"},{"floor":15,"key":"REST"},{"floor":23,"key":"REST"}],"neow_cost":"CURSE","seed_source_timestamp":663125174975000,"circlet_count":0,"master_deck":["Strike_R","Strike_R","Defend_R","Defend_R","Defend_R","Defend_R","Bash","Anger","Flex","Rupture+1","Flex","Flex","Power Through","Reaper","Burning Pact+1","Metallicize+1","Pummel+1","Flex","Armaments+1","Power Through","Carnage"],"relics":["Burning Blood","Golden Idol","Boot","Pear","Astrolabe","Chemical X"],"potions_floor_usage":[16,16,16],"damage_taken":[{"damage":3,"enemies":"Small Slimes","floor":1,"turns":4},{"damage":3,"enemies":"2 Louse","floor":3,"turns":3},{"damage":4,"enemies":"Cultist","floor":8,"turns":4},{"damage":41,"enemies":"Lagavulin","floor":13,"turns":7},{"damage":24,"enemies":"Lots of Slimes","floor":14,"turns":6},{"damage":82,"enemies":"Slime Boss","floor":16,"turns":17},{"damage":22,"enemies":"Shell Parasite","floor":18,"turns":9},{"damage":31,"enemies":"3 Byrds","floor":20,"turns":11},{"damage":119,"enemies":"Gremlin Leader","floor":24,"turns":8}],"seed_played":"2358312753580788454","potions_obtained":[{"floor":3,"key":"Ancient Potion"},{"floor":12,"key":"Poison Potion"},{"floor":12,"key":"LiquidBronze"},{"floor":12,"key":"Dexterity Potion"},{"floor":16,"key":"Dexterity Potion"},{"floor":18,"key":"Ancient Potion"}],"is_trial":false,"path_per_floor":["M","?","M","$","?","R","?","M","T","R","$","?","E","M","R","B",null,"M","$","M","?","$","R","E"],"character_chosen":"IRONCLAD","items_purchased":["Rupture","Chemical X","Armaments","Carnage"],"campfire_rested":3,"item_purchase_floors":[4,19,19,22],"current_hp_per_floor":[96,101,101,101,76,76,69,71,71,101,101,101,76,58,91,15,111,95,95,75,75,75,108,0],"gold":11,"neow_bonus":"TWENTY_PERCENT_HP_BONUS","is_prod":false,"is_daily":false,"chose_seed":false,"campfire_upgraded":1,"win_rate":0,"timestamp":1568309736,"path_taken":["M","?","M","$","?","R","?","M","T","R","$","?","E","M","R","BOSS","M","$","M","?","$","R","E"],"build_version":"2019-07-17","purchased_purges":0,"victory":false,"max_hp_per_floor":[96,101,101,101,101,101,101,101,101,101,101,101,111,111,111,111,111,111,111,111,111,111,111,111],"card_choices":[{"not_picked":["Ghostly Armor","Cleave"],"picked":"Anger","floor":1},{"not_picked":["Sword Boomerang","Wild Strike"],"picked":"Flex","floor":3},{"not_picked":["Battle Trance","Reaper"],"picked":"Flex","floor":8},{"not_picked":["Juggernaut","Thunderclap"],"picked":"Flex","floor":13},{"not_picked":["Clash","Pummel"],"picked":"Power Through","floor":14},{"not_picked":["Dark Embrace","Barricade"],"picked":"Reaper","floor":16},{"not_picked":["Body Slam","Blood for Blood+1"],"picked":"Flex","floor":18},{"not_picked":["Warcry","Clash"],"picked":"Power Through","floor":20}],"player_experience":84534,"relics_obtained":[{"floor":9,"key":"Boot"},{"floor":13,"key":"Pear"}],"event_choices":[{"damage_healed":0,"gold_gain":0,"player_choice":"Donut","damage_taken":0,"max_hp_gain":5,"max_hp_loss":0,"event_name":"Big Fish","floor":2,"gold_loss":0},{"damage_healed":0,"gold_gain":0,"player_choice":"Take Damage","damage_taken":25,"relics_obtained":["Golden Idol"],"max_hp_gain":0,"max_hp_loss":0,"event_name":"Golden Idol","floor":5,"gold_loss":0},{"cards_removed":["Regret"],"damage_healed":0,"gold_gain":0,"player_choice":"Card Removal","damage_taken":7,"max_hp_gain":0,"max_hp_loss":0,"event_name":"Golden Wing","floor":7,"gold_loss":0},{"damage_healed":0,"gold_gain":0,"player_choice":"Bought 3 Potions","damage_taken":0,"max_hp_gain":0,"max_hp_loss":0,"event_name":"The Woman in Blue","floor":12,"gold_loss":0},{"damage_healed":0,"gold_gain":0,"player_choice":"Forge","damage_taken":0,"max_hp_gain":0,"max_hp_loss":0,"event_name":"Accursed Blacksmith","floor":21,"gold_loss":0,"cards_upgraded":["Armaments"]}],"is_beta":false,"boss_relics":[{"not_picked":["Runic Dome","Orrery"],"picked":"Astrolabe"}],"items_purged_floors":[],"is_endless":false,"potions_floor_spawned":[3,14,16,18],"killed_by":"Gremlin Leader","ascension_level":1}