{"gold_per_floor":[118,134,134,153,173,173,207,222,222,222,222,2,2,32,32,32],"floor_reached":16,"playtime":1012,"items_purged":["Strike_B"],"score":216,"play_id":"4bb6da4d-f0f0-43f1-92dc-ac443068ae47","local_time":"20190913193218","is_ascension_mode":true,"campfire_choices":[{"data":"Buffer","floor":6.0,"key":"SMITH"},{"floor":11,"key":"REST"},{"data":"Biased Cognition","floor":15,"key":"SMITH"}],"neow_cost":"NONE","seed_source_timestamp":0,"circlet_count":0,"master_deck":["Strike_B","Strike_B+1","Strike_B","Defend_B","Defend_B","Defend_B","Defend_B","Zap","Dualcast","Sweeping Beam","Cold Snap","Coolheaded","Buffer+1","Steam","BootSequence","Darkness","Decay","Hologram","Conserve Battery","Biased Cognition+1","Go for the Eyes+1"],"special_seed":0,"relics":["Orrery","PreservedInsect","Meat on the Bone","Molten Egg 2","Juzu Bracelet","Toxic Egg 2","Whetstone"],"potions_floor_usage":[8],"damage_taken":[{"damage":1.0,"enemies":"2 Louse","floor":1.0,"turns":2.0},{"damage":0.0,"enemies":"Cultist","floor":2.0,"turns":5.0},{"damage":0.0,"enemies":"Small Slimes","floor":4.0,"turns":5.0},{"damage":5.0,"enemies":"Exordium Thugs","floor":5.0,"turns":5.0},{"damage":0.0,"enemies":"Gremlin Nob","floor":7.0,"turns":4.0},{"damage":32,"enemies":"Gremlin Gang","floor":8,"turns":7},{"damage":0,"enemies":"3 Sentries","floor":14,"turns":8},{"damage":71,"enemies":"The Guardian","floor":16,"turns":13}],"seed_played":"-1639585311820711790","potions_obtained":[{"floor":2.0,"key":"Swift Potion"},{"floor":4.0,"key":"FearPotion"},{"floor":14,"key":"EssenceOfSteel"}],"is_trial":false,"path_per_floor":["M","M","?","M","M","R","E","M","T","?","R","$","T","E","R","B"],"character_chosen":"DEFECT","items_purchased":["Juzu Bracelet"],"campfire_rested":1,"item_purchase_floors":[12],"current_hp_per_floor":[67,67,67,67,62,62,62,30,30,23,45,45,45,45,45,0],"gold":32,"neow_bonus":"BOSS_RELIC","is_prod":false,"is_daily":false,"chose_seed":false,"campfire_upgraded":2,"win_rate":0,"timestamp":1568367138,"path_taken":["M","M","?","?","M","R","E","M","T","?","R","$","?","E","R","BOSS"],"build_version":"2019-07-17","purchased_purges":1,"victory":false,"max_hp_per_floor":[75,75,75,75,75,75,75,75,75,75,75,75,75,75,75,75],"card_choices":[{"not_picked":["Ball Lightning","Turbo"],"picked":"Sweeping Beam","floor":0.0},{"not_picked":["Coolheaded","Compile Driver"],"picked":"Cold Snap","floor":0.0},{"not_picked":["Turbo","Skim"],"picked":"Coolheaded","floor":0.0},{"not_picked":["Go for the Eyes","Consume"],"picked":"Buffer","floor":0.0},{"not_picked":["Turbo","Redo"],"picked":"Steam","floor":0.0},{"not_picked":["Aggregate","Hologram"],"picked":"BootSequence","floor":1.0},{"not_picked":["Stack","Aggregate"],"picked":"Darkness","floor":2.0},{"not_picked":["Stack","Redo"],"picked":"Hologram","floor":4.0},{"not_picked":["Coolheaded","Ball Lightning"],"picked":"Conserve Battery","floor":5.0},{"not_picked":["Blizzard","Hologram"],"picked":"Biased Cognition","floor":7.0},{"not_picked":["Ball Lightning","Auto Shields"],"picked":"Go for the Eyes","floor":8},{"not_picked":["Steam+1","Redo+1","Darkness+1"],"picked":"SKIP","floor":14}],"player_experience":653070,"relics_obtained":[{"floor":7.0,"key":"PreservedInsect"},{"floor":9,"key":"Meat on the Bone"},{"floor":13,"key":"Toxic Egg 2"},{"floor":14,"key":"Whetstone"}],"event_choices":[{"damage_healed":0.0,"max_hp_gain":0.0,"max_hp_loss":0.0,"gold_gain":0.0,"event_name":"Wheel of Change","player_choice":"Cursed","floor":3.0,"gold_loss":0.0,"damage_taken":0.0,"cards_obtained":["Decay"]},{"damage_healed":0,"gold_gain":0,"player_choice":"Success","damage_taken":7,"relics_obtained":["Molten Egg 2"],"max_hp_gain":0,"max_hp_loss":0,"event_name":"Scrap Ooze","floor":10,"gold_loss":0}],"is_beta":false,"boss_relics":[],"items_purged_floors":[12],"is_endless":false,"potions_floor_spawned":[2,4,14],"killed_by":"The Guardian","ascension_level":7}