{"gold_per_floor":[109,109,109,178,203,203,239,239,262,35,0,16,51,75,75,199,199,214,314,337,350,350,350,366,400,400,415,428,428,328,346,346,346],"floor_reached":33,"playtime":5217,"items_purged":["Writhe","Strike_R"],"score":317,"play_id":"2ece9d2d-be11-457f-823f-1a15e0cad224","local_time":"20190911051408","is_ascension_mode":true,"campfire_choices":[{"floor":6,"key":"REST"},{"floor":8,"key":"REST"},{"floor":15,"key":"REST"},{"floor":23,"key":"REST"},{"floor":29,"key":"REST"},{"floor":32,"key":"REST"}],"neow_cost":"CURSE","seed_source_timestamp":551083200942900,"circlet_count":0,"master_deck":["Strike_R","Strike_R","Defend_R","Defend_R","Defend_R","Defend_R","Bash","Carnage","Infernal Blade","Twin Strike","Thunderclap","Entrench+1","Whirlwind","Blood for Blood","Rupture","Juggernaut","Clothesline","Battle Trance","Warcry+1","Heavy Blade","Shockwave","Bloodletting","Dual Wield","Blood for Blood","Inflame+1","Perfected Strike"],"relics":["Burning Blood","Golden Idol","Happy Flower","Paper Frog","Bag of Preparation","Regal Pillow","Bronze Scales","Bag of Marbles","Fusion Hammer","War Paint","Dream Catcher"],"potions_floor_usage":[7,7,13,16,21,24,25,33],"damage_taken":[{"damage":6,"enemies":"Jaw Worm","floor":1,"turns":2},{"damage":8,"enemies":"Small Slimes","floor":5,"turns":3},{"damage":39,"enemies":"Lagavulin","floor":7,"turns":7},{"damage":1,"enemies":"Cultist","floor":12,"turns":2},{"damage":30,"enemies":"3 Sentries","floor":13,"turns":5},{"damage":0,"enemies":"3 Louse","floor":14,"turns":2},{"damage":38,"enemies":"Slime Boss","floor":16,"turns":8},{"damage":23,"enemies":"3 Byrds","floor":18,"turns":4},{"damage":20,"enemies":"Spheric Guardian","floor":20,"turns":4},{"damage":42,"enemies":"3 Cultists","floor":21,"turns":5},{"damage":19,"enemies":"Chosen and Byrds","floor":24,"turns":5},{"damage":0,"enemies":"Slavers","floor":25,"turns":1},{"damage":27,"enemies":"Snake Plant","floor":27,"turns":3},{"damage":8,"enemies":"Centurion and Healer","floor":28,"turns":6},{"damage":32,"enemies":"Sentry and Sphere","floor":31,"turns":5},{"damage":84,"enemies":"Collector","floor":33,"turns":7}],"seed_played":"-5955928586685945178","potions_obtained":[{"floor":1,"key":"EntropicBrew"},{"floor":7,"key":"GamblersBrew"},{"floor":13,"key":"Dexterity Potion"},{"floor":14,"key":"Explosive Potion"},{"floor":18,"key":"SteroidPotion"},{"floor":20,"key":"Regen Potion"},{"floor":21,"key":"SpeedPotion"}],"is_trial":false,"path_per_floor":["M","?","?","T","M","R","E","R","T","$","?","M","E","M","R","B",null,"M","?","M","M","?","R","M","E","T","M","M","R","$","M","R","B"],"character_chosen":"IRONCLAD","items_purchased":["Bronze Scales"],"campfire_rested":6,"item_purchase_floors":[10],"current_hp_per_floor":[80,80,55,55,53,77,44,68,68,68,80,80,56,62,80,48,80,63,63,49,25,25,64,51,57,57,36,34,73,73,47,80,0],"gold":346,"neow_bonus":"TRANSFORM_TWO_CARDS","is_prod":false,"is_daily":false,"chose_seed":false,"campfire_upgraded":0,"win_rate":0,"timestamp":1568196848,"path_taken":["M","?","?","?","?","R","E","R","T","$","?","M","E","M","R","BOSS","M","?","M","?","?","R","M","E","T","M","?","R","$","M","R","BOSS"],"build_version":"2019-07-17","purchased_purges":2,"victory":false,"max_hp_per_floor":[80,80,80,80,80,80,80,80,80,80,80,80,80,80,80,80,80,80,80,80,80,80,80,80,80,80,80,80,80,80,80,80,80],"card_choices":[{"not_picked":["True Grit","Corruption"],"picked":"Twin Strike","floor":1},{"not_picked":["Sword Boomerang","Metallicize"],"picked":"Thunderclap","floor":5},{"not_picked":["Shockwave","Twin Strike"],"picked":"Entrench","floor":7},{"not_picked":["Ghostly Armor","Twin Strike"],"picked":"Whirlwind","floor":12},{"not_picked":["Second Wind","Twin Strike"],"picked":"Blood for Blood","floor":13},{"not_picked":["Pommel Strike","Ghostly Armor"],"picked":"Rupture","floor":14},{"not_picked":["Dark Embrace","Limit Break"],"picked":"Juggernaut","floor":16},{"not_picked":["Sever Soul+1","Warcry"],"picked":"Clothesline","floor":18},{"not_picked":["Twin Strike","Cleave"],"picked":"Battle Trance","floor":20},{"not_picked":["Clash","Combust"],"picked":"Warcry","floor":21},{"not_picked":["Headbutt","Body Slam"],"picked":"Heavy Blade","floor":24},{"not_picked":["Wild Strike","Shrug It Off"],"picked":"Shockwave","floor":25},{"not_picked":["Second Wind","Flex"],"picked":"Bloodletting","floor":27},{"not_picked":["True Grit","Corruption"],"picked":"Dual Wield","floor":28},{"not_picked":["Pommel Strike","Cleave"],"picked":"Blood for Blood","floor":29},{"not_picked":["Wild Strike","Headbutt"],"picked":"Inflame+1","floor":31},{"not_picked":["Blood for Blood","Armaments"],"picked":"Perfected Strike","floor":32}],"player_experience":63537,"relics_obtained":[{"floor":4,"key":"Paper Frog"},{"floor":7,"key":"Bag of Preparation"},{"floor":9,"key":"Regal Pillow"},{"floor":13,"key":"Bag of Marbles"},{"floor":25,"key":"War Paint"},{"floor":26,"key":"Dream Catcher"}],"event_choices":[{"damage_healed":0,"gold_gain":0,"player_choice":"Take Wound","damage_taken":0,"relics_obtained":["Golden Idol"],"max_hp_gain":0,"max_hp_loss":0,"event_name":"Golden Idol","floor":2,"gold_loss":0,"cards_obtained":["Injury"]},{"damage_healed":0,"gold_gain":0,"player_choice":"Success","damage_taken":25,"relics_obtained":["Happy Flower"],"max_hp_gain":0,"max_hp_loss":0,"event_name":"Scrap Ooze","floor":3,"gold_loss":0},{"damage_healed":20,"gold_gain":0,"player_choice":"Healed","damage_taken":0,"max_hp_gain":0,"max_hp_loss":0,"event_name":"The Cleric","floor":11,"gold_loss":35},{"damage_healed":0,"gold_gain":100,"player_choice":"Pray","damage_taken":0,"max_hp_gain":0,"max_hp_loss":0,"event_name":"Golden Shrine","floor":19,"gold_loss":0},{"cards_removed":["Injury"],"damage_healed":0,"gold_gain":0,"player_choice":"Removed Curses","damage_taken":0,"max_hp_gain":0,"max_hp_loss":0,"event_name":"Fountain of Cleansing","floor":22,"gold_loss":0}],"is_beta":false,"boss_relics":[{"not_picked":["Orrery","White Beast Statue"],"picked":"Fusion Hammer"}],"items_purged_floors":[10,30],"is_endless":false,"potions_floor_spawned":[1,7,13,14,18,20,21],"killed_by":"Collector","ascension_level":1}