{"gold_per_floor":[211,230,152,167,178,4,4,19,88,98,52,81,99,99,99,99],"floor_reached":16,"playtime":1071,"items_purged":["Defend_R"],"score":125,"play_id":"78e4e8da-b438-4653-aa40-853571d66cac","local_time":"20190924220228","is_ascension_mode":true,"campfire_choices":[{"floor":7,"key":"DIG"},{"floor":15,"key":"REST"}],"neow_cost":"NONE","seed_source_timestamp":608353970679400,"circlet_count":0,"master_deck":["Strike_R","Strike_R","Strike_R","Strike_R","Strike_R","Defend_R","Defend_R","Defend_R","Bash","Thunderclap","Body Slam","Iron Wave","Ghostly Armor","Cleave","Shrug It Off","Flex","Reaper"],"relics":["Burning Blood","Shovel","Centennial Puzzle","Mummified Hand","Happy Flower"],"potions_floor_usage":[16,16],"damage_taken":[{"damage":6,"enemies":"2 Louse","floor":1,"turns":3},{"damage":1,"enemies":"Cultist","floor":2,"turns":3},{"damage":8,"enemies":"Jaw Worm","floor":4,"turns":4},{"damage":17,"enemies":"Large Slime","floor":5,"turns":6},{"damage":4,"enemies":"Exordium Wildlife","floor":8,"turns":4},{"damage":5,"enemies":"Red Slaver","floor":10,"turns":3},{"damage":33,"enemies":"Lagavulin","floor":12,"turns":7},{"damage":5,"enemies":"3 Louse","floor":13,"turns":2},{"damage":79,"enemies":"Hexaghost","floor":16,"turns":13}],"seed_played":"-4411361155266764207","potions_obtained":[{"floor":4,"key":"SteroidPotion"},{"floor":5,"key":"Ancient Potion"},{"floor":12,"key":"FearPotion"},{"floor":13,"key":"SpeedPotion"}],"is_trial":false,"path_per_floor":["M","M","?","M","M","$","R","M","T","M","?","E","M","?","R","B"],"character_chosen":"IRONCLAD","items_purchased":["Cleave","Shrug It Off"],"campfire_rested":1,"item_purchase_floors":[6,6],"current_hp_per_floor":[80,80,80,78,67,67,67,69,69,70,70,43,44,44,68,0],"gold":99,"neow_bonus":"HUNDRED_GOLD","is_prod":false,"is_daily":false,"chose_seed":false,"campfire_upgraded":0,"win_rate":0,"timestamp":1569387748,"path_taken":["M","M","?","M","M","$","R","M","T","?","?","E","M","?","R","BOSS"],"build_version":"2019-07-17","purchased_purges":1,"victory":false,"max_hp_per_floor":[80,80,80,80,80,80,80,80,80,80,80,80,80,80,80,80],"card_choices":[{"not_picked":["Havoc","True Grit"],"picked":"Thunderclap","floor":1},{"not_picked":["Pummel","Bloodletting"],"picked":"Body Slam","floor":2},{"not_picked":["Havoc","Shrug It Off"],"picked":"Iron Wave","floor":4},{"not_picked":["Flex","Headbutt"],"picked":"Ghostly Armor","floor":5},{"not_picked":["Anger","Wild Strike","Twin Strike"],"picked":"SKIP","floor":8},{"not_picked":["Heavy Blade","Perfected Strike"],"picked":"Flex","floor":10},{"not_picked":["Heavy Blade","Dual Wield","Rampage"],"picked":"SKIP","floor":12},{"not_picked":["Battle Trance","Seeing Red"],"picked":"Reaper","floor":13}],"player_experience":31326,"relics_obtained":[{"floor":7,"key":"Centennial Puzzle"},{"floor":9,"key":"Mummified Hand"},{"floor":12,"key":"Happy Flower"}],"event_choices":[{"damage_healed":0,"gold_gain":0,"player_choice":"Paid Gold","damage_taken":0,"relics_obtained":["Shovel"],"max_hp_gain":0,"max_hp_loss":0,"event_name":"WeMeetAgain","floor":3,"gold_loss":78},{"damage_healed":0,"gold_gain":0,"player_choice":"Left Gold","damage_taken":0,"max_hp_gain":0,"max_hp_loss":0,"event_name":"World of Goop","floor":11,"gold_loss":46},{"damage_healed":0,"gold_gain":0,"player_choice":"Ignored","damage_taken":0,"max_hp_gain":0,"max_hp_loss":0,"event_name":"Shining Light","floor":14,"gold_loss":0}],"is_beta":false,"boss_relics":[],"items_purged_floors":[6],"is_endless":false,"potions_floor_spawned":[4,5,12,13],"killed_by":"Hexaghost","ascension_level":4}