{"gold_per_floor":[117,131,144,144,144,179,204,204,227,227,246,262,262,277,277,396,396,410,410,480,530,49,49],"floor_reached":23,"playtime":685,"items_purged":[],"score":193,"play_id":"623baa3d-8045-4c5e-8d81-1c15a7ab8cd5","local_time":"20190106232810","is_ascension_mode":false,"campfire_choices":[{"floor":10,"key":"REST"},{"floor":13,"key":"REST"},{"data":"Bash","floor":15,"key":"SMITH"}],"neow_cost":"NONE","seed_source_timestamp":714404809315450,"circlet_count":0,"master_deck":["Strike_R","Strike_R","Strike_R","Strike_R","Strike_R","Defend_R","Defend_R","Defend_R","Bash+1","Cleave","Cleave","Cleave","Inflame"],"relics":["Burning Blood","Bag of Preparation","Golden Idol","Smiling Mask","Bronze Scales","Mark of Pain","SsserpentHead","Sundial","Frozen Eye"],"potions_floor_usage":[6],"damage_taken":[{"damage":0,"enemies":"2 Louse","floor":1,"turns":3},{"damage":2,"enemies":"Small Slimes","floor":2,"turns":5},{"damage":1,"enemies":"Cultist","floor":3,"turns":3},{"damage":27,"enemies":"Gremlin Nob","floor":6,"turns":4},{"damage":8,"enemies":"Blue Slaver","floor":7,"turns":7},{"damage":11,"enemies":"Lots of Slimes","floor":11,"turns":2},{"damage":13,"enemies":"Exordium Thugs","floor":12,"turns":5},{"damage":8,"enemies":"Red Slaver","floor":14,"turns":4},{"damage":70,"enemies":"Slime Boss","floor":16,"turns":10},{"damage":34,"enemies":"Shell Parasite","floor":18,"turns":5},{"damage":25,"enemies":"2 Thieves","floor":20,"turns":4},{"damage":33,"enemies":"Book of Stabbing","floor":23,"turns":4}],"seed_played":"8104654963817030906","potions_obtained":[{"floor":5,"key":"SneckoOil"},{"floor":5,"key":"PowerPotion"},{"floor":5,"key":"SteroidPotion"},{"floor":6,"key":"Swift Potion"}],"is_trial":false,"path_per_floor":["M","M","M","?","?","E","M","$","T","R","M","M","R","M","R","B",null,"M","?","M","?","$","E"],"character_chosen":"IRONCLAD","items_purchased":["Sundial","Inflame","Frozen Eye"],"campfire_rested":2,"item_purchase_floors":[22,22,22],"current_hp_per_floor":[80,80,80,60,60,39,37,37,37,61,56,49,73,71,71,7,80,52,52,33,33,33,0],"gold":49,"neow_bonus":"RANDOM_COMMON_RELIC","is_prod":false,"is_daily":false,"chose_seed":false,"campfire_upgraded":1,"win_rate":0,"timestamp":1546777690,"path_taken":["M","M","M","?","?","E","M","$","T","R","?","M","R","M","R","BOSS","M","?","?","?","?","E"],"build_version":"2019-01-03v4","purchased_purges":0,"victory":false,"max_hp_per_floor":[80,80,80,80,80,80,80,80,80,80,80,80,80,80,80,80,80,80,80,80,80,80,80],"card_choices":[{"not_picked":["Wild Strike","Warcry","Rage"],"picked":"SKIP","floor":1},{"not_picked":["Pommel Strike","Wild Strike","Bloodletting"],"picked":"SKIP","floor":2},{"not_picked":["True Grit","Bloodletting"],"picked":"Cleave","floor":3},{"not_picked":["Wild Strike","Burning Pact","Headbutt"],"picked":"SKIP","floor":6},{"not_picked":["Clash","Uppercut","Bloodletting"],"picked":"SKIP","floor":7},{"not_picked":["Feel No Pain","Flex"],"picked":"Cleave","floor":11},{"not_picked":["Flame Barrier","Berserk"],"picked":"Cleave","floor":12},{"not_picked":["Heavy Blade","Headbutt","Combust"],"picked":"SKIP","floor":14},{"not_picked":["Shrug It Off","Flame Barrier","Rage+1"],"picked":"SKIP","floor":18},{"not_picked":["True Grit","Iron Wave","Hemokinesis"],"picked":"SKIP","floor":20}],"player_experience":201885,"relics_obtained":[{"floor":6,"key":"Smiling Mask"},{"floor":9,"key":"Bronze Scales"}],"event_choices":[{"damage_healed":0,"gold_gain":0,"player_choice":"Take Damage","damage_taken":20,"relics_obtained":["Golden Idol"],"max_hp_gain":0,"max_hp_loss":0,"event_name":"Golden Idol","floor":4,"gold_loss":0},{"damage_healed":0,"gold_gain":0,"player_choice":"Got Potions","damage_taken":0,"max_hp_gain":0,"max_hp_loss":0,"event_name":"Lab","floor":5,"gold_loss":0},{"damage_healed":0,"gold_gain":0,"player_choice":"Trade","damage_taken":0,"relics_obtained":["SsserpentHead"],"max_hp_gain":0,"max_hp_loss":0,"event_name":"FaceTrader","floor":19,"gold_loss":0},{"cards_removed":["Defend_R"],"damage_healed":0,"gold_gain":0,"player_choice":"Offered Basic","damage_taken":0,"max_hp_gain":0,"max_hp_loss":0,"event_name":"Bonfire Elementals","floor":21,"gold_loss":0}],"is_beta":false,"boss_relics":[{"not_picked":["Runic Cube","Coffee Dripper"],"picked":"Mark of Pain"}],"items_purged_floors":[],"is_endless":false,"potions_floor_spawned":[6,7,12,16],"killed_by":"Book of Stabbing","ascension_level":0}