{"gold_per_floor":[213,213,227,180,180,180,211,223,235,271,283,311,355,367],"floor_reached":14,"playtime":895,"items_purged":[],"score":88,"play_id":"8b46bcd6-9dbd-4ad9-8038-03547f39a7e5","local_time":"20190923165940","is_ascension_mode":false,"campfire_choices":[{"floor":6.0,"key":"REST"},{"floor":11.0,"key":"REST"}],"neow_cost":"NONE","seed_source_timestamp":0,"circlet_count":0,"master_deck":["Strike_G","Strike_G","Strike_G","Strike_G","Strike_G","Defend_G","Defend_G","Defend_G","Defend_G","Defend_G","Survivor","Neutralize","Dodge and Roll","Prepared","Prepared","Poisoned Stab","Blur"],"special_seed":0,"relics":["Ring of the Snake","Golden Idol","MawBank","Potion Belt","Paper Crane","Orichalcum"],"potions_floor_usage":[],"damage_taken":[{"damage":0.0,"enemies":"Cultist","floor":1.0,"turns":4.0},{"damage":1.0,"enemies":"Jaw Worm","floor":3.0,"turns":5.0},{"damage":36.0,"enemies":"3 Sentries","floor":7.0,"turns":18.0},{"damage":0.0,"enemies":"Small Slimes","floor":12.0,"turns":3.0},{"damage":8.0,"enemies":"Red Slaver","floor":13.0,"turns":6.0},{"damage":0,"enemies":"Gremlin Gang","floor":14,"turns":3}],"seed_played":"1267862423013141102","potions_obtained":[{"floor":1.0,"key":"FearPotion"},{"floor":12.0,"key":"EssenceOfSteel"}],"is_trial":false,"path_per_floor":["M","?","M","$","?","R","E","?","T","T","R","M","M","M"],"character_chosen":"THE_SILENT","items_purchased":["Prepared"],"campfire_rested":2,"item_purchase_floors":[4],"current_hp_per_floor":[70,70,69,69,52,70,34,22,22,22,43,43,35,35],"gold":367,"neow_bonus":"HUNDRED_GOLD","is_prod":false,"is_daily":false,"chose_seed":false,"campfire_upgraded":0,"win_rate":0.0,"timestamp":1569221980,"path_taken":["M","?","?","$","?","R","E","?","T","?","R","?","M","?"],"build_version":"2019-07-17","purchased_purges":0,"victory":false,"max_hp_per_floor":[70,70,70,70,70,70,70,70,70,70,70,70,70,70],"card_choices":[{"not_picked":["Flechettes","Blade Dance"],"picked":"Dodge and Roll","floor":1.0},{"not_picked":["Flying Knee","Bane"],"picked":"Prepared","floor":3.0},{"not_picked":["Dagger Throw","Dagger Spray"],"picked":"Poisoned Stab","floor":7.0},{"not_picked":["Flying Knee","Sucker Punch","Expertise"],"picked":"SKIP","floor":12.0},{"not_picked":["Underhanded Strike","Flying Knee"],"picked":"Blur","floor":13}],"player_experience":249455,"relics_obtained":[{"floor":7.0,"key":"MawBank"},{"floor":9.0,"key":"Paper Crane"},{"floor":10.0,"key":"Orichalcum"}],"event_choices":[{"damage_healed":0.0,"max_hp_gain":0.0,"max_hp_loss":0.0,"gold_gain":0.0,"event_name":"NoteForYourself","player_choice":"Ignored","floor":2.0,"gold_loss":0.0,"damage_taken":0.0},{"damage_healed":0.0,"max_hp_gain":0.0,"max_hp_loss":0.0,"gold_gain":0.0,"event_name":"Golden Idol","player_choice":"Take Damage","floor":5.0,"gold_loss":0.0,"damage_taken":17.0,"relics_obtained":["Golden Idol"]},{"damage_healed":0.0,"max_hp_gain":0.0,"max_hp_loss":0.0,"gold_gain":0.0,"event_name":"Scrap Ooze","player_choice":"Success","floor":8.0,"gold_loss":0.0,"damage_taken":12.0,"relics_obtained":["Potion Belt"]}],"is_beta":false,"boss_relics":[],"items_purged_floors":[],"is_endless":false,"potions_floor_spawned":[1,12],"killed_by":"Gremlin Gang","ascension_level":0}