{"gold_per_floor":[14,31,49,124,138,138,173,173,196,215,215,250,81,93,93,191,191,203,214,114,114,131,131,6,6,6,38,38,58,90,110,110,110],"floor_reached":33,"playtime":3878,"items_purged":["Strike_R","Strike_R","Strike_R"],"score":441,"play_id":"ae202802-ff90-46b1-9f53-8e7f93150fd8","local_time":"20190902222058","is_ascension_mode":true,"campfire_choices":[{"data":"Cleave","floor":6,"key":"SMITH"},{"data":"True Grit","floor":8,"key":"SMITH"},{"data":"Rampage","floor":11,"key":"SMITH"},{"data":"Shrug It Off","floor":15,"key":"SMITH"},{"floor":23,"key":"REST"},{"data":"Double Tap","floor":25,"key":"SMITH"},{"floor":32,"key":"REST"}],"neow_cost":"NO_GOLD","seed_source_timestamp":1628805866772200,"circlet_count":0,"master_deck":["Strike_R","Strike_R","Defend_R","Defend_R","Defend_R","Defend_R","Bash","Shrug It Off+1","Wild Strike","Rampage+1","Cleave+1","True Grit+1","Reaper","Clothesline","Double Tap+1","Armaments+1","Necronomicurse","Ghostly","Ghostly","Ghostly","Ghostly","Ghostly","Inflame+1","Dropkick+1"],"relics":["Burning Blood","Bag of Marbles","Happy Flower","Lantern","Runic Pyramid","Necronomicon","Molten Egg 2","Peace Pipe","Dream Catcher"],"potions_floor_usage":[7,10,14,22,27,33],"damage_taken":[{"damage":1,"enemies":"Small Slimes","floor":1,"turns":4},{"damage":1,"enemies":"Cultist","floor":2,"turns":4},{"damage":6,"enemies":"Jaw Worm","floor":3,"turns":3},{"damage":6,"enemies":"Looter","floor":5,"turns":3},{"damage":31,"enemies":"Lagavulin","floor":7,"turns":6},{"damage":9,"enemies":"3 Louse","floor":10,"turns":3},{"damage":37,"enemies":"3 Sentries","floor":12,"turns":7},{"damage":12,"enemies":"Gremlin Gang","floor":14,"turns":3},{"damage":46,"enemies":"Hexaghost","floor":16,"turns":14},{"damage":32,"enemies":"Chosen","floor":18,"turns":5},{"damage":18,"enemies":"Shell Parasite","floor":19,"turns":8},{"damage":15,"enemies":"Snake Plant","floor":22,"turns":4},{"damage":27,"enemies":"Book of Stabbing","floor":27,"turns":5},{"damage":28,"enemies":"Centurion and Healer","floor":29,"turns":10},{"damage":29,"enemies":"Slavers","floor":30,"turns":9},{"damage":2,"enemies":"Cultist and Chosen","floor":31,"turns":7},{"damage":63,"enemies":"Champ","floor":33,"turns":10}],"seed_played":"-973127597620587212","potions_obtained":[{"floor":3,"key":"Block Potion"},{"floor":7,"key":"AttackPotion"},{"floor":10,"key":"FairyPotion"},{"floor":12,"key":"LiquidBronze"},{"floor":16,"key":"Dexterity Potion"},{"floor":27,"key":"Ancient Potion"},{"floor":29,"key":"Energy Potion"}],"is_trial":false,"path_per_floor":["M","M","M","?","M","R","E","R","T","M","R","E","$","M","R","B",null,"M","M","$","?","M","R","$","R","T","E","?","M","E","M","R","B"],"character_chosen":"IRONCLAD","items_purchased":["Dexterity Potion","Clothesline"],"campfire_rested":2,"item_purchase_floors":[13,13],"current_hp_per_floor":[93,96,96,87,87,87,62,62,62,59,59,28,28,46,46,10,75,49,37,37,21,17,45,45,45,45,24,24,10,7,21,35,0],"gold":110,"neow_bonus":"TWENTY_PERCENT_HP_BONUS","is_prod":false,"is_daily":false,"chose_seed":false,"campfire_upgraded":5,"win_rate":0,"timestamp":1567426858,"path_taken":["M","M","M","?","?","R","E","R","T","M","R","E","$","M","R","BOSS","M","M","$","?","M","R","$","R","T","E","?","M","E","M","R","BOSS"],"build_version":"2019-07-17","purchased_purges":3,"victory":false,"max_hp_per_floor":[96,96,96,96,96,96,96,96,96,96,96,96,96,96,96,96,96,96,96,96,96,96,96,96,96,96,96,48,48,48,48,48,48],"card_choices":[{"not_picked":["Bloodletting","Seeing Red"],"picked":"Shrug It Off","floor":1},{"not_picked":["Feel No Pain","Perfected Strike"],"picked":"Wild Strike","floor":2},{"not_picked":["Clash","Warcry"],"picked":"Rampage","floor":3},{"not_picked":["Seeing Red","Flex"],"picked":"Cleave","floor":5},{"not_picked":["Blood for Blood","Perfected Strike"],"picked":"True Grit","floor":7},{"not_picked":["Burning Pact","Fiend Fire","Havoc"],"picked":"SKIP","floor":10},{"not_picked":["Berserk","Heavy Blade"],"picked":"Reaper","floor":12},{"not_picked":["Body Slam","Shrug It Off","Thunderclap"],"picked":"SKIP","floor":14},{"not_picked":["Brutality","Barricade"],"picked":"Double Tap","floor":16},{"not_picked":["Perfected Strike","Flex"],"picked":"Armaments+1","floor":18},{"not_picked":["Body Slam+1","Clash","Perfected Strike"],"picked":"SKIP","floor":19},{"not_picked":["Wild Strike+1","Havoc","Blood for Blood"],"picked":"SKIP","floor":22},{"not_picked":["Thunderclap+1","Anger+1","Rampage+1"],"picked":"SKIP","floor":27},{"not_picked":["Havoc","Clash+1"],"picked":"Inflame+1","floor":29},{"not_picked":["Wild Strike+1","Impervious","Havoc"],"picked":"SKIP","floor":30},{"not_picked":["Wild Strike+1","Impervious","Havoc"],"picked":"SKIP","floor":30},{"not_picked":["Clothesline+1","Twin Strike+1"],"picked":"Dropkick+1","floor":31}],"player_experience":512117,"relics_obtained":[{"floor":7,"key":"Bag of Marbles"},{"floor":9,"key":"Happy Flower"},{"floor":12,"key":"Lantern"},{"floor":21,"key":"Necronomicon"},{"floor":26,"key":"Molten Egg 2"},{"floor":27,"key":"Peace Pipe"},{"floor":30,"key":"Dream Catcher"}],"event_choices":[{"damage_healed":0,"gold_gain":75,"player_choice":"Touch","damage_taken":9,"max_hp_gain":0,"max_hp_loss":0,"event_name":"FaceTrader","floor":4,"gold_loss":0},{"damage_healed":0,"gold_gain":0,"player_choice":"Obtained Book","damage_taken":16,"max_hp_gain":0,"max_hp_loss":0,"event_name":"Cursed Tome","floor":21,"gold_loss":0},{"damage_healed":0,"gold_gain":0,"player_choice":"Became a Ghost","damage_taken":0,"max_hp_gain":0,"max_hp_loss":48,"event_name":"Ghosts","floor":28,"gold_loss":0,"cards_obtained":["Ghostly","Ghostly","Ghostly","Ghostly","Ghostly"]}],"is_beta":false,"boss_relics":[{"not_picked":["Coffee Dripper","Orrery"],"picked":"Runic Pyramid"}],"items_purged_floors":[13,20,24],"is_endless":false,"potions_floor_spawned":[3,7,10,12,16,18,27,29],"killed_by":"Champ","ascension_level":8}