{"gold_per_floor":[111,111,125,140,151,151,183,183,183,216,227,262,262,42,42,115,115,126,139,139,159,258,258,148,165,165,176,176,176,193,193,193,272,272,292,292,292,308,55,55,83,83,83,83,96,125,0,0,0,0],"floor_reached":51,"playtime":2895,"items_purged":["Defend_B","Defend_B","Defend_B"],"score":1243,"play_id":"fb0617ee-4487-4823-9ec4-81e71da34dcc","local_time":"20190924201210","is_ascension_mode":true,"campfire_choices":[{"data":"Glacier","floor":6.0,"key":"SMITH"},{"floor":8.0,"key":"REST"},{"data":"Dualcast","floor":13.0,"key":"SMITH"},{"floor":15.0,"key":"REST"},{"data":"Go for the Eyes","floor":23.0,"key":"SMITH"},{"floor":29.0,"key":"REST"},{"floor":32.0,"key":"REST"},{"data":"Defragment","floor":40.0,"key":"SMITH"},{"data":"Cold Snap","floor":42.0,"key":"SMITH"},{"data":"Zap","floor":44.0,"key":"SMITH"},{"data":"Barrage","floor":49.0,"key":"SMITH"}],"neow_cost":"NONE","seed_source_timestamp":14997956663800,"circlet_count":0,"master_deck":["AscendersBane","Strike_B","Strike_B","Zap+1","Dualcast+1","Glacier+1","BootSequence","Reboot","Coolheaded","Cold Snap+1","Hologram","Echo Form","Leap+1","Chill+1","Go for the Eyes+1","Seek+1","Sweeping Beam+1","Barrage+1","FTL","Defragment+1","Conserve Battery+1","Buffer+1","FTL+1","Barrage+1","Cold Snap","Madness+1","Madness+1"],"special_seed":0,"relics":["Cracked Core","Boot","Blood Vial","Toxic Egg 2","Meat on the Bone","Thread and Needle","Runic Capacitor","Nuclear Battery","Dodecahedron","Enchiridion","StoneCalendar","Astrolabe","Vajra","Centennial Puzzle","Mango","Omamori"],"potions_floor_usage":[],"damage_taken":[{"damage":16.0,"enemies":"Small Slimes","floor":1.0,"turns":3.0},{"damage":1.0,"enemies":"Cultist","floor":3.0,"turns":3.0},{"damage":0.0,"enemies":"2 Louse","floor":4.0,"turns":2.0},{"damage":5.0,"enemies":"Looter","floor":5.0,"turns":3.0},{"damage":19.0,"enemies":"Gremlin Nob","floor":7.0,"turns":5.0},{"damage":11.0,"enemies":"3 Sentries","floor":10.0,"turns":12.0},{"damage":6.0,"enemies":"Blue Slaver","floor":11.0,"turns":3.0},{"damage":28.0,"enemies":"Gremlin Nob","floor":12.0,"turns":5.0},{"damage":5.0,"enemies":"Hexaghost","floor":16.0,"turns":16.0},{"damage":11.0,"enemies":"Chosen","floor":18.0,"turns":7.0},{"damage":5.0,"enemies":"2 Thieves","floor":19.0,"turns":4.0},{"damage":13.0,"enemies":"Snake Plant","floor":21.0,"turns":5.0},{"damage":0.0,"enemies":"Cultist and Chosen","floor":25.0,"turns":6.0},{"damage":5.0,"enemies":"Centurion and Healer","floor":27.0,"turns":4.0},{"damage":9.0,"enemies":"Snake Plant","floor":30.0,"turns":4.0},{"damage":2.0,"enemies":"Champ","floor":33.0,"turns":10.0},{"damage":8.0,"enemies":"3 Shapes","floor":35.0,"turns":5.0},{"damage":0.0,"enemies":"Orb Walker","floor":38.0,"turns":4.0},{"damage":0.0,"enemies":"Reptomancer","floor":41.0,"turns":5.0},{"damage":0.0,"enemies":"Maw","floor":45.0,"turns":7.0},{"damage":0.0,"enemies":"Giant Head","floor":46.0,"turns":8.0},{"damage":12,"enemies":"Awakened One","floor":50,"turns":12}],"seed_played":"-5332655644196703792","potions_obtained":[{"floor":3.0,"key":"PowerPotion"},{"floor":4.0,"key":"SteroidPotion"},{"floor":10.0,"key":"FearPotion"},{"floor":11.0,"key":"Ancient Potion"},{"floor":18.0,"key":"SneckoOil"},{"floor":27.0,"key":"SkillPotion"},{"floor":35.0,"key":"Regen Potion"},{"floor":45.0,"key":"FearPotion"}],"is_trial":false,"path_per_floor":["M","?","M","M","M","R","E","R","T","E","M","E","R","$","R","B",null,"M","M","?","M","?","R","$","M","T","M","?","R","M","?","R","B",null,"M","?","?","M","$","R","E","R","T","R","M","E","$","?","R","B",null],"character_chosen":"DEFECT","items_purchased":["Runic Capacitor","Go for the Eyes","Defragment","Vajra"],"campfire_rested":4,"item_purchase_floors":[14,14,24,39],"current_hp_per_floor":[52,52,51,51,46,46,27,49,49,40,48,34,34,34,56,53,70,61,58,44,45,45,45,45,47,47,44,28,52,45,45,69,69,77,71,71,71,73,73,73,75,75,89,89,91,93,93,81,81,71],"gold":0,"neow_bonus":"RANDOM_COMMON_RELIC","is_prod":false,"is_daily":false,"chose_seed":false,"campfire_upgraded":7,"win_rate":0,"timestamp":1569381130,"path_taken":["M","?","M","M","M","R","E","R","T","E","M","E","R","$","R","BOSS","M","M","?","M","?","R","$","M","T","M","?","R","M","?","R","BOSS","M","?","?","M","$","R","E","R","T","R","M","E","$","?","R","BOSS"],"build_version":"2019-07-17","purchased_purges":3,"victory":true,"max_hp_per_floor":[75,75,75,75,75,75,75,75,75,75,75,75,75,75,75,75,75,75,75,80,80,80,80,80,80,80,80,80,80,80,80,80,80,80,80,80,80,80,80,80,80,80,94,94,94,94,94,94,94,94],"card_choices":[{"not_picked":["Redo","Scrape"],"picked":"Glacier","floor":1.0},{"not_picked":["Force Field","Stack"],"picked":"Hologram","floor":3.0},{"not_picked":["Leap","Compile Driver"],"picked":"Coolheaded","floor":4.0},{"not_picked":["Leap","Beam Cell"],"picked":"Cold Snap","floor":5.0},{"not_picked":["Auto Shields","Meteor Strike"],"picked":"Hologram","floor":7.0},{"not_picked":["Hologram+1","Recycle+1"],"picked":"Echo Form","floor":10.0},{"not_picked":["Rebound","Streamline"],"picked":"Leap+1","floor":11.0},{"not_picked":["Defragment","Streamline"],"picked":"Chill+1","floor":12.0},{"not_picked":["Multi-Cast+1","Hyperbeam"],"picked":"Seek+1","floor":16.0},{"not_picked":["Lockon","Redo+1"],"picked":"Sweeping Beam+1","floor":18.0},{"not_picked":["Coolheaded+1","Go for the Eyes"],"picked":"Barrage","floor":19.0},{"not_picked":["Redo+1","Rebound"],"picked":"FTL","floor":21.0},{"not_picked":["Scrape","Leap+1"],"picked":"Conserve Battery+1","floor":25.0},{"not_picked":["Leap+1","Go for the Eyes","Coolheaded+1"],"picked":"SKIP","floor":27.0},{"not_picked":["Steam Power+1","Rebound","Reboot+1"],"picked":"SKIP","floor":30.0},{"not_picked":["Doom and Gloom","FTL","Gash"],"picked":"SKIP","floor":35.0},{"not_picked":["Barrage","Tempest+1"],"picked":"Cold Snap","floor":38.0},{"not_picked":["Thunder Strike","Hologram+1","Leap+1"],"picked":"SKIP","floor":41.0},{"not_picked":["Static Discharge","Reprogram+1","FTL"],"picked":"SKIP","floor":45.0},{"not_picked":["Chill+1","Static Discharge","Beam Cell"],"picked":"SKIP","floor":46.0}],"player_experience":632501,"relics_obtained":[{"floor":7.0,"key":"Blood Vial"},{"floor":9.0,"key":"Toxic Egg 2"},{"floor":10.0,"key":"Meat on the Bone"},{"floor":12.0,"key":"Thread and Needle"},{"floor":26.0,"key":"Dodecahedron"},{"floor":28.0,"key":"Enchiridion"},{"floor":41.0,"key":"Centennial Puzzle"},{"floor":43.0,"key":"Mango"},{"floor":46.0,"key":"Omamori"}],"event_choices":[{"damage_healed":0.0,"max_hp_gain":0.0,"max_hp_loss":0.0,"gold_gain":0.0,"event_name":"Match and Keep!","player_choice":"2 cards matched","floor":2.0,"gold_loss":0.0,"damage_taken":0.0,"cards_obtained":["BootSequence","Reboot"]},{"damage_healed":0.0,"max_hp_gain":5.0,"max_hp_loss":0.0,"gold_gain":0.0,"event_name":"Forgotten Altar","player_choice":"Shed Blood","floor":20.0,"gold_loss":0.0,"damage_taken":19.0},{"damage_healed":0.0,"max_hp_gain":0.0,"max_hp_loss":0.0,"gold_gain":99.0,"event_name":"Nest","player_choice":"Stole From Cult","floor":22.0,"gold_loss":0.0,"damage_taken":0.0},{"damage_healed":0.0,"max_hp_gain":0.0,"max_hp_loss":0.0,"gold_gain":0.0,"event_name":"Cursed Tome","player_choice":"Obtained Book","floor":28.0,"gold_loss":0.0,"damage_taken":16.0},{"damage_healed":0.0,"max_hp_gain":0.0,"max_hp_loss":0.0,"gold_gain":0.0,"event_name":"The Mausoleum","player_choice":"Opened","floor":31.0,"gold_loss":0.0,"damage_taken":0.0,"relics_obtained":["StoneCalendar"]},{"damage_healed":0.0,"max_hp_gain":0.0,"max_hp_loss":0.0,"gold_gain":0.0,"event_name":"Tomb of Lord Red Mask","player_choice":"Ignored","floor":36.0,"gold_loss":0.0,"damage_taken":0.0},{"cards_removed":["Hologram"],"damage_healed":0.0,"max_hp_gain":0.0,"max_hp_loss":0.0,"gold_gain":0.0,"event_name":"Falling","player_choice":"Removed Skill","floor":37.0,"gold_loss":0.0,"damage_taken":0.0},{"damage_healed":0.0,"max_hp_gain":0.0,"max_hp_loss":0.0,"gold_gain":0.0,"event_name":"Winding Halls","player_choice":"Embrace Madness","floor":48.0,"gold_loss":0.0,"damage_taken":12.0,"cards_obtained":["Madness","Madness"]}],"is_beta":false,"boss_relics":[{"not_picked":["Inserter","Orrery"],"picked":"Nuclear Battery"},{"not_picked":["Runic Dome","White Beast Statue"],"picked":"Astrolabe"}],"items_purged_floors":[24,39,47],"is_endless":false,"potions_floor_spawned":[3,4,10,11,18,27,35,45],"ascension_level":13}