{"gold_per_floor":[215,229,239,96,112,112,145,145,145,159,5,37,48,62,62,140,140,156,81,81,101,26,26,39,39,39,89,89,115,133,167,167,167],"floor_reached":33,"playtime":1748,"items_purged":["Strike_G"],"score":594,"play_id":"7df3d4a2-dd3c-45cb-bd65-a02e14d12ab6","local_time":"20190924210618","is_ascension_mode":true,"campfire_choices":[{"data":"Neutralize","floor":6,"key":"SMITH"},{"floor":8,"key":"REST"},{"data":"Caltrops","floor":15,"key":"SMITH"},{"data":"Catalyst","floor":23,"key":"SMITH"},{"data":"Crippling Poison","floor":25,"key":"SMITH"},{"floor":28,"key":"REST"},{"floor":32,"key":"REST"}],"neow_cost":"NONE","seed_source_timestamp":1162162515221400,"circlet_count":0,"master_deck":["AscendersBane","Strike_G","Strike_G","Strike_G","Defend_G","Defend_G","Defend_G","Defend_G","Defend_G","Survivor","Neutralize+1","PiercingWail","Quick Slash","Noxious Fumes","Caltrops+1","Flying Knee","Cloak And Dagger","Adrenaline","Die Die Die","PiercingWail","Corpse Explosion","Catalyst+1","Envenom","Crippling Poison+1","Leg Sweep","PiercingWail","Dodge and Roll"],"relics":["Ring of the Snake","PreservedInsect","Ornamental Fan","FossilizedHelix","Snecko Eye","Molten Egg 2","Juzu Bracelet","Centennial Puzzle"],"potions_floor_usage":[10,12,16,16,21,29,30,33],"damage_taken":[{"damage":6,"enemies":"Cultist","floor":1,"turns":4},{"damage":1,"enemies":"Small Slimes","floor":2,"turns":4},{"damage":2,"enemies":"2 Louse","floor":3,"turns":4},{"damage":2,"enemies":"2 Fungi Beasts","floor":5,"turns":4},{"damage":24,"enemies":"3 Sentries","floor":7,"turns":8},{"damage":11,"enemies":"Exordium Thugs","floor":10,"turns":5},{"damage":22,"enemies":"Gremlin Nob","floor":12,"turns":4},{"damage":0,"enemies":"Exordium Wildlife","floor":13,"turns":3},{"damage":0,"enemies":"Looter","floor":14,"turns":2},{"damage":4,"enemies":"Hexaghost","floor":16,"turns":9},{"damage":0,"enemies":"3 Byrds","floor":18,"turns":2},{"damage":0,"enemies":"Spheric Guardian","floor":21,"turns":4},{"damage":10,"enemies":"Shelled Parasite and Fungi","floor":24,"turns":5},{"damage":15,"enemies":"Gremlin Leader","floor":29,"turns":5},{"damage":18,"enemies":"Sentry and Sphere","floor":30,"turns":4},{"damage":14,"enemies":"Book of Stabbing","floor":31,"turns":5},{"damage":38,"enemies":"Collector","floor":33,"turns":7}],"seed_played":"784347645623911494","potions_obtained":[{"floor":1,"key":"Ancient Potion"},{"floor":12,"key":"EssenceOfSteel"},{"floor":13,"key":"Regen Potion"},{"floor":14,"key":"Poison Potion"},{"floor":16,"key":"Block Potion"},{"floor":18,"key":"Block Potion"},{"floor":21,"key":"PowerPotion"},{"floor":31,"key":"Explosive Potion"}],"is_trial":false,"path_per_floor":["M","M","M","$","M","R","E","R","T","M","$","E","M","M","R","B",null,"M","?","?","M","$","R","M","R","T","?","R","E","M","E","R","B"],"character_chosen":"THE_SILENT","items_purchased":["Noxious Fumes","SteroidPotion","Adrenaline"],"campfire_rested":3,"item_purchase_floors":[4,4,11],"current_hp_per_floor":[53,52,50,50,48,48,24,43,43,32,32,10,10,10,10,21,55,55,55,55,55,55,55,45,45,45,45,64,49,31,17,36,0],"gold":167,"neow_bonus":"HUNDRED_GOLD","is_prod":false,"is_daily":false,"chose_seed":false,"campfire_upgraded":4,"win_rate":0,"timestamp":1569384378,"path_taken":["M","M","M","$","M","R","E","R","T","M","?","E","M","M","R","BOSS","M","?","?","M","$","R","M","R","T","?","R","E","M","E","R","BOSS"],"build_version":"2019-07-17","purchased_purges":1,"victory":false,"max_hp_per_floor":[66,66,66,66,66,66,66,66,66,66,66,66,66,66,66,66,66,66,66,66,66,66,66,66,66,66,66,66,66,66,66,66,66],"card_choices":[{"not_picked":["Expertise","Outmaneuver"],"picked":"PiercingWail","floor":1},{"not_picked":["Acrobatics","Riddle With Holes","Cloak And Dagger"],"picked":"SKIP","floor":2},{"not_picked":["Flying Knee","Slice"],"picked":"Quick Slash","floor":3},{"not_picked":["Eviscerate","Outmaneuver"],"picked":"Caltrops","floor":5},{"not_picked":["Underhanded Strike","Terror"],"picked":"Flying Knee","floor":7},{"not_picked":["Eviscerate","Deflect"],"picked":"Cloak And Dagger","floor":10},{"not_picked":["PiercingWail","Expertise"],"picked":"Die Die Die","floor":12},{"not_picked":["Acrobatics","Underhanded Strike","Bane"],"picked":"SKIP","floor":13},{"not_picked":["Underhanded Strike","Noxious Fumes"],"picked":"PiercingWail","floor":14},{"not_picked":["After Image","Envenom"],"picked":"Corpse Explosion","floor":16},{"not_picked":["Deflect","Blade Dance","Prepared+1"],"picked":"SKIP","floor":18},{"not_picked":["Dagger Throw","Bane"],"picked":"Envenom","floor":21},{"not_picked":["Reflex","Outmaneuver"],"picked":"Crippling Poison","floor":24},{"not_picked":["Backflip","All Out Attack+1"],"picked":"Leg Sweep","floor":29},{"not_picked":["Deadly Poison","Phantasmal Killer"],"picked":"PiercingWail","floor":30},{"not_picked":["Sucker Punch+1","Storm of Steel"],"picked":"Dodge and Roll","floor":31}],"player_experience":1326159,"relics_obtained":[{"floor":7,"key":"PreservedInsect"},{"floor":9,"key":"Ornamental Fan"},{"floor":12,"key":"FossilizedHelix"},{"floor":26,"key":"Molten Egg 2"},{"floor":29,"key":"Juzu Bracelet"},{"floor":31,"key":"Centennial Puzzle"}],"event_choices":[{"cards_removed":["Strike_G"],"damage_healed":0,"gold_gain":0,"player_choice":"Gave Gold","damage_taken":0,"max_hp_gain":0,"max_hp_loss":0,"event_name":"Beggar","floor":19,"gold_loss":75},{"damage_healed":0,"gold_gain":0,"player_choice":"Read","damage_taken":0,"max_hp_gain":0,"max_hp_loss":0,"event_name":"The Library","floor":20,"gold_loss":0,"cards_obtained":["Catalyst"]},{"damage_healed":0,"gold_gain":50,"player_choice":"Stole From Cult","damage_taken":0,"max_hp_gain":0,"max_hp_loss":0,"event_name":"Nest","floor":27,"gold_loss":0}],"is_beta":false,"boss_relics":[{"not_picked":["Busted Crown","Lizard Tail"],"picked":"Snecko Eye"}],"items_purged_floors":[22],"is_endless":false,"potions_floor_spawned":[1,12,13,14,16,18,21,31],"killed_by":"Collector","ascension_level":20}