{"gold_per_floor":[118,118,142,217,233,81,96,124,124,142,162,337,337,364,364,466,466,448,473,361,378,378,378,403,403,471,471],"floor_reached":27,"playtime":4647,"items_purged":["Strike_G"],"score":265,"play_id":"0ea4d019-8f5b-4a3e-af31-5d0b1bc3d47f","local_time":"20190920153636","is_ascension_mode":true,"campfire_choices":[{"floor":15.0,"key":"REST"},{"floor":23,"key":"REST"}],"neow_cost":"NONE","seed_source_timestamp":0,"circlet_count":0,"master_deck":["Defend_G","Defend_G","Defend_G","Defend_G","Defend_G","Survivor","Neutralize","Finisher","Dash","Infinite Blades","Escape Plan","Flying Knee","Catalyst","Outmaneuver","Doubt","Deadly Poison","Wraith Form v2","Caltrops+1","Deflect+1","All Out Attack","PiercingWail","Bite","Bite","Bite","Bite","Bite","Deadly Poison+1","Accuracy","Necronomicurse"],"special_seed":0,"relics":["Ring of the Snake","NeowsBlessing","Bag of Preparation","Pen Nib","Incense Burner","Dream Catcher","PreservedInsect","Fusion Hammer","Red Mask","Peace Pipe","Necronomicon","The Courier"],"potions_floor_usage":[27,27],"damage_taken":[{"damage":0.0,"enemies":"Jaw Worm","floor":1.0,"turns":1.0},{"damage":0.0,"enemies":"2 Louse","floor":5.0,"turns":1.0},{"damage":0.0,"enemies":"Small Slimes","floor":7.0,"turns":1.0},{"damage":32.0,"enemies":"3 Sentries","floor":8.0,"turns":10.0},{"damage":2.0,"enemies":"Blue Slaver","floor":10.0,"turns":4.0},{"damage":1.0,"enemies":"Looter","floor":11.0,"turns":3.0},{"damage":26.0,"enemies":"The Guardian","floor":16.0,"turns":10.0},{"damage":2.0,"enemies":"2 Thieves","floor":18.0,"turns":5.0},{"damage":27.0,"enemies":"Masked Bandits","floor":19.0,"turns":5.0},{"damage":0.0,"enemies":"Shell Parasite","floor":21.0,"turns":4.0},{"damage":44,"enemies":"Book of Stabbing","floor":24,"turns":5},{"damage":29,"enemies":"Centurion and Healer","floor":27,"turns":5}],"seed_played":"-8767046277706364323","potions_obtained":[{"floor":1.0,"key":"Energy Potion"},{"floor":8.0,"key":"SneckoOil"},{"floor":10.0,"key":"LiquidBronze"},{"floor":11.0,"key":"Weak Potion"},{"floor":19.0,"key":"Energy Potion"},{"floor":21.0,"key":"Fire Potion"}],"is_trial":false,"path_per_floor":["M","?","T","?","M","$","M","E","T","M","M","?","T","T","R","B",null,"M","?","$","M","?","R","E","?","T","M"],"character_chosen":"THE_SILENT","items_purchased":["Bag of Preparation","All Out Attack"],"campfire_rested":2,"item_purchase_floors":[6,20],"current_hp_per_floor":[70,70,70,59,61,61,63,33,33,33,34,34,34,34,55,31,70,68,43,43,45,45,66,34,18,18,0],"gold":471,"neow_bonus":"THREE_ENEMY_KILL","is_prod":false,"is_daily":false,"chose_seed":false,"campfire_upgraded":0,"win_rate":0,"timestamp":1569011796,"path_taken":["M","?","?","?","M","$","M","E","T","?","M","?","?","?","R","BOSS","M","?","$","M","?","R","E","?","T","M"],"build_version":"2019-07-17","purchased_purges":1,"victory":false,"max_hp_per_floor":[70,70,70,70,70,70,70,70,70,70,70,70,70,70,70,70,70,70,70,70,70,70,70,70,70,70,70],"card_choices":[{"not_picked":["Dodge and Roll","Leg Sweep"],"picked":"Finisher","floor":1.0},{"not_picked":["Deadly Poison","Backstab"],"picked":"Infinite Blades","floor":5.0},{"not_picked":["Slice","Flying Knee"],"picked":"Escape Plan","floor":7.0},{"not_picked":["Outmaneuver","Bane"],"picked":"Flying Knee","floor":8.0},{"not_picked":["Leg Sweep","Masterful Stab"],"picked":"Catalyst","floor":10.0},{"not_picked":["Dodge and Roll","Doppelganger"],"picked":"Outmaneuver","floor":11.0},{"not_picked":["Leg Sweep","Blade Dance"],"picked":"Deadly Poison","floor":15.0},{"not_picked":["Envenom","Burst"],"picked":"Wraith Form v2","floor":16.0},{"not_picked":["Flying Knee","Deadly Poison+1"],"picked":"Caltrops+1","floor":18.0},{"not_picked":["Flying Knee","Quick Slash+1"],"picked":"Deflect+1","floor":19.0},{"not_picked":["Deadly Poison","Catalyst"],"picked":"PiercingWail","floor":21.0},{"not_picked":["Bouncing Flask+1","Cloak And Dagger"],"picked":"Deadly Poison+1","floor":23},{"not_picked":["Deflect","Blade Dance"],"picked":"Accuracy","floor":24}],"player_experience":346395,"relics_obtained":[{"floor":3.0,"key":"Blood Vial"},{"floor":8.0,"key":"Pen Nib"},{"floor":9.0,"key":"Incense Burner"},{"floor":13.0,"key":"Dream Catcher"},{"floor":14.0,"key":"PreservedInsect"},{"floor":19.0,"key":"Red Mask"},{"floor":24,"key":"Peace Pipe"},{"floor":25,"key":"Necronomicon"},{"floor":26,"key":"The Courier"}],"event_choices":[{"damage_healed":0.0,"max_hp_gain":0.0,"max_hp_loss":0.0,"gold_gain":0.0,"cards_transformed":["Strike_G"],"event_name":"Living Wall","player_choice":"Change","floor":2.0,"gold_loss":0.0,"damage_taken":0.0,"cards_obtained":["Dash"]},{"damage_healed":0.0,"max_hp_gain":0.0,"max_hp_loss":0.0,"gold_gain":75.0,"event_name":"World of Goop","player_choice":"Gather Gold","floor":4.0,"gold_loss":0.0,"damage_taken":11.0},{"damage_healed":0.0,"max_hp_gain":0.0,"max_hp_loss":0.0,"gold_gain":175.0,"event_name":"Liars Game","player_choice":"AGREE","floor":12.0,"gold_loss":0.0,"damage_taken":0.0,"cards_obtained":["Doubt"]},{"damage_healed":0.0,"max_hp_gain":0.0,"max_hp_loss":0.0,"gold_gain":0.0,"event_name":"Masked Bandits","player_choice":"Fought Bandits","floor":19.0,"gold_loss":0.0,"damage_taken":0.0},{"damage_healed":0.0,"max_hp_gain":0.0,"max_hp_loss":0.0,"gold_gain":0.0,"event_name":"Vampires","player_choice":"Became a vampire (Vial)","floor":22.0,"relics_lost":["Blood Vial"],"gold_loss":0.0,"damage_taken":0.0,"cards_obtained":["Bite","Bite","Bite","Bite","Bite"]},{"damage_healed":0,"gold_gain":0,"player_choice":"Obtained Book","damage_taken":16,"max_hp_gain":0,"max_hp_loss":0,"event_name":"Cursed Tome","floor":25,"gold_loss":0}],"is_beta":false,"boss_relics":[{"not_picked":["Lizard Tail","Busted Crown"],"picked":"Fusion Hammer"}],"items_purged_floors":[20],"is_endless":false,"potions_floor_spawned":[1,8,10,11,19,21],"killed_by":"Centurion and Healer","ascension_level":1}