{"gold_per_floor":[114,13,30,30,44,70,70,86,135,147,147,147,160,7,7,109,159,175,28,44,44,54,54,88,13,85,85],"floor_reached":27,"playtime":1413,"items_purged":["Decay","Defend_G"],"score":361,"play_id":"b0381f4b-a84e-41aa-a5bb-3ca986444ed9","local_time":"20190916001139","is_ascension_mode":true,"campfire_choices":[{"data":"Heel Hook","floor":7.0,"key":"SMITH"},{"floor":11.0,"key":"REST"},{"floor":15.0,"key":"REST"},{"floor":23,"key":"REST"}],"neow_cost":"CURSE","seed_source_timestamp":37991567434400,"circlet_count":0,"master_deck":["AscendersBane","Strike_G","Strike_G","Defend_G","Defend_G","Defend_G","Survivor","Neutralize+1","Heel Hook+1","Cloak And Dagger","Dagger Spray+1","Flying Knee","Cloak And Dagger","Dodge and Roll","Sucker Punch+1","Venomology","Noxious Fumes","Poisoned Stab+1","Crippling Poison","Unload+1","Prepared","Cloak And Dagger+1","Bane+1","Quick Slash+1","Expertise","Terror","Noxious Fumes","Corpse Explosion"],"special_seed":0,"relics":["Ring of the Snake","The Specimen","Molten Egg 2","Centennial Puzzle","Tiny House","Bag of Marbles","Pantograph"],"potions_floor_usage":[22,24,24],"damage_taken":[{"damage":6.0,"enemies":"Small Slimes","floor":1.0,"turns":6.0},{"damage":6.0,"enemies":"Cultist","floor":3.0,"turns":4.0},{"damage":0.0,"enemies":"Jaw Worm","floor":5.0,"turns":4.0},{"damage":13.0,"enemies":"3 Sentries","floor":6.0,"turns":6.0},{"damage":10.0,"enemies":"Exordium Wildlife","floor":8.0,"turns":4.0},{"damage":1.0,"enemies":"2 Fungi Beasts","floor":10.0,"turns":3.0},{"damage":0.0,"enemies":"Blue Slaver","floor":13.0,"turns":4.0},{"damage":36.0,"enemies":"Hexaghost","floor":16.0,"turns":12.0},{"damage":8.0,"enemies":"3 Byrds","floor":18.0,"turns":5.0},{"damage":18.0,"enemies":"Spheric Guardian","floor":20.0,"turns":4.0},{"damage":12,"enemies":"Snecko","floor":22,"turns":7},{"damage":35,"enemies":"Slavers","floor":24,"turns":5},{"damage":17,"enemies":"Centurion and Healer","floor":27,"turns":3}],"seed_played":"-2212757918474262345","potions_obtained":[{"floor":1.0,"key":"Dexterity Potion"},{"floor":5.0,"key":"Strength Potion"},{"floor":6.0,"key":"GhostInAJar"},{"floor":17.0,"key":"Fire Potion"}],"is_trial":false,"path_per_floor":["M","$","M","?","M","E","R","M","T","M","R","?","M","$","R","B",null,"M","$","M","?","M","R","E","?","T","M"],"character_chosen":"THE_SILENT","items_purchased":["Cloak And Dagger","Noxious Fumes","Poisoned Stab+1","Crippling Poison","Bane+1"],"campfire_rested":3,"item_purchase_floors":[2,14,14,14,19],"current_hp_per_floor":[57,57,51,51,51,38,38,28,28,27,48,48,48,48,69,33,66,58,58,40,40,28,50,15,15,15,0],"gold":85,"neow_bonus":"ONE_RARE_RELIC","is_prod":false,"is_daily":false,"chose_seed":false,"campfire_upgraded":1,"win_rate":0,"timestamp":1568617899,"path_taken":["M","$","M","?","?","E","R","M","T","M","R","?","?","$","R","BOSS","M","$","M","?","M","R","E","?","T","M"],"build_version":"2019-07-17","purchased_purges":2,"victory":false,"max_hp_per_floor":[70,70,70,70,70,70,70,70,70,70,70,70,70,70,70,70,75,75,75,75,75,75,75,75,75,75,75],"card_choices":[{"not_picked":["Flechettes","Bane"],"picked":"Heel Hook","floor":1.0},{"not_picked":["Flying Knee","Unload"],"picked":"Dagger Spray","floor":3.0},{"not_picked":["Caltrops","Dagger Spray"],"picked":"Flying Knee","floor":5.0},{"not_picked":["Blade Dance","Outmaneuver"],"picked":"Cloak And Dagger","floor":6.0},{"not_picked":["Outmaneuver","Dagger Throw+1"],"picked":"Dodge and Roll","floor":8.0},{"not_picked":["Blade Dance","Dagger Spray+1"],"picked":"Sucker Punch+1","floor":10.0},{"not_picked":["Reflex","Outmaneuver"],"picked":"Venomology","floor":13.0},{"not_picked":["Venomology","Grand Finale+1"],"picked":"Unload+1","floor":16.0},{"not_picked":["Blade Dance","Flying Knee+1"],"picked":"Prepared","floor":17.0},{"not_picked":["Flying Knee+1","Phantasmal Killer"],"picked":"Cloak And Dagger+1","floor":18.0},{"not_picked":["Dagger Throw+1","Cloak And Dagger"],"picked":"Quick Slash+1","floor":20.0},{"not_picked":["Riddle With Holes+1","Backflip"],"picked":"Noxious Fumes","floor":22},{"not_picked":["Quick Slash+1","Flying Knee+1"],"picked":"Corpse Explosion","floor":24}],"player_experience":614057,"relics_obtained":[{"floor":6.0,"key":"Molten Egg 2"},{"floor":9.0,"key":"Centennial Puzzle"},{"floor":24,"key":"Bag of Marbles"},{"floor":26,"key":"Pantograph"}],"event_choices":[{"damage_healed":0.0,"max_hp_gain":0.0,"max_hp_loss":0.0,"gold_gain":0.0,"event_name":"Upgrade Shrine","player_choice":"Upgraded","floor":4.0,"gold_loss":0.0,"damage_taken":0.0,"cards_upgraded":["Neutralize"]},{"cards_removed":["Strike_G"],"damage_healed":0.0,"max_hp_gain":0.0,"max_hp_loss":0.0,"gold_gain":0.0,"event_name":"Bonfire Elementals","player_choice":"Offered Basic","floor":12.0,"gold_loss":0.0,"damage_taken":0.0},{"damage_healed":0.0,"max_hp_gain":0.0,"max_hp_loss":0.0,"gold_gain":0.0,"cards_transformed":["Strike_G","Defend_G"],"event_name":"Drug Dealer","player_choice":"Became Test Subject","floor":21.0,"gold_loss":0.0,"damage_taken":0.0,"cards_obtained":["Expertise","Terror"]},{"cards_removed":["Strike_G"],"damage_healed":0,"gold_gain":0,"player_choice":"Gave Gold","damage_taken":0,"max_hp_gain":0,"max_hp_loss":0,"event_name":"Beggar","floor":25,"gold_loss":75}],"is_beta":false,"boss_relics":[{"not_picked":["Runic Dome","HoveringKite"],"picked":"Tiny House"}],"items_purged_floors":[2,19],"is_endless":false,"potions_floor_spawned":[1,5,6],"killed_by":"Centurion and Healer","ascension_level":11}