{"gold_per_floor":[18,30,30,47,61,61,236,236,236,336,37,57,57,81,81,211,211,224,174,50,50,68,68],"floor_reached":23,"playtime":1785,"items_purged":["Doubt"],"score":217,"play_id":"bc3c6db2-3189-44b1-b9bc-dc1ea8fc6f71","local_time":"20190831030759","is_ascension_mode":true,"campfire_choices":[{"data":"Hologram","floor":6.0,"key":"SMITH"},{"data":"Self Repair","floor":8.0,"key":"SMITH"},{"data":"Metamorphosis","floor":15,"key":"SMITH"}],"neow_cost":"NO_GOLD","seed_source_timestamp":0,"circlet_count":0,"master_deck":["Strike_B","Strike_B","Strike_B","Defend_B","Defend_B","Defend_B","Defend_B","Zap","Dualcast","Hologram+1","Streamline","Self Repair+1","Metamorphosis+1","Sweeping Beam","BootSequence","Injury","Sunder","Biased Cognition","Conserve Battery","Reinforced Body"],"special_seed":0,"relics":["Cracked Core","Torii","Mummified Hand","Golden Idol","White Beast Statue","Boot"],"potions_floor_usage":[12,12,18,22,23],"damage_taken":[{"damage":2.0,"enemies":"2 Louse","floor":1.0,"turns":3.0},{"damage":1.0,"enemies":"Cultist","floor":2.0,"turns":4.0},{"damage":2.0,"enemies":"Jaw Worm","floor":4.0,"turns":5.0},{"damage":7.0,"enemies":"Looter","floor":5.0,"turns":3.0},{"damage":14,"enemies":"Exordium Thugs","floor":12,"turns":4},{"damage":0,"enemies":"2 Fungi Beasts","floor":14,"turns":3},{"damage":23,"enemies":"The Guardian","floor":16,"turns":11},{"damage":28,"enemies":"Shell Parasite","floor":18,"turns":6},{"damage":2,"enemies":"3 Byrds","floor":22,"turns":3},{"damage":55,"enemies":"Slavers","floor":23,"turns":4}],"seed_played":"1363879881636298464","potions_obtained":[{"floor":1.0,"key":"Dexterity Potion"},{"floor":5.0,"key":"Explosive Potion"},{"floor":12,"key":"Strength Potion"},{"floor":16,"key":"Strength Potion"},{"floor":18,"key":"Explosive Potion"},{"floor":22,"key":"LiquidBronze"}],"is_trial":false,"path_per_floor":["M","M","?","M","M","R","?","R","T","?","$","M","?","M","R","B",null,"M","?","$","T","M","E"],"character_chosen":"DEFECT","items_purchased":["Metamorphosis","Sweeping Beam","Block Potion","Reinforced Body"],"campfire_rested":0,"item_purchase_floors":[11,11,20,20],"current_hp_per_floor":[73,72,72,70,63,63,63,63,63,63,63,59,59,69,69,56,75,57,57,57,57,55,0],"gold":68,"neow_bonus":"ONE_RARE_RELIC","is_prod":false,"is_daily":false,"chose_seed":false,"campfire_upgraded":3,"win_rate":0,"timestamp":1567184879,"path_taken":["M","M","?","?","?","R","?","R","T","?","$","?","?","M","R","BOSS","M","?","$","?","M","E"],"build_version":"2019-07-17","purchased_purges":1,"victory":false,"max_hp_per_floor":[75,75,75,75,75,75,75,75,75,75,75,75,75,75,75,75,75,75,75,75,75,75,75],"card_choices":[{"not_picked":["Reprogram","Redo"],"picked":"Hologram","floor":1.0},{"not_picked":["Loop","Leap"],"picked":"Streamline","floor":2.0},{"not_picked":["Loop","Stack","Hologram"],"picked":"SKIP","floor":4.0},{"not_picked":["Barrage","Fusion"],"picked":"Self Repair","floor":5.0},{"not_picked":["Double Energy","Doom and Gloom"],"picked":"BootSequence","floor":12},{"not_picked":["Sweeping Beam","Streamline"],"picked":"Sunder","floor":14},{"not_picked":["Rainbow","Amplify"],"picked":"Biased Cognition","floor":16},{"not_picked":["Doom and Gloom","Redo"],"picked":"Conserve Battery","floor":18},{"not_picked":["Beam Cell+1","Gash+1","Ball Lightning+1"],"picked":"SKIP","floor":22}],"player_experience":480062,"relics_obtained":[{"floor":9.0,"key":"Mummified Hand"},{"floor":21,"key":"Boot"}],"event_choices":[{"cards_removed":["Strike_B"],"damage_healed":0.0,"max_hp_gain":0.0,"max_hp_loss":0.0,"gold_gain":0.0,"event_name":"Bonfire Elementals","player_choice":"Offered Basic","floor":3.0,"gold_loss":0.0,"damage_taken":0.0},{"damage_healed":0.0,"max_hp_gain":0.0,"max_hp_loss":0.0,"gold_gain":175.0,"event_name":"Liars Game","player_choice":"AGREE","floor":7.0,"gold_loss":0.0,"damage_taken":0.0,"cards_obtained":["Doubt"]},{"damage_healed":0.0,"max_hp_gain":0.0,"max_hp_loss":0.0,"gold_gain":100.0,"event_name":"Golden Shrine","player_choice":"Pray","floor":10.0,"gold_loss":0.0,"damage_taken":0.0},{"damage_healed":0,"gold_gain":0,"player_choice":"Take Wound","damage_taken":0,"relics_obtained":["Golden Idol"],"max_hp_gain":0,"max_hp_loss":0,"event_name":"Golden Idol","floor":13,"gold_loss":0,"cards_obtained":["Injury"]},{"damage_healed":0,"gold_gain":0,"player_choice":"Bet on Owner","damage_taken":0,"max_hp_gain":0,"max_hp_loss":0,"event_name":"The Joust","floor":19,"gold_loss":50}],"is_beta":false,"boss_relics":[{"not_picked":["Busted Crown","Runic Pyramid"],"picked":"White Beast Statue"}],"items_purged_floors":[11],"is_endless":false,"potions_floor_spawned":[1,5,12,16,18,22],"killed_by":"Slavers","ascension_level":4}