{"gold_per_floor":[199,30,43,55,55,55,85,85,138,171,187,237,237,255,255,353,353,365,365,385,397,43,43,58,84,84,84,114,114,126,140,140,140],"floor_reached":33,"playtime":2763,"items_purged":[],"score":356,"play_id":"6960d29f-cbc7-416d-a2b1-9efdb841f1eb","local_time":"20190902052709","is_ascension_mode":true,"campfire_choices":[{"data":"Glacier","floor":6.0,"key":"SMITH"},{"floor":8.0,"key":"REST"},{"data":"Doom and Gloom","floor":13.0,"key":"SMITH"},{"floor":15.0,"key":"REST"},{"data":"Lockon","floor":23.0,"key":"SMITH"},{"floor":27.0,"key":"REST"},{"data":"Hologram","floor":32,"key":"SMITH"}],"neow_cost":"NONE","seed_source_timestamp":0,"circlet_count":0,"master_deck":["Strike_B","Strike_B","Strike_B","Strike_B","Defend_B","Defend_B","Defend_B","Defend_B","Zap","Dualcast","Cold Snap","Glacier+1","Go for the Eyes","Self Repair+1","Ball Lightning","Coolheaded","Lockon+1","Doom and Gloom+1","Conserve Battery","Biased Cognition+1","Undo","BootSequence+1","Melter","Capacitor","Reinforced Body","Hologram+1"],"special_seed":0,"relics":["Cracked Core","Potion Belt","Smiling Mask","Dodecahedron","Boot","Lizard Tail","Medical Kit","Bird Faced Urn","Pear","Gremlin Horn"],"potions_floor_usage":[29,30],"damage_taken":[{"damage":0.0,"enemies":"Cultist","floor":1.0,"turns":4.0},{"damage":1.0,"enemies":"Small Slimes","floor":3.0,"turns":4.0},{"damage":5.0,"enemies":"Jaw Worm","floor":4.0,"turns":3.0},{"damage":10.0,"enemies":"Lagavulin","floor":7.0,"turns":8.0},{"damage":21.0,"enemies":"3 Sentries","floor":10.0,"turns":9.0},{"damage":8.0,"enemies":"Exordium Thugs","floor":11.0,"turns":3.0},{"damage":8.0,"enemies":"Large Slime","floor":14.0,"turns":4.0},{"damage":20.0,"enemies":"The Guardian","floor":16.0,"turns":10.0},{"damage":0.0,"enemies":"Spheric Guardian","floor":18.0,"turns":5.0},{"damage":7.0,"enemies":"Shell Parasite","floor":20.0,"turns":4.0},{"damage":13.0,"enemies":"3 Cultists","floor":21.0,"turns":6.0},{"damage":15.0,"enemies":"Snake Plant","floor":24.0,"turns":6.0},{"damage":37.0,"enemies":"Slavers","floor":25.0,"turns":6.0},{"damage":36,"enemies":"Book of Stabbing","floor":28,"turns":6},{"damage":5,"enemies":"Colosseum Slavers","floor":29,"turns":5},{"damage":3,"enemies":"Centurion and Healer","floor":30,"turns":8},{"damage":7,"enemies":"Chosen and Byrds","floor":31,"turns":5},{"damage":151,"enemies":"Collector","floor":33,"turns":11}],"seed_played":"-7200676555728924459","potions_obtained":[{"floor":10.0,"key":"EssenceOfSteel"},{"floor":11.0,"key":"Ancient Potion"},{"floor":14.0,"key":"Swift Potion"},{"floor":16.0,"key":"SpeedPotion"},{"floor":18.0,"key":"GamblersBrew"},{"floor":21.0,"key":"Explosive Potion"},{"floor":25.0,"key":"GamblersBrew"}],"is_trial":false,"path_per_floor":["M","$","M","M","?","R","E","R","T","E","M","T","R","M","R","B",null,"M","?","M","M","$","R","M","E","T","R","E","?","M","M","R","B"],"character_chosen":"DEFECT","items_purchased":["Glacier","Go for the Eyes","Self Repair","Medical Kit","Melter","Capacitor"],"campfire_rested":3,"item_purchase_floors":[2,2,2,22,22,22],"current_hp_per_floor":[75,75,75,75,75,75,75,75,75,64,56,56,56,58,75,65,75,75,75,75,72,72,72,57,30,40,65,45,54,67,74,74,0],"gold":140,"neow_bonus":"HUNDRED_GOLD","is_prod":false,"is_daily":false,"chose_seed":false,"campfire_upgraded":4,"win_rate":0,"timestamp":1567366029,"path_taken":["M","$","?","M","?","R","E","R","T","E","M","?","R","?","R","BOSS","M","?","M","M","$","R","?","E","T","R","E","?","M","M","R","BOSS"],"build_version":"2019-07-17","purchased_purges":0,"victory":false,"max_hp_per_floor":[75,75,75,75,75,75,75,75,75,75,75,75,75,75,75,75,75,75,75,75,75,75,75,75,75,85,85,85,85,85,85,85,85],"card_choices":[{"not_picked":["Stack","Coolheaded"],"picked":"Cold Snap","floor":1.0},{"not_picked":["Go for the Eyes","Coolheaded"],"picked":"Ball Lightning","floor":3.0},{"not_picked":["Loop","Leap"],"picked":"Coolheaded","floor":4.0},{"not_picked":["Recycle","Redo"],"picked":"Lockon","floor":7.0},{"not_picked":["Leap","Rebound"],"picked":"Doom and Gloom","floor":10.0},{"not_picked":["Steam","Scrape","Doom and Gloom"],"picked":"SKIP","floor":11.0},{"not_picked":["Reinforced Body","Doom and Gloom"],"picked":"Conserve Battery","floor":14.0},{"not_picked":["Reboot","All For One"],"picked":"Biased Cognition","floor":16.0},{"not_picked":["Fusion","Rebound"],"picked":"Undo","floor":18.0},{"not_picked":["Force Field+1","Darkness","Steam Power"],"picked":"SKIP","floor":20.0},{"not_picked":["Rebound","Skim+1"],"picked":"BootSequence+1","floor":21.0},{"not_picked":["Sweeping Beam","Gash+1","Barrage"],"picked":"SKIP","floor":24.0},{"not_picked":["Doom and Gloom+1","Melter+1"],"picked":"Reinforced Body","floor":25.0},{"not_picked":["Fusion","Go for the Eyes","Barrage"],"picked":"SKIP","floor":28},{"not_picked":["Cold Snap","Leap+1","Gash"],"picked":"SKIP","floor":30},{"not_picked":["Ball Lightning","Undo+1"],"picked":"Hologram","floor":31}],"player_experience":494242,"relics_obtained":[{"floor":7.0,"key":"Potion Belt"},{"floor":9.0,"key":"Smiling Mask"},{"floor":10.0,"key":"Dodecahedron"},{"floor":12.0,"key":"Boot"},{"floor":25.0,"key":"Bird Faced Urn"},{"floor":26.0,"key":"Pear"},{"floor":28,"key":"Gremlin Horn"}],"event_choices":[{"damage_healed":0.0,"max_hp_gain":0.0,"max_hp_loss":0.0,"gold_gain":0.0,"event_name":"Living Wall","player_choice":"Grow","floor":5.0,"gold_loss":0.0,"damage_taken":0.0,"cards_upgraded":["Self Repair"]},{"damage_healed":0.0,"max_hp_gain":0.0,"max_hp_loss":0.0,"gold_gain":0.0,"event_name":"Accursed Blacksmith","player_choice":"Forge","floor":19.0,"gold_loss":0.0,"damage_taken":0.0,"cards_upgraded":["Biased Cognition"]},{"damage_healed":0,"gold_gain":0,"player_choice":"Fight","damage_taken":0,"max_hp_gain":0,"max_hp_loss":0,"event_name":"Colosseum","floor":29,"gold_loss":0},{"damage_healed":0,"gold_gain":0,"player_choice":"Fled From Nobs","damage_taken":0,"max_hp_gain":0,"max_hp_loss":0,"event_name":"Colosseum","floor":29,"gold_loss":0}],"is_beta":false,"boss_relics":[{"not_picked":["Coffee Dripper","Fusion Hammer"],"picked":"Lizard Tail"}],"items_purged_floors":[],"is_endless":false,"potions_floor_spawned":[10,11,14,16,18,21,25],"killed_by":"Collector","ascension_level":4}