{"gold_per_floor":[115,133,144,144,144,172,23,23,76,101,118,128,128,10,10,129,129,143,13,13,13,33,33],"floor_reached":23,"playtime":1477,"items_purged":["Strike_B","Strike_B","Defend_B"],"score":395,"play_id":"86e98085-48f3-42e9-b452-828e774c3abd","local_time":"20190925164825","is_ascension_mode":true,"campfire_choices":[{"data":"Defragment","floor":8.0,"key":"SMITH"},{"floor":15.0,"key":"REST"}],"neow_cost":"NONE","seed_source_timestamp":0,"circlet_count":0,"master_deck":["Strike_B","Defend_B","Defend_B","Defend_B","Zap","Dualcast","Loop","Cold Snap","Doom and Gloom","Amplify","Cold Snap","Defragment+1","Streamline","BootSequence","Heatsinks","Melter","Undo","Core Surge","Compile Driver","Defragment","Ghostly","Ghostly","Ghostly","Ghostly","Ghostly","Reinforced Body"],"special_seed":0,"relics":["Cracked Core","Smiling Mask","DataDisk","PreservedInsect","Omamori","Golden Idol","Eternal Feather","Turnip"],"potions_floor_usage":[22,23],"damage_taken":[{"damage":4.0,"enemies":"Jaw Worm","floor":1.0,"turns":4.0},{"damage":2.0,"enemies":"2 Louse","floor":2.0,"turns":3.0},{"damage":0.0,"enemies":"Cultist","floor":3.0,"turns":4.0},{"damage":23.0,"enemies":"Lagavulin","floor":6.0,"turns":8.0},{"damage":7.0,"enemies":"3 Sentries","floor":10.0,"turns":5.0},{"damage":0.0,"enemies":"3 Louse","floor":11.0,"turns":3.0},{"damage":0.0,"enemies":"Looter","floor":12.0,"turns":3.0},{"damage":0.0,"enemies":"The Guardian","floor":16.0,"turns":8.0},{"damage":8,"enemies":"Chosen","floor":18,"turns":5},{"damage":1,"enemies":"Shell Parasite","floor":22,"turns":6},{"damage":40,"enemies":"Gremlin Leader","floor":23,"turns":7}],"seed_played":"-4082968524401002510","potions_obtained":[{"floor":1.0,"key":"Swift Potion"},{"floor":6.0,"key":"SkillPotion"},{"floor":10.0,"key":"AttackPotion"},{"floor":16.0,"key":"Swift Potion"},{"floor":18,"key":"PowerPotion"}],"is_trial":false,"path_per_floor":["M","M","M","?","?","E","$","R","T","E","M","M","?","$","R","B",null,"M","$","?","?","M","E"],"character_chosen":"DEFECT","items_purchased":["Defragment","Streamline","Undo","Defragment"],"campfire_rested":1,"item_purchase_floors":[7,7,14,19],"current_hp_per_floor":[71,69,69,66,66,43,43,43,43,36,36,36,36,36,58,58,72,64,64,64,38,37,0],"gold":33,"neow_bonus":"TEN_PERCENT_HP_BONUS","is_prod":false,"is_daily":false,"chose_seed":false,"campfire_upgraded":1,"win_rate":0,"timestamp":1569394105,"path_taken":["M","M","M","?","?","E","$","R","T","E","?","M","?","$","R","BOSS","M","$","?","?","M","E"],"build_version":"2019-07-17","purchased_purges":3,"victory":false,"max_hp_per_floor":[82,82,82,82,82,82,82,82,82,82,82,82,76,76,76,76,76,76,76,76,38,38,38],"card_choices":[{"not_picked":["Chill","Barrage"],"picked":"Loop","floor":1.0},{"not_picked":["Compile Driver","Force Field"],"picked":"Cold Snap","floor":2.0},{"not_picked":["Hello World","Gash"],"picked":"Doom and Gloom","floor":3.0},{"not_picked":["Fission","Stack"],"picked":"Cold Snap","floor":6.0},{"not_picked":["Heatsinks","Stack"],"picked":"BootSequence","floor":10.0},{"not_picked":["Chaos","Coolheaded"],"picked":"Heatsinks","floor":11.0},{"not_picked":["Compile Driver","Redo"],"picked":"Melter","floor":12.0},{"not_picked":["Multi-Cast","Meteor Strike"],"picked":"Core Surge","floor":16.0},{"not_picked":["Hello World+1","Barrage"],"picked":"Compile Driver","floor":18},{"not_picked":["Streamline","Go for the Eyes"],"picked":"Reinforced Body","floor":22}],"player_experience":687239,"relics_obtained":[{"floor":6.0,"key":"DataDisk"},{"floor":9.0,"key":"PreservedInsect"},{"floor":10.0,"key":"Omamori"}],"event_choices":[{"damage_healed":0.0,"max_hp_gain":0.0,"max_hp_loss":0.0,"gold_gain":0.0,"event_name":"Scrap Ooze","player_choice":"Success","floor":4.0,"gold_loss":0.0,"damage_taken":3.0,"relics_obtained":["Smiling Mask"]},{"damage_healed":0.0,"max_hp_gain":0.0,"max_hp_loss":0.0,"gold_gain":0.0,"cards_transformed":["Strike_B"],"event_name":"Transmorgrifier","player_choice":"Transformed","floor":5.0,"gold_loss":0.0,"damage_taken":0.0,"cards_obtained":["Amplify"]},{"damage_healed":0.0,"max_hp_gain":0.0,"max_hp_loss":6.0,"gold_gain":0.0,"event_name":"Golden Idol","player_choice":"Lose Max HP","floor":13.0,"gold_loss":0.0,"damage_taken":0.0,"relics_obtained":["Golden Idol"]},{"damage_healed":0,"gold_gain":0,"player_choice":"Opened","damage_taken":0,"relics_obtained":["Turnip"],"max_hp_gain":0,"max_hp_loss":0,"event_name":"The Mausoleum","floor":20,"gold_loss":0},{"damage_healed":0,"gold_gain":0,"player_choice":"Became a Ghost","damage_taken":0,"max_hp_gain":0,"max_hp_loss":38,"event_name":"Ghosts","floor":21,"gold_loss":0,"cards_obtained":["Ghostly","Ghostly","Ghostly","Ghostly","Ghostly"]}],"is_beta":false,"boss_relics":[{"not_picked":["Empty Cage","Lizard Tail"],"picked":"Eternal Feather"}],"items_purged_floors":[7,14,19],"is_endless":false,"potions_floor_spawned":[1,6,10,16,18],"killed_by":"Gremlin Leader","ascension_level":7}