{"gold_per_floor":[118,14,32,47,122,157,174,174,223,240,256,281,57,82,82,183,183,199,210,26,26,43,68,68,102,102,127,127,155,169,169,169,272,272,289,289,337,353,453,487,487,505,505,56,85,85,85,100,100,100],"floor_reached":50,"playtime":3266,"items_purged":["Defend_R","Defend_R","Strike_R"],"score":743,"play_id":"1096fe8d-725d-43eb-9c16-06afd11f421a","local_time":"20190920112626","is_ascension_mode":true,"campfire_choices":[{"floor":8,"key":"REST"},{"floor":15,"key":"REST"},{"floor":24,"key":"REST"},{"floor":28,"key":"REST"},{"floor":32,"key":"REST"},{"floor":41,"key":"DIG"},{"floor":49,"key":"REST"}],"neow_cost":"NONE","seed_source_timestamp":222392518638400,"circlet_count":0,"master_deck":["Strike_R","Strike_R","Strike_R","Strike_R","Defend_R+1","Bash","Rage","Inflame","Infernal Blade","Anger+1","Flame Barrier","Whirlwind+1","Dropkick+1","Bludgeon+1","Thunderclap+1","Finesse","Demon Form","Flex","Double Tap+1","Blood for Blood+1","Twin Strike+1","Clash+1","Immolate+1","Iron Wave+1","Whirlwind+1","Impervious","Heavy Blade+1","Writhe","Armaments+1"],"relics":["Burning Blood","Molten Egg 2","Happy Flower","Juzu Bracelet","Ornamental Fan","Velvet Choker","Dead Branch","Shovel","Lantern","Question Card","Unceasing Top","White Beast Statue","War Paint","Pocketwatch","Centennial Puzzle","PreservedInsect","Self Forming Clay","Letter Opener","Blue Candle"],"potions_floor_usage":[14,16,19,23,25,25,29,30,33,39,40,40,42,45,46,50,50,50],"damage_taken":[{"damage":6,"enemies":"Cultist","floor":1,"turns":3},{"damage":4,"enemies":"Small Slimes","floor":3,"turns":3},{"damage":6,"enemies":"Jaw Worm","floor":4,"turns":2},{"damage":38,"enemies":"Gremlin Nob","floor":6,"turns":4},{"damage":21,"enemies":"Lots of Slimes","floor":7,"turns":4},{"damage":13,"enemies":"Blue Slaver","floor":10,"turns":3},{"damage":6,"enemies":"Exordium Thugs","floor":11,"turns":3},{"damage":14,"enemies":"3 Sentries","floor":12,"turns":7},{"damage":12,"enemies":"Gremlin Nob","floor":14,"turns":3},{"damage":8,"enemies":"Slime Boss","floor":16,"turns":6},{"damage":12,"enemies":"Shell Parasite","floor":18,"turns":3},{"damage":12,"enemies":"2 Thieves","floor":19,"turns":3},{"damage":8,"enemies":"Cultist and Chosen","floor":22,"turns":3},{"damage":26,"enemies":"Book of Stabbing","floor":23,"turns":4},{"damage":10,"enemies":"Gremlin Leader","floor":25,"turns":4},{"damage":35,"enemies":"Book of Stabbing","floor":27,"turns":5},{"damage":24,"enemies":"Slavers","floor":29,"turns":3},{"damage":0,"enemies":"Centurion and Healer","floor":30,"turns":1},{"damage":24,"enemies":"Champ","floor":33,"turns":6},{"damage":3,"enemies":"Orb Walker","floor":35,"turns":2},{"damage":0,"enemies":"3 Shapes","floor":38,"turns":2},{"damage":21,"enemies":"Mind Bloom Boss Battle","floor":39,"turns":4},{"damage":44,"enemies":"Reptomancer","floor":40,"turns":4},{"damage":34,"enemies":"Sphere and 2 Shapes","floor":42,"turns":3},{"damage":17,"enemies":"Giant Head","floor":45,"turns":6},{"damage":1,"enemies":"Jaw Worm Horde","floor":48,"turns":1},{"damage":161,"enemies":"Time Eater","floor":50,"turns":9}],"seed_played":"-6388002043334958673","potions_obtained":[{"floor":7,"key":"Ancient Potion"},{"floor":10,"key":"Energy Potion"},{"floor":14,"key":"EntropicBrew"},{"floor":16,"key":"PowerPotion"},{"floor":18,"key":"PowerPotion"},{"floor":21,"key":"Block Potion"},{"floor":25,"key":"SteroidPotion"},{"floor":27,"key":"Block Potion"},{"floor":30,"key":"Explosive Potion"},{"floor":35,"key":"Block Potion"},{"floor":38,"key":"SneckoOil"},{"floor":39,"key":"BloodPotion"},{"floor":40,"key":"EssenceOfSteel"},{"floor":42,"key":"GamblersBrew"},{"floor":45,"key":"Fruit Juice"},{"floor":48,"key":"Energy Potion"}],"is_trial":false,"path_per_floor":["M","$","M","M","?","E","M","R","T","M","M","E","$","E","R","B",null,"M","M","$","?","M","E","R","E","T","E","R","E","M","?","R","B",null,"M","?","T","M","?","E","R","M","T","$","E","$","?","M","R","B"],"character_chosen":"IRONCLAD","items_purchased":["Inflame","Infernal Blade","Whirlwind+1","EssenceOfSteel","Finesse","Letter Opener","BloodPotion"],"campfire_rested":6,"item_purchase_floors":[2,2,13,13,20,44,44],"current_hp_per_floor":[80,80,80,80,69,37,22,46,46,39,39,31,31,25,49,47,80,74,68,68,68,66,46,70,66,66,37,61,43,49,49,73,55,80,80,80,80,80,65,47,47,39,39,39,28,33,54,59,84,0],"gold":100,"neow_bonus":"THREE_CARDS","is_prod":false,"is_daily":false,"chose_seed":false,"campfire_upgraded":0,"win_rate":0,"timestamp":1569003986,"path_taken":["M","?","M","M","?","E","M","R","T","M","M","E","$","E","R","BOSS","M","M","$","?","M","E","R","E","T","E","R","E","M","?","R","BOSS","M","?","?","M","?","E","R","M","T","?","E","$","?","M","R","BOSS"],"build_version":"2019-07-17","purchased_purges":3,"victory":false,"max_hp_per_floor":[80,80,80,80,80,80,80,80,80,80,80,80,80,80,80,80,80,80,80,80,80,80,80,80,80,80,80,80,80,80,80,80,80,80,80,80,80,80,80,80,80,80,80,80,80,85,85,85,85,85],"card_choices":[{"not_picked":["Headbutt","Heavy Blade"],"picked":"Rage","floor":1},{"not_picked":["Havoc","Corruption","Wild Strike"],"picked":"SKIP","floor":3},{"not_picked":["Disarm","Combust"],"picked":"Spot Weakness","floor":4},{"not_picked":["Inflame","Feel No Pain","Bloodletting"],"picked":"SKIP","floor":6},{"not_picked":["Spot Weakness","Flex"],"picked":"Anger+1","floor":7},{"not_picked":["Clothesline+1","Havoc"],"picked":"Flame Barrier","floor":10},{"not_picked":["True Grit","Combust","Power Through"],"picked":"SKIP","floor":11},{"not_picked":["Juggernaut","Warcry","Disarm"],"picked":"SKIP","floor":12},{"not_picked":["Body Slam+1","Thunderclap+1"],"picked":"Dropkick+1","floor":14},{"not_picked":["Offering","Exhume"],"picked":"Bludgeon+1","floor":16},{"not_picked":["Spot Weakness+1","Combust"],"picked":"Thunderclap+1","floor":18},{"not_picked":["Clothesline+1","Sentinel","Reckless Charge+1"],"picked":"SKIP","floor":19},{"not_picked":["Anger+1","Headbutt+1"],"picked":"Demon Form","floor":22},{"not_picked":["Dropkick+1","Sever Soul+1"],"picked":"Flex","floor":23},{"not_picked":["Headbutt+1","Warcry+1"],"picked":"Double Tap","floor":25},{"not_picked":["Sever Soul+1","Headbutt+1"],"picked":"Blood for Blood+1","floor":27},{"not_picked":["Intimidate","Bloodletting","Blood for Blood+1"],"picked":"Twin Strike+1","floor":29},{"not_picked":["Wild Strike+1","Pommel Strike+1","Twin Strike+1"],"picked":"Clash+1","floor":30},{"not_picked":["Bludgeon+1","Barricade","Feed+1"],"picked":"Immolate+1","floor":33},{"not_picked":["Wild Strike+1","Body Slam+1","Clothesline+1","Shockwave"],"picked":"SKIP","floor":35},{"not_picked":["Warcry","True Grit+1","Shrug It Off"],"picked":"Iron Wave+1","floor":38},{"not_picked":["Reckless Charge+1","Warcry","Twin Strike+1"],"picked":"Whirlwind+1","floor":39},{"not_picked":["Battle Trance+1","Pommel Strike+1","Seeing Red+1"],"picked":"Impervious","floor":40},{"not_picked":["Bloodletting","Shrug It Off+1","Sword Boomerang+1","Warcry"],"picked":"SKIP","floor":42},{"not_picked":["Havoc","Sword Boomerang+1","Headbutt+1"],"picked":"Heavy Blade+1","floor":45},{"not_picked":["Heavy Blade+1","Warcry","Clash+1"],"picked":"Armaments+1","floor":48}],"player_experience":24606,"relics_obtained":[{"floor":6,"key":"Molten Egg 2"},{"floor":9,"key":"Happy Flower"},{"floor":12,"key":"Juzu Bracelet"},{"floor":14,"key":"Ornamental Fan"},{"floor":23,"key":"Dead Branch"},{"floor":25,"key":"Shovel"},{"floor":26,"key":"Lantern"},{"floor":27,"key":"Question Card"},{"floor":29,"key":"Unceasing Top"},{"floor":37,"key":"War Paint"},{"floor":39,"key":"Pocketwatch"},{"floor":40,"key":"Centennial Puzzle"},{"floor":41,"key":"PreservedInsect"},{"floor":43,"key":"Self Forming Clay"},{"floor":45,"key":"Blue Candle"}],"event_choices":[{"damage_healed":0,"gold_gain":75,"player_choice":"Gather Gold","damage_taken":11,"max_hp_gain":0,"max_hp_loss":0,"event_name":"World of Goop","floor":5,"gold_loss":0},{"damage_healed":0,"gold_gain":0,"player_choice":"Got Potions","damage_taken":0,"max_hp_gain":0,"max_hp_loss":0,"event_name":"Lab","floor":21,"gold_loss":0},{"cards_removed":["Defend_R"],"damage_healed":0,"gold_gain":0,"player_choice":"Elegance","damage_taken":0,"max_hp_gain":0,"max_hp_loss":0,"event_name":"Back to Basics","floor":31,"gold_loss":0},{"cards_removed":["Spot Weakness"],"damage_healed":0,"gold_gain":0,"player_choice":"Removed Skill","damage_taken":0,"max_hp_gain":0,"max_hp_loss":0,"event_name":"Falling","floor":36,"gold_loss":0},{"damage_healed":0,"gold_gain":0,"player_choice":"Fight","damage_taken":0,"max_hp_gain":0,"max_hp_loss":0,"event_name":"MindBloom","floor":39,"gold_loss":0},{"damage_healed":21,"gold_gain":0,"player_choice":"Writhe","damage_taken":0,"max_hp_gain":0,"max_hp_loss":0,"event_name":"Winding Halls","floor":47,"gold_loss":0,"cards_obtained":["Writhe"]}],"is_beta":false,"boss_relics":[{"not_picked":["Fusion Hammer","Runic Dome"],"picked":"Velvet Choker"},{"not_picked":["Astrolabe","Philosopher\u0027s Stone"],"picked":"White Beast Statue"}],"items_purged_floors":[13,20,44],"is_endless":false,"potions_floor_spawned":[7,10,14,16,18,25,27,30,35,38,39,40,42,45,48],"killed_by":"Time Eater","ascension_level":4}