{"gold_per_floor":[116,131,131,131,144,144,69,69,94,113,124,124,152,172,172,267,267,283,23,23,33,53,53,86,86,151,232,244,268,32,47,47,150,150,166,186,198,298,298,298,298,298,298,32,32,50,64,64,64,64],"floor_reached":50,"playtime":4656,"items_purged":["Pain","Shame"],"score":647,"play_id":"9227853a-dcc0-490d-963d-4bc4b1d312e3","local_time":"20190829180950","is_ascension_mode":true,"campfire_choices":[{"data":"Clothesline","floor":6.0,"key":"SMITH"},{"data":"Corruption","floor":8.0,"key":"SMITH"},{"data":"Cleave","floor":12.0,"key":"SMITH"},{"floor":15.0,"key":"REST"},{"floor":23.0,"key":"REST"},{"floor":28.0,"key":"REST"},{"floor":32.0,"key":"REST"},{"data":"Demon Form","floor":40.0,"key":"SMITH"},{"data":"Flame Barrier","floor":45.0,"key":"SMITH"},{"floor":49.0,"key":"REST"}],"neow_cost":"NONE","seed_source_timestamp":0,"circlet_count":0,"master_deck":["Bash","Clothesline+1","Body Slam+1","Corruption+1","Cleave+1","Second Wind+1","Demon Form+1","Anger","Double Tap+1","Inflame","Blood for Blood","Infernal Blade","Berserk","Warcry","Corruption","Fire Breathing","Infernal Blade+1","Iron Wave","Whirlwind","Shrug It Off","Shrug It Off+1","Impervious","Pummel+1","Parasite","Armaments","Pommel Strike","Purity","Ghostly Armor","Flame Barrier+1","Feed"],"special_seed":0,"relics":["Burning Blood","WarpedTongs","Art of War","StoneCalendar","Pandora\u0027s Box","Bottled Tornado","War Paint","Juzu Bracelet","MawBank","Orichalcum","Ornamental Fan","Philosopher\u0027s Stone","Calipers","Sundial","Mercury Hourglass"],"potions_floor_usage":[50,50],"damage_taken":[{"damage":8.0,"enemies":"2 Louse","floor":1.0,"turns":2.0},{"damage":0.0,"enemies":"Small Slimes","floor":2.0,"turns":3.0},{"damage":3.0,"enemies":"Cultist","floor":5.0,"turns":4.0},{"damage":13.0,"enemies":"Blue Slaver","floor":10.0,"turns":4.0},{"damage":14.0,"enemies":"3 Louse","floor":11.0,"turns":4.0},{"damage":35.0,"enemies":"3 Sentries","floor":13.0,"turns":6.0},{"damage":11.0,"enemies":"Looter","floor":14.0,"turns":3.0},{"damage":21.0,"enemies":"The Guardian","floor":16.0,"turns":10.0},{"damage":23.0,"enemies":"Shell Parasite","floor":18.0,"turns":4.0},{"damage":11.0,"enemies":"Spheric Guardian","floor":21.0,"turns":3.0},{"damage":36.0,"enemies":"Snake Plant","floor":22.0,"turns":3.0},{"damage":35.0,"enemies":"Book of Stabbing","floor":24.0,"turns":3.0},{"damage":36.0,"enemies":"Shelled Parasite and Fungi","floor":29.0,"turns":4.0},{"damage":38.0,"enemies":"Centurion and Healer","floor":31.0,"turns":5.0},{"damage":34.0,"enemies":"Collector","floor":33.0,"turns":8.0},{"damage":26.0,"enemies":"3 Darklings","floor":35.0,"turns":3.0},{"damage":4.0,"enemies":"Orb Walker","floor":36.0,"turns":3.0},{"damage":22.0,"enemies":"Writhing Mass","floor":37.0,"turns":4.0},{"damage":0.0,"enemies":"Mind Bloom Boss Battle","floor":38.0,"turns":4.0},{"damage":8.0,"enemies":"Maw","floor":46.0,"turns":6.0},{"damage":31.0,"enemies":"Spire Growth","floor":47.0,"turns":5.0},{"damage":42,"enemies":"Time Eater","floor":50,"turns":4}],"seed_played":"8939027638114340903","potions_obtained":[{"floor":2.0,"key":"AttackPotion"},{"floor":5.0,"key":"FairyPotion"},{"floor":10.0,"key":"BloodPotion"},{"floor":16.0,"key":"Block Potion"},{"floor":18.0,"key":"Energy Potion"},{"floor":21.0,"key":"Block Potion"},{"floor":22.0,"key":"SkillPotion"},{"floor":35.0,"key":"Weak Potion"},{"floor":37.0,"key":"LiquidBronze"},{"floor":47.0,"key":"Poison Potion"}],"is_trial":false,"path_per_floor":["M","M","?","?","M","R","$","R","T","M","M","R","E","M","R","B",null,"M","$","?","M","M","R","E","?","T","T","R","M","$","M","R","B",null,"M","M","M","?","?","R","?","T","T","$","R","M","M","?","R","B"],"character_chosen":"IRONCLAD","items_purchased":["Bottled Tornado","Shrug It Off","SpeedPotion","Regen Potion","Ghostly Armor","Flame Barrier","Feed"],"campfire_rested":5,"item_purchase_floors":[19,30,30,30,44,44,44],"current_hp_per_floor":[78,84,84,84,87,87,87,87,87,80,72,72,65,60,86,71,84,67,67,67,62,32,58,29,29,29,29,55,25,25,17,43,15,70,50,52,36,42,42,42,42,42,42,42,42,40,15,15,41,0],"gold":64,"neow_bonus":"TEN_PERCENT_HP_BONUS","is_prod":false,"is_daily":false,"chose_seed":false,"campfire_upgraded":5,"win_rate":0,"timestamp":1567066190,"path_taken":["M","M","?","?","M","R","$","R","T","M","M","R","E","M","R","BOSS","M","?","?","M","M","R","E","?","T","?","R","M","$","M","R","BOSS","M","M","M","?","?","R","?","?","T","$","R","M","M","?","R","BOSS"],"build_version":"2019-07-17","purchased_purges":2,"victory":false,"max_hp_per_floor":[88,88,88,88,88,88,88,88,88,88,88,88,88,88,88,88,88,88,88,88,88,88,88,88,88,88,88,88,88,88,88,88,88,88,88,88,88,88,88,88,88,88,88,88,88,88,88,88,88,88],"card_choices":[{"not_picked":["Warcry","Carnage"],"picked":"Clothesline","floor":1.0},{"not_picked":["Clothesline","Cleave"],"picked":"Body Slam","floor":2.0},{"not_picked":["Fire Breathing","Power Through"],"picked":"Corruption","floor":5.0},{"not_picked":["Battle Trance","Flex"],"picked":"Cleave","floor":10.0},{"not_picked":["Searing Blow","Clash"],"picked":"Second Wind","floor":11.0},{"not_picked":["Perfected Strike","Thunderclap","Warcry"],"picked":"SKIP","floor":13.0},{"not_picked":["Clothesline","Corruption","Burning Pact"],"picked":"SKIP","floor":14.0},{"not_picked":["Barricade","Exhume"],"picked":"Demon Form","floor":16.0},{"not_picked":["Clash+1","Uppercut","Thunderclap+1"],"picked":"SKIP","floor":18.0},{"not_picked":["Flex","Thunderclap"],"picked":"Infernal Blade+1","floor":21.0},{"not_picked":["Body Slam","Anger+1"],"picked":"Iron Wave","floor":22.0},{"not_picked":["Rupture+1","Hemokinesis","Headbutt"],"picked":"SKIP","floor":24.0},{"not_picked":["Havoc","Iron Wave"],"picked":"Whirlwind","floor":29.0},{"not_picked":["Wild Strike+1","Cleave"],"picked":"Shrug It Off+1","floor":31.0},{"not_picked":["Barricade","Double Tap"],"picked":"Impervious","floor":33.0},{"not_picked":["Pommel Strike","Rampage"],"picked":"Pummel+1","floor":35.0},{"not_picked":["Havoc+1","Flex","Second Wind+1"],"picked":"SKIP","floor":36.0},{"not_picked":["Pummel","Flex+1"],"picked":"Armaments","floor":37.0},{"not_picked":["Anger+1","Body Slam+1"],"picked":"Pommel Strike","floor":38.0},{"not_picked":["Violence","Discovery"],"picked":"Purity","floor":41.0},{"not_picked":["Havoc+1","Flex+1","Anger+1"],"picked":"SKIP","floor":46.0},{"not_picked":["Feel No Pain","Evolve","Iron Wave"],"picked":"SKIP","floor":47.0}],"player_experience":442173,"relics_obtained":[{"floor":9.0,"key":"Art of War"},{"floor":13.0,"key":"StoneCalendar"},{"floor":24.0,"key":"Juzu Bracelet"},{"floor":26.0,"key":"Orichalcum"},{"floor":27.0,"key":"Ornamental Fan"},{"floor":38.0,"key":"Calipers"},{"floor":42.0,"key":"Sundial"},{"floor":43.0,"key":"Mercury Hourglass"}],"event_choices":[{"damage_healed":0.0,"max_hp_gain":0.0,"max_hp_loss":0.0,"gold_gain":0.0,"event_name":"Living Wall","player_choice":"Grow","floor":3.0,"gold_loss":0.0,"damage_taken":0.0,"cards_upgraded":["Body Slam"]},{"damage_healed":0.0,"max_hp_gain":0.0,"max_hp_loss":0.0,"gold_gain":0.0,"event_name":"Accursed Blacksmith","player_choice":"Rummage","floor":4.0,"gold_loss":0.0,"damage_taken":0.0,"relics_obtained":["WarpedTongs"],"cards_obtained":["Pain"]},{"damage_healed":0.0,"max_hp_gain":0.0,"max_hp_loss":0.0,"gold_gain":0.0,"event_name":"Addict","player_choice":"Stole Relic","floor":20.0,"gold_loss":0.0,"damage_taken":0.0,"relics_obtained":["War Paint"],"cards_obtained":["Shame"]},{"damage_healed":0.0,"max_hp_gain":0.0,"max_hp_loss":0.0,"gold_gain":0.0,"event_name":"The Mausoleum","player_choice":"Opened","floor":25.0,"gold_loss":0.0,"damage_taken":0.0,"relics_obtained":["MawBank"]},{"damage_healed":0.0,"max_hp_gain":0.0,"max_hp_loss":0.0,"gold_gain":0.0,"event_name":"MindBloom","player_choice":"Fight","floor":38.0,"gold_loss":0.0,"damage_taken":0.0},{"damage_healed":0.0,"max_hp_gain":0.0,"max_hp_loss":0.0,"gold_gain":0.0,"event_name":"The Moai Head","player_choice":"Ignored","floor":39.0,"gold_loss":0.0,"damage_taken":0.0},{"damage_healed":0.0,"max_hp_gain":0.0,"max_hp_loss":0.0,"gold_gain":0.0,"event_name":"SensoryStone","player_choice":"Memory 1","floor":41.0,"gold_loss":0.0,"damage_taken":0.0},{"damage_healed":0.0,"max_hp_gain":0.0,"max_hp_loss":0.0,"gold_gain":0.0,"event_name":"Mysterious Sphere","player_choice":"Ignored","floor":48.0,"gold_loss":0.0,"damage_taken":0.0}],"is_beta":false,"boss_relics":[{"not_picked":["Eternal Feather","Velvet Choker"],"picked":"Pandora\u0027s Box"},{"not_picked":["Calling Bell","Runic Cube"],"picked":"Philosopher\u0027s Stone"}],"items_purged_floors":[7,30],"is_endless":false,"potions_floor_spawned":[2,5,10,16,18,21,22,35,37,47],"killed_by":"Time Eater","ascension_level":8}