{"gold_per_floor":[119,130,140,110,135,135,164,95,120,139,170,270,286,315,315,315],"floor_reached":16,"playtime":3578,"items_purged":[],"score":110,"play_id":"90476b3f-56f8-41a0-8922-d7e3bff46bd2","local_time":"20190908233520","is_ascension_mode":false,"campfire_choices":[{"data":"Strike_R","floor":6,"key":"SMITH"},{"floor":15,"key":"REST"}],"neow_cost":"","seed_source_timestamp":359598361003800,"circlet_count":0,"master_deck":["Strike_R+1","Strike_R","Strike_R+1","Strike_R","Strike_R+1","Defend_R","Defend_R","Defend_R","Defend_R","Bash","Twin Strike","True Grit","Flame Barrier","Perfected Strike","Body Slam","Reaper","Sword Boomerang","Pummel","Power Through","Anger"],"relics":["Burning Blood","Bag of Marbles","Lantern","Potion Belt","Whetstone","Odd Mushroom"],"potions_floor_usage":[16,16,16,16],"damage_taken":[{"damage":10,"enemies":"Cultist","floor":1,"turns":4},{"damage":9,"enemies":"Small Slimes","floor":2,"turns":5},{"damage":6,"enemies":"Jaw Worm","floor":3,"turns":4},{"damage":8,"enemies":"Looter","floor":4,"turns":4},{"damage":29,"enemies":"Gremlin Nob","floor":7,"turns":5},{"damage":17,"enemies":"3 Louse","floor":10,"turns":5},{"damage":38,"enemies":"3 Sentries","floor":11,"turns":10},{"damage":0,"enemies":"Blue Slaver","floor":13,"turns":3},{"damage":16,"enemies":"The Mushroom Lair","floor":14,"turns":5},{"damage":81,"enemies":"The Guardian","floor":16,"turns":10}],"seed_played":"-9045586361378977543","potions_obtained":[{"floor":3,"key":"SteroidPotion"},{"floor":10,"key":"Regen Potion"},{"floor":11,"key":"EssenceOfSteel"},{"floor":13,"key":"Energy Potion"}],"is_trial":false,"path_per_floor":["M","M","M","M","T","R","E","$","T","M","E","?","M","?","R","B"],"character_chosen":"IRONCLAD","items_purchased":["Reaper"],"campfire_rested":1,"item_purchase_floors":[8],"current_hp_per_floor":[76,73,73,71,71,71,48,48,48,45,21,21,27,35,59,0],"gold":315,"neow_bonus":"","is_prod":false,"is_daily":false,"chose_seed":false,"campfire_upgraded":1,"win_rate":0.0,"timestamp":1568003720,"path_taken":["M","M","M","M","?","R","E","$","T","M","E","?","?","?","R","BOSS"],"build_version":"2019-07-17","purchased_purges":0,"victory":false,"max_hp_per_floor":[80,80,80,80,80,80,80,80,80,80,80,80,80,80,80,80],"card_choices":[{"not_picked":["Thunderclap","Fire Breathing"],"picked":"Twin Strike","floor":1},{"not_picked":["Iron Wave","Intimidate"],"picked":"True Grit","floor":2},{"not_picked":["Clash","Shrug It Off"],"picked":"Flame Barrier","floor":3},{"not_picked":["Shrug It Off","Sword Boomerang"],"picked":"Perfected Strike","floor":4},{"not_picked":["Armaments","Sever Soul"],"picked":"Body Slam","floor":7},{"not_picked":["Perfected Strike","Headbutt"],"picked":"Sword Boomerang","floor":10},{"not_picked":["Second Wind","True Grit"],"picked":"Pummel","floor":11},{"not_picked":["Perfected Strike","Blood for Blood"],"picked":"Power Through","floor":13},{"not_picked":["Uppercut","Sword Boomerang"],"picked":"Anger","floor":14}],"player_experience":0,"relics_obtained":[{"floor":5,"key":"Bag of Marbles"},{"floor":7,"key":"Lantern"},{"floor":9,"key":"Potion Belt"},{"floor":11,"key":"Whetstone"},{"floor":14,"key":"Odd Mushroom"}],"event_choices":[{"damage_healed":0,"gold_gain":100,"player_choice":"Pray","damage_taken":0,"max_hp_gain":0,"max_hp_loss":0,"event_name":"Golden Shrine","floor":12,"gold_loss":0},{"damage_healed":0,"gold_gain":0,"player_choice":"Fought Mushrooms","damage_taken":0,"max_hp_gain":0,"max_hp_loss":0,"event_name":"Mushrooms","floor":14,"gold_loss":0}],"is_beta":false,"boss_relics":[],"items_purged_floors":[],"is_endless":false,"potions_floor_spawned":[3,10,11,13],"killed_by":"The Guardian","ascension_level":0}