{"gold_per_floor":[114,125,75,75,75,75,91,147,172,207,207,126,145,156,156,257,257,274,284,284,74,84,84,112,125,125,35,46,65,65,81,81,81],"floor_reached":33,"playtime":16421,"items_purged":[],"score":282,"play_id":"9a34a4cd-776d-4680-b3f2-2d86a324affa","local_time":"20190915230521","is_ascension_mode":true,"campfire_choices":[{"data":"Blood for Blood","floor":6.0,"key":"SMITH"},{"floor":15.0,"key":"REST"},{"floor":23.0,"key":"REST"},{"floor":32,"key":"REST"}],"neow_cost":"NONE","seed_source_timestamp":0,"circlet_count":0,"master_deck":["Strike_R","Strike_R","Strike_R","Defend_R","Defend_R","Defend_R","Defend_R","Bash+1","Dropkick","Blood for Blood+1","Shrug It Off","Cleave","Disarm","Metallicize","Fire Breathing","Armaments","Barricade","Infernal Blade+1","Carnage+1","Apotheosis","Flex","Armaments","Bloodletting","Heavy Blade+1","Seeing Red+1"],"special_seed":0,"relics":["Burning Blood","PreservedInsect","Shuriken","Mummified Hand","Regal Pillow","Strawberry","Lizard Tail","MutagenicStrength","Pocketwatch","Bronze Scales","Nilry\u0027s Codex"],"potions_floor_usage":[28,28,33,33,33],"damage_taken":[{"damage":7.0,"enemies":"2 Louse","floor":1.0,"turns":3.0},{"damage":5.0,"enemies":"Small Slimes","floor":2.0,"turns":5.0},{"damage":1.0,"enemies":"Jaw Worm","floor":7.0,"turns":3.0},{"damage":21.0,"enemies":"Lagavulin Event","floor":8.0,"turns":5.0},{"damage":6.0,"enemies":"Gremlin Nob","floor":10.0,"turns":3.0},{"damage":15.0,"enemies":"2 Fungi Beasts","floor":13.0,"turns":4.0},{"damage":10.0,"enemies":"Blue Slaver","floor":14.0,"turns":3.0},{"damage":71.0,"enemies":"Slime Boss","floor":16.0,"turns":15.0},{"damage":52.0,"enemies":"3 Byrds","floor":18.0,"turns":8.0},{"damage":18.0,"enemies":"Chosen","floor":19.0,"turns":6.0},{"damage":43.0,"enemies":"Snecko","floor":22.0,"turns":8.0},{"damage":29.0,"enemies":"Book of Stabbing","floor":24.0,"turns":5.0},{"damage":13,"enemies":"Snake Plant","floor":25,"turns":4},{"damage":11,"enemies":"Chosen and Byrds","floor":28,"turns":6},{"damage":20,"enemies":"Snecko","floor":29,"turns":4},{"damage":22,"enemies":"Sentry and Sphere","floor":31,"turns":7},{"damage":60,"enemies":"Collector","floor":33,"turns":6}],"seed_played":"-7676711332520097269","potions_obtained":[{"floor":1.0,"key":"AttackPotion"},{"floor":2.0,"key":"Energy Potion"},{"floor":10.0,"key":"Weak Potion"},{"floor":22.0,"key":"Dexterity Potion"},{"floor":24.0,"key":"Poison Potion"},{"floor":29,"key":"SkillPotion"},{"floor":31,"key":"AttackPotion"}],"is_trial":false,"path_per_floor":["M","M","?","?","?","R","M","?","T","E","?","$","M","M","R","B",null,"M","M","?","$","M","R","E","M","T","?","M","M","?","M","R","B"],"character_chosen":"IRONCLAD","items_purchased":["Metallicize","Apotheosis","Flex"],"campfire_rested":3,"item_purchase_floors":[12,21,21],"current_hp_per_floor":[79,80,80,68,73,73,78,63,63,70,70,70,61,57,92,27,92,46,34,34,34,52,92,69,62,62,62,57,43,27,11,53,0],"gold":81,"neow_bonus":"RANDOM_COMMON_RELIC","is_prod":false,"is_daily":false,"chose_seed":false,"campfire_upgraded":1,"win_rate":0,"timestamp":1568606721,"path_taken":["M","M","?","?","?","R","?","?","T","E","?","?","?","M","R","BOSS","M","M","?","$","M","R","E","M","T","?","M","?","?","M","R","BOSS"],"build_version":"2019-07-17","purchased_purges":0,"victory":false,"max_hp_per_floor":[80,80,80,80,85,85,85,85,85,92,92,92,92,92,92,92,92,92,92,92,92,92,92,92,92,92,92,92,92,92,92,92,92],"card_choices":[{"not_picked":["Twin Strike","Perfected Strike"],"picked":"Dropkick","floor":1.0},{"not_picked":["Clash","Armaments"],"picked":"Blood for Blood","floor":2.0},{"not_picked":["Battle Trance","Clothesline"],"picked":"Shrug It Off","floor":7.0},{"not_picked":["Twin Strike","Headbutt"],"picked":"Cleave","floor":8.0},{"not_picked":["Perfected Strike","Rupture"],"picked":"Disarm","floor":10.0},{"not_picked":["Pommel Strike","Iron Wave"],"picked":"Fire Breathing","floor":13.0},{"not_picked":["Shrug It Off","Wild Strike"],"picked":"Armaments","floor":14.0},{"not_picked":["Feed","Dark Embrace"],"picked":"Barricade","floor":16.0},{"not_picked":["True Grit+1","Sentinel"],"picked":"Infernal Blade+1","floor":18.0},{"not_picked":["Clash","Burning Pact+1"],"picked":"Carnage+1","floor":19.0},{"not_picked":["True Grit","Headbutt"],"picked":"Armaments","floor":22.0},{"not_picked":["Clash+1","Carnage"],"picked":"Bloodletting","floor":24.0},{"not_picked":["Clash","Thunderclap","Pommel Strike+1"],"picked":"SKIP","floor":25},{"not_picked":["Warcry+1","Corruption"],"picked":"Heavy Blade+1","floor":28},{"not_picked":["Cleave+1","Immolate"],"picked":"Seeing Red+1","floor":29},{"not_picked":["Hemokinesis","Sword Boomerang","Armaments"],"picked":"SKIP","floor":31}],"player_experience":194868,"relics_obtained":[{"floor":9.0,"key":"Regal Pillow"},{"floor":10.0,"key":"Strawberry"},{"floor":24.0,"key":"Pocketwatch"},{"floor":26,"key":"Bronze Scales"},{"floor":30,"key":"Nilry\u0027s Codex"}],"event_choices":[{"cards_removed":["Strike_R"],"damage_healed":0.0,"max_hp_gain":0.0,"max_hp_loss":0.0,"gold_gain":0.0,"event_name":"The Cleric","player_choice":"Card Removal","floor":3.0,"gold_loss":50.0,"damage_taken":0.0},{"damage_healed":0.0,"max_hp_gain":0.0,"max_hp_loss":0.0,"gold_gain":0.0,"event_name":"Scrap Ooze","player_choice":"Success","floor":4.0,"gold_loss":0.0,"damage_taken":12.0,"relics_obtained":["Shuriken"]},{"damage_healed":0.0,"max_hp_gain":5.0,"max_hp_loss":0.0,"gold_gain":0.0,"event_name":"Big Fish","player_choice":"Donut","floor":5.0,"gold_loss":0.0,"damage_taken":0.0},{"damage_healed":0.0,"max_hp_gain":0.0,"max_hp_loss":0.0,"gold_gain":30.0,"event_name":"Dead Adventurer","player_choice":"Searched \u00273\u0027 times","floor":8.0,"gold_loss":0.0,"damage_taken":0.0,"relics_obtained":["Mummified Hand"]},{"damage_healed":0.0,"max_hp_gain":0.0,"max_hp_loss":0.0,"gold_gain":0.0,"event_name":"Shining Light","player_choice":"Ignored","floor":11.0,"gold_loss":0.0,"damage_taken":0.0},{"damage_healed":0.0,"max_hp_gain":0.0,"max_hp_loss":0.0,"gold_gain":0.0,"event_name":"Drug Dealer","player_choice":"Inject Mutagens","floor":20.0,"gold_loss":0.0,"damage_taken":0.0,"relics_obtained":["MutagenicStrength"]},{"cards_removed":["Strike_R"],"damage_healed":0,"gold_gain":0,"player_choice":"Upgrade and Remove","damage_taken":0,"max_hp_gain":0,"max_hp_loss":0,"event_name":"Designer","floor":27,"gold_loss":90,"cards_upgraded":["Bash"]},{"damage_healed":0,"gold_gain":0,"player_choice":"Obtained Book","damage_taken":16,"max_hp_gain":0,"max_hp_loss":0,"event_name":"Cursed Tome","floor":30,"gold_loss":0}],"is_beta":false,"boss_relics":[{"not_picked":["Black Blood","Busted Crown"],"picked":"Lizard Tail"}],"items_purged_floors":[],"is_endless":false,"potions_floor_spawned":[1,2,10,22,24,29,31],"killed_by":"Collector","ascension_level":1}