{"gold_per_floor":[109,109,109,125,125,151,165,179,179,179,179,254,254,266,266,266],"floor_reached":16,"playtime":418,"items_purged":[],"score":100,"play_id":"504c962a-5108-4d2d-880b-f378c5330166","local_time":"20190107104045","is_ascension_mode":false,"campfire_choices":[{"data":"Bash","floor":11,"key":"SMITH"},{"floor":13,"key":"REST"},{"floor":15,"key":"REST"}],"neow_cost":"PERCENT_DAMAGE","seed_source_timestamp":755027990577329,"circlet_count":0,"master_deck":["Strike_R","Strike_R","Strike_R","Strike_R","Strike_R","Defend_R","Defend_R","Defend_R","Defend_R","Bash+1","Clash","Parasite"],"relics":["Burning Blood","WingedGreaves","Pear","Vajra","Molten Egg 2"],"potions_floor_usage":[],"damage_taken":[{"damage":1,"enemies":"Cultist","floor":1,"turns":4},{"damage":0,"enemies":"2 Louse","floor":4,"turns":3},{"damage":74,"enemies":"Lagavulin","floor":6,"turns":10},{"damage":0,"enemies":"Small Slimes","floor":7,"turns":3},{"damage":11,"enemies":"2 Fungi Beasts","floor":8,"turns":5},{"damage":15,"enemies":"Exordium Wildlife","floor":14,"turns":5},{"damage":70,"enemies":"Slime Boss","floor":16,"turns":10}],"seed_played":"-1687731294990318430","potions_obtained":[{"floor":6,"key":"FearPotion"},{"floor":7,"key":"Strength Potion"}],"is_trial":false,"path_per_floor":["M","T","$","M","?","E","M","M","T","?","R","?","R","M","R","B"],"character_chosen":"IRONCLAD","items_purchased":[],"campfire_rested":2,"item_purchase_floors":[],"current_hp_per_floor":[61,71,71,77,77,9,15,10,10,32,32,21,48,39,66,0],"gold":266,"neow_bonus":"ONE_RARE_RELIC","is_prod":false,"is_daily":false,"chose_seed":false,"campfire_upgraded":1,"win_rate":0,"timestamp":1546818045,"path_taken":["M","?","?","M","?","E","M","M","T","?","R","?","R","?","R","BOSS"],"build_version":"2019-01-03v4","purchased_purges":0,"victory":false,"max_hp_per_floor":[80,90,90,90,90,90,90,90,90,90,90,90,90,90,90,90],"card_choices":[{"not_picked":["Warcry","Armaments","Infernal Blade"],"picked":"SKIP","floor":1},{"not_picked":["Shrug It Off","Rupture","Warcry"],"picked":"SKIP","floor":4},{"not_picked":["Reckless Charge","Warcry","Fire Breathing"],"picked":"SKIP","floor":6},{"not_picked":["Wild Strike","Sword Boomerang","Metallicize"],"picked":"SKIP","floor":7},{"not_picked":["Dual Wield","Iron Wave"],"picked":"Clash","floor":8},{"not_picked":["Warcry","Corruption","Searing Blow+1"],"picked":"SKIP","floor":14}],"player_experience":203396,"relics_obtained":[{"floor":2,"key":"Pear"},{"floor":6,"key":"Vajra"},{"floor":9,"key":"Molten Egg 2"}],"event_choices":[{"damage_healed":0,"gold_gain":0,"player_choice":"Leave","damage_taken":0,"max_hp_gain":0,"max_hp_loss":0,"event_name":"The Cleric","floor":5,"gold_loss":0},{"damage_healed":22,"gold_gain":0,"player_choice":"Healed and dodged fight","damage_taken":0,"max_hp_gain":0,"max_hp_loss":0,"event_name":"Mushrooms","floor":10,"gold_loss":0,"cards_obtained":["Parasite"]},{"damage_healed":0,"gold_gain":75,"player_choice":"Gather Gold","damage_taken":11,"max_hp_gain":0,"max_hp_loss":0,"event_name":"World of Goop","floor":12,"gold_loss":0}],"is_beta":false,"boss_relics":[],"items_purged_floors":[],"is_endless":false,"potions_floor_spawned":[6,7],"killed_by":"Slime Boss","ascension_level":0}