{"gold_per_floor":[109,109,128,143,161,196,196,208,208,218,235,235,252,427,427,522,522,538,538,538,14,14,14,14],"floor_reached":24,"playtime":852,"items_purged":[],"score":223,"play_id":"6dab66db-6333-4154-80e4-faf5acac4207","local_time":"20190221201101","is_ascension_mode":false,"campfire_choices":[{"floor":7,"key":"REST"},{"floor":15,"key":"REST"},{"floor":23,"key":"REST"}],"neow_cost":"NONE","seed_source_timestamp":646935456088935,"circlet_count":0,"master_deck":["Strike_R+1","Strike_R+1","Strike_R+1","Strike_R+1","Strike_R+1","Defend_R+1","Defend_R+1","Defend_R+1","Bash","Thunderclap","Heavy Blade","Demon Form+1","Clash","Heavy Blade","Doubt","Heavy Blade"],"relics":["Burning Blood","Pear","The Courier","Lizard Tail","Sling","Nunchaku","Bronze Scales"],"potions_floor_usage":[],"damage_taken":[{"damage":2,"enemies":"Small Slimes","floor":1,"turns":3},{"damage":1,"enemies":"Cultist","floor":3,"turns":4},{"damage":20,"enemies":"Jaw Worm","floor":4,"turns":5},{"damage":12,"enemies":"3 Louse","floor":5,"turns":4},{"damage":38,"enemies":"Gremlin Nob","floor":6,"turns":5},{"damage":29,"enemies":"Exordium Wildlife","floor":8,"turns":9},{"damage":8,"enemies":"Large Slime","floor":10,"turns":5},{"damage":10,"enemies":"Looter","floor":11,"turns":3},{"damage":14,"enemies":"3 Louse","floor":13,"turns":3},{"damage":42,"enemies":"Hexaghost","floor":16,"turns":8},{"damage":60,"enemies":"Shell Parasite","floor":18,"turns":8},{"damage":80,"enemies":"Colosseum Slavers","floor":20,"turns":7},{"damage":61,"enemies":"Book of Stabbing","floor":24,"turns":4}],"seed_played":"-1844122301468844163","potions_obtained":[{"floor":1,"key":"Dexterity Potion"},{"floor":8,"key":"SteroidPotion"},{"floor":10,"key":"Strength Potion"},{"floor":11,"key":"FairyPotion"}],"is_trial":false,"path_per_floor":["M","?","M","M","M","E","R","M","T","M","M","?","M","?","R","B",null,"M","?","?","$","?","R","E"],"character_chosen":"IRONCLAD","items_purchased":["Sling","Nunchaku","Bronze Scales"],"campfire_rested":3,"item_purchase_floors":[21,21,21],"current_hp_per_floor":[88,88,88,74,68,46,75,52,52,50,46,26,18,18,47,11,98,44,44,32,32,32,61,0],"gold":14,"neow_bonus":"TEN_PERCENT_HP_BONUS","is_prod":false,"is_daily":false,"chose_seed":false,"campfire_upgraded":0,"win_rate":0,"timestamp":1550740261,"path_taken":["M","?","?","M","M","E","R","M","T","M","M","?","M","?","R","BOSS","M","?","?","$","?","R","E"],"build_version":"2019-01-23","purchased_purges":0,"victory":false,"max_hp_per_floor":[88,88,88,88,88,98,98,98,98,98,98,98,98,98,98,98,98,98,98,98,98,98,98,98],"card_choices":[{"not_picked":["Reckless Charge","Clothesline","True Grit"],"picked":"SKIP","floor":1},{"not_picked":["Blood for Blood","Twin Strike","Hemokinesis"],"picked":"SKIP","floor":3},{"not_picked":["Armaments","Whirlwind"],"picked":"Heavy Blade","floor":4},{"not_picked":["Sword Boomerang","Corruption","Dual Wield"],"picked":"SKIP","floor":5},{"not_picked":["True Grit","Carnage","Corruption"],"picked":"SKIP","floor":6},{"not_picked":["Spot Weakness","Sword Boomerang"],"picked":"Demon Form","floor":8},{"not_picked":["Sentinel","Wild Strike","Dual Wield"],"picked":"SKIP","floor":10},{"not_picked":["True Grit","Heavy Blade"],"picked":"Clash","floor":11},{"not_picked":["Intimidate","Whirlwind"],"picked":"Heavy Blade","floor":13},{"not_picked":["Headbutt","Combust+1"],"picked":"Heavy Blade","floor":18}],"player_experience":212807,"relics_obtained":[{"floor":6,"key":"Pear"},{"floor":9,"key":"The Courier"}],"event_choices":[{"damage_healed":0,"gold_gain":0,"cards_transformed":["Defend_R"],"player_choice":"Transformed","damage_taken":0,"max_hp_gain":0,"max_hp_loss":0,"event_name":"Transmorgrifier","floor":2,"gold_loss":0,"cards_obtained":["Thunderclap"]},{"damage_healed":0,"gold_gain":0,"player_choice":"Entered Light","damage_taken":20,"max_hp_gain":0,"max_hp_loss":0,"event_name":"Shining Light","floor":12,"gold_loss":0,"cards_upgraded":["Strike_R","Demon Form"]},{"damage_healed":0,"gold_gain":175,"player_choice":"AGREE","damage_taken":0,"max_hp_gain":0,"max_hp_loss":0,"event_name":"Liars Game","floor":14,"gold_loss":0,"cards_obtained":["Doubt"]},{"damage_healed":0,"gold_gain":0,"player_choice":"Simplicity","damage_taken":0,"max_hp_gain":0,"max_hp_loss":0,"event_name":"Back to Basics","floor":19,"gold_loss":0,"cards_upgraded":["Strike_R","Strike_R","Strike_R","Strike_R","Defend_R","Defend_R","Defend_R"]},{"damage_healed":0,"gold_gain":0,"player_choice":"Fight","damage_taken":0,"max_hp_gain":0,"max_hp_loss":0,"event_name":"Colosseum","floor":20,"gold_loss":0},{"damage_healed":0,"gold_gain":0,"player_choice":"Fled From Nobs","damage_taken":0,"max_hp_gain":0,"max_hp_loss":0,"event_name":"Colosseum","floor":20,"gold_loss":0}],"is_beta":false,"boss_relics":[{"not_picked":["Astrolabe","Empty Cage"],"picked":"Lizard Tail"}],"items_purged_floors":[],"is_endless":false,"potions_floor_spawned":[1,8,10,11,13,16,18],"killed_by":"Book of Stabbing","ascension_level":0}