{"gold_per_floor":[110,121,121,137,39,64,64,99,99,46,46,46,71,83,83,187,187,198,198,198,75,92,92,108,108,179,214,214,214,245,245,245,340,340,360,360,379,379,379,379,379,414,414,414,425,435,435],"floor_reached":47,"playtime":3219,"items_purged":["Clumsy","Strike_R"],"score":651,"play_id":"f547455d-bfa5-4e26-b516-aa7bac364378","local_time":"20190920094836","is_ascension_mode":true,"campfire_choices":[{"floor":7,"key":"REST"},{"data":"Armaments","floor":11,"key":"SMITH"},{"floor":15,"key":"REST"},{"data":"Cleave","floor":23,"key":"SMITH"},{"floor":25,"key":"REST"},{"floor":29,"key":"REST"},{"floor":32,"key":"REST"},{"floor":40,"key":"REST"},{"floor":44,"key":"REST"}],"neow_cost":"NONE","seed_source_timestamp":216567010997500,"circlet_count":0,"master_deck":["Strike_R+1","Strike_R","Strike_R+1","Defend_R","Defend_R","Defend_R","Bash","Twin Strike","Iron Wave","Body Slam","Cleave+1","Shrug It Off","Body Slam","Armaments+1","Dropkick","Demon Form","Clash","Feed","Flex","Clash+1","Heavy Blade+1","Twin Strike","Limit Break","Spot Weakness","Armaments+1","Madness","Good Instincts","Pommel Strike+1"],"relics":["Burning Blood","Whetstone","Bottled Tornado","Regal Pillow","Bag of Marbles","Empty Cage","Shuriken","Vajra","Anchor","Calipers","Fusion Hammer","Molten Egg 2","Gremlin Horn"],"potions_floor_usage":[8,16,24,27,28,30,42,42,47],"damage_taken":[{"damage":0,"enemies":"2 Louse","floor":1,"turns":3},{"damage":6,"enemies":"Cultist","floor":2,"turns":3},{"damage":7,"enemies":"Small Slimes","floor":4,"turns":4},{"damage":37,"enemies":"3 Sentries","floor":6,"turns":8},{"damage":27,"enemies":"Gremlin Nob","floor":8,"turns":4},{"damage":13,"enemies":"Blue Slaver","floor":14,"turns":3},{"damage":76,"enemies":"Hexaghost","floor":16,"turns":11},{"damage":19,"enemies":"3 Byrds","floor":18,"turns":6},{"damage":25,"enemies":"Spheric Guardian","floor":22,"turns":4},{"damage":20,"enemies":"Cultist and Chosen","floor":24,"turns":4},{"damage":40,"enemies":"Gremlin Leader","floor":27,"turns":5},{"damage":45,"enemies":"Colosseum Slavers","floor":28,"turns":4},{"damage":25,"enemies":"Book of Stabbing","floor":30,"turns":3},{"damage":54,"enemies":"Champ","floor":33,"turns":8},{"damage":7,"enemies":"3 Shapes","floor":35,"turns":2},{"damage":12,"enemies":"3 Darklings","floor":37,"turns":4},{"damage":81,"enemies":"Nemesis","floor":42,"turns":7},{"damage":27,"enemies":"Spire Growth","floor":45,"turns":5},{"damage":0,"enemies":"Sphere and 2 Shapes","floor":46,"turns":1},{"damage":85,"enemies":"Transient","floor":47,"turns":5}],"seed_played":"4940411070029313409","potions_obtained":[{"floor":2,"key":"Swift Potion"},{"floor":4,"key":"Poison Potion"},{"floor":8,"key":"Fire Potion"},{"floor":14,"key":"Strength Potion"},{"floor":22,"key":"Swift Potion"},{"floor":24,"key":"LiquidBronze"},{"floor":27,"key":"PowerPotion"},{"floor":35,"key":"Swift Potion"},{"floor":42,"key":"BloodPotion"}],"is_trial":false,"path_per_floor":["M","M","?","M","$","E","R","E","T","$","R","?","T","M","R","B",null,"M","?","?","$","M","R","M","R","T","E","?","R","E","T","R","B",null,"M","?","M","?","?","R","?","E","T","R","M","M","M"],"character_chosen":"IRONCLAD","items_purchased":["Shrug It Off","Armaments","Flex"],"campfire_rested":7,"item_purchase_floors":[5,10,21],"current_hp_per_floor":[80,80,80,79,79,48,72,51,51,51,51,56,56,49,85,15,85,72,72,72,72,53,53,42,83,83,49,13,55,36,36,78,30,91,90,90,87,75,75,94,94,19,19,62,41,47,0],"gold":435,"neow_bonus":"ONE_RANDOM_RARE_CARD","is_prod":false,"is_daily":false,"chose_seed":false,"campfire_upgraded":2,"win_rate":0,"timestamp":1568998116,"path_taken":["M","M","?","?","$","E","R","E","T","?","R","?","?","M","R","BOSS","M","?","?","$","?","R","?","R","T","E","?","R","E","?","R","BOSS","M","?","M","?","?","R","?","E","T","R","M","M","M"],"build_version":"2019-07-17","purchased_purges":2,"victory":false,"max_hp_per_floor":[80,80,80,80,80,80,80,80,80,80,80,85,85,85,85,85,85,85,85,85,85,85,85,88,88,88,88,91,91,91,91,91,91,91,91,91,94,94,94,94,94,94,94,94,94,94,94],"card_choices":[{"not_picked":["Sword Boomerang","Clash"],"picked":"Twin Strike","floor":1},{"not_picked":["Anger","Limit Break"],"picked":"Iron Wave","floor":2},{"not_picked":["Thunderclap","Entrench"],"picked":"Cleave","floor":4},{"not_picked":["Sword Boomerang","Perfected Strike"],"picked":"Body Slam","floor":6},{"not_picked":["Corruption","Power Through","Headbutt"],"picked":"SKIP","floor":8},{"not_picked":["Battle Trance","Body Slam"],"picked":"Dropkick","floor":14},{"not_picked":["Impervious","Reaper"],"picked":"Demon Form","floor":16},{"not_picked":["Clothesline","Thunderclap"],"picked":"Clash","floor":18},{"not_picked":["Warcry+1","Wild Strike"],"picked":"Clash+1","floor":22},{"not_picked":["Searing Blow","Feel No Pain","Corruption"],"picked":"SKIP","floor":24},{"not_picked":["Reckless Charge","Rampage+1"],"picked":"Heavy Blade+1","floor":27},{"not_picked":["Sentinel+1","Shrug It Off"],"picked":"Twin Strike","floor":30},{"not_picked":["Immolate","Bludgeon"],"picked":"Limit Break","floor":33},{"not_picked":["Pommel Strike","Disarm"],"picked":"Spot Weakness","floor":35},{"not_picked":["Havoc","Reckless Charge"],"picked":"Armaments+1","floor":37},{"not_picked":["Panacea","Master of Strategy"],"picked":"Good Instincts","floor":41},{"not_picked":["Shrug It Off","Dropkick","Shockwave"],"picked":"SKIP","floor":42},{"not_picked":["Feel No Pain+1","Reckless Charge+1","Perfected Strike+1"],"picked":"SKIP","floor":45},{"not_picked":["Combust+1","Warcry+1"],"picked":"Pommel Strike+1","floor":46}],"player_experience":21387,"relics_obtained":[{"floor":6,"key":"Whetstone"},{"floor":8,"key":"Bottled Tornado"},{"floor":9,"key":"Regal Pillow"},{"floor":13,"key":"Bag of Marbles"},{"floor":26,"key":"Shuriken"},{"floor":27,"key":"Vajra"},{"floor":30,"key":"Anchor"},{"floor":31,"key":"Calipers"},{"floor":42,"key":"Molten Egg 2"},{"floor":43,"key":"Gremlin Horn"}],"event_choices":[{"damage_healed":0,"gold_gain":0,"player_choice":"2 cards matched","damage_taken":0,"max_hp_gain":0,"max_hp_loss":0,"event_name":"Match and Keep!","floor":3,"gold_loss":0,"cards_obtained":["Body Slam","Clumsy"]},{"damage_healed":0,"gold_gain":0,"player_choice":"Donut","damage_taken":0,"max_hp_gain":5,"max_hp_loss":0,"event_name":"Big Fish","floor":12,"gold_loss":0},{"damage_healed":0,"gold_gain":0,"player_choice":"Read","damage_taken":0,"max_hp_gain":0,"max_hp_loss":0,"event_name":"The Library","floor":19,"gold_loss":0,"cards_obtained":["Feed"]},{"cards_removed":["Defend_R"],"damage_healed":0,"gold_gain":0,"player_choice":"Purged","damage_taken":0,"max_hp_gain":0,"max_hp_loss":0,"event_name":"Purifier","floor":20,"gold_loss":0},{"damage_healed":0,"gold_gain":0,"player_choice":"Fight","damage_taken":0,"max_hp_gain":0,"max_hp_loss":0,"event_name":"Colosseum","floor":28,"gold_loss":0},{"damage_healed":0,"gold_gain":0,"player_choice":"Fled From Nobs","damage_taken":0,"max_hp_gain":0,"max_hp_loss":0,"event_name":"Colosseum","floor":28,"gold_loss":0},{"damage_healed":0,"gold_gain":0,"player_choice":"Ignored","damage_taken":0,"max_hp_gain":0,"max_hp_loss":0,"event_name":"Tomb of Lord Red Mask","floor":36,"gold_loss":0},{"damage_healed":0,"gold_gain":0,"player_choice":"Embrace Madness","damage_taken":12,"max_hp_gain":0,"max_hp_loss":0,"event_name":"Winding Halls","floor":38,"gold_loss":0,"cards_obtained":["Madness","Madness"]},{"cards_removed":["Madness"],"damage_healed":0,"gold_gain":0,"player_choice":"Removed Skill","damage_taken":0,"max_hp_gain":0,"max_hp_loss":0,"event_name":"Falling","floor":39,"gold_loss":0},{"damage_healed":0,"gold_gain":0,"player_choice":"Memory 1","damage_taken":0,"max_hp_gain":0,"max_hp_loss":0,"event_name":"SensoryStone","floor":41,"gold_loss":0}],"is_beta":false,"boss_relics":[{"not_picked":["Runic Pyramid","Coffee Dripper"],"picked":"Empty Cage"},{"not_picked":["White Beast Statue","Velvet Choker"],"picked":"Fusion Hammer"}],"items_purged_floors":[5,21],"is_endless":false,"potions_floor_spawned":[2,4,8,14,22,24,27,35,42],"killed_by":"Transient","ascension_level":4}