{"gold_per_floor":[116,116,116,116,133,163,10,10,10,10,10,36,46,61,61,158,158,173,163,163,6,33,33,33,47,47,57,73,87,87,87,87,183,183,203,163,178,138,64,97,115,115,115,115,115,129,129,146,146,146],"floor_reached":50,"playtime":3129,"items_purged":[],"score":505,"play_id":"0cb2e363-aadc-4e07-b1ac-3f99b905bc0e","local_time":"20190107122541","is_ascension_mode":false,"campfire_choices":[{"floor":8,"key":"REST"},{"data":"Survivor","floor":11,"key":"SMITH"},{"floor":15,"key":"REST"},{"data":"Footwork","floor":23,"key":"SMITH"},{"floor":30,"key":"REST"},{"data":"RitualDagger","floor":32,"key":"SMITH"},{"floor":44,"key":"REST"},{"floor":47,"key":"REST"},{"floor":49,"key":"REST"}],"neow_cost":"NONE","seed_source_timestamp":758611417818018,"circlet_count":0,"master_deck":["Defend_G","Defend_G","Defend_G","Defend_G","Defend_G","Strike_G","Strike_G","Strike_G","Strike_G","Survivor+1","Neutralize+1","Footwork+1","Noxious Fumes+1","Footwork+1","Footwork+1","Outmaneuver","Well Laid Plans+1","Outmaneuver+1","Outmaneuver+1","Backflip+1","RitualDagger+1","Envenom+1","Backflip+1","Infinite Blades+1","Noxious Fumes+1","Parasite","Backflip","Backflip+1"],"relics":["Ring of the Serpent","Oddly Smooth Stone","Happy Flower","Kunai","Frozen Egg 2","Lizard Tail","Orichalcum","Potion Belt","Nloth\u0027s Gift","Gremlin Horn","Blue Candle","PreservedInsect"],"potions_floor_usage":[41],"damage_taken":[{"damage":3,"enemies":"Cultist","floor":1,"turns":6},{"damage":0,"enemies":"Jaw Worm","floor":5,"turns":4},{"damage":22,"enemies":"Lagavulin","floor":6,"turns":13},{"damage":40,"enemies":"Gremlin Nob","floor":12,"turns":6},{"damage":0,"enemies":"2 Louse","floor":13,"turns":3},{"damage":7,"enemies":"Lots of Slimes","floor":14,"turns":5},{"damage":9,"enemies":"Hexaghost","floor":16,"turns":12},{"damage":4,"enemies":"Spheric Guardian","floor":18,"turns":7},{"damage":8,"enemies":"2 Thieves","floor":19,"turns":5},{"damage":0,"enemies":"Centurion and Healer","floor":25,"turns":10},{"damage":3,"enemies":"Snake Plant","floor":27,"turns":8},{"damage":0,"enemies":"Chosen and Byrds","floor":28,"turns":10},{"damage":7,"enemies":"Shelled Parasite and Fungi","floor":29,"turns":9},{"damage":8,"enemies":"Automaton","floor":33,"turns":23},{"damage":14,"enemies":"Orb Walker","floor":35,"turns":7},{"damage":0,"enemies":"3 Shapes","floor":37,"turns":6},{"damage":5,"enemies":"Nemesis","floor":40,"turns":11},{"damage":18,"enemies":"Writhing Mass","floor":41,"turns":8},{"damage":19,"enemies":"3 Darklings","floor":46,"turns":6},{"damage":44,"enemies":"Sphere and 2 Shapes","floor":48,"turns":8},{"damage":79,"enemies":"Time Eater","floor":50,"turns":16}],"seed_played":"-7247303487011764356","potions_obtained":[{"floor":6,"key":"Weak Potion"},{"floor":12,"key":"Swift Potion"},{"floor":13,"key":"SpeedPotion"},{"floor":29,"key":"SkillPotion"},{"floor":40,"key":"Ancient Potion"},{"floor":48,"key":"Dexterity Potion"}],"is_trial":false,"path_per_floor":["M","$","$","?","M","E","$","R","T","?","R","E","M","M","R","B",null,"M","M","?","$","T","R","?","M","T","M","M","M","R","?","R","B",null,"M","?","M","$","$","E","M","?","T","R","?","M","R","M","R","B"],"character_chosen":"THE_SILENT","items_purchased":["Happy Flower","Orichalcum","Infinite Blades+1","Noxious Fumes+1"],"campfire_rested":6,"item_purchase_floors":[7,21,38,39],"current_hp_per_floor":[67,67,67,67,67,45,45,66,66,66,66,26,26,19,40,31,70,66,58,58,58,58,58,58,58,58,55,55,48,69,63,63,55,70,56,56,56,56,56,51,33,33,33,52,52,33,52,8,27,0],"gold":146,"neow_bonus":"RANDOM_COMMON_RELIC","is_prod":false,"is_daily":false,"chose_seed":false,"campfire_upgraded":3,"win_rate":0.0,"timestamp":1546824341,"path_taken":["M","?","$","?","M","E","$","R","T","?","R","E","M","M","R","BOSS","M","?","?","$","?","R","?","M","T","M","?","M","R","?","R","BOSS","M","?","?","?","$","E","M","?","T","R","?","M","R","M","R","BOSS"],"build_version":"2019-01-03v4","purchased_purges":0,"victory":false,"max_hp_per_floor":[70,70,70,70,70,70,70,70,70,70,70,70,70,70,70,70,70,70,70,70,70,70,70,70,70,70,70,70,70,70,70,70,70,70,70,70,70,70,70,70,70,66,66,66,66,66,66,66,66,66],"card_choices":[{"not_picked":["Dagger Throw","Eviscerate","Poisoned Stab"],"picked":"SKIP","floor":1},{"not_picked":["Choke","Backflip"],"picked":"Footwork","floor":5},{"not_picked":["Slice","PiercingWail","Riddle With Holes"],"picked":"SKIP","floor":6},{"not_picked":["Predator","Outmaneuver"],"picked":"Noxious Fumes","floor":12},{"not_picked":["Riddle With Holes","Deadly Poison"],"picked":"Footwork+1","floor":13},{"not_picked":["Flying Knee","Distraction","Quick Slash"],"picked":"SKIP","floor":14},{"not_picked":["Prepared","Dagger Spray"],"picked":"Footwork+1","floor":18},{"not_picked":["Expertise","Tactician"],"picked":"Outmaneuver","floor":19},{"not_picked":["Slice","Backflip"],"picked":"Well Laid Plans+1","floor":25},{"not_picked":["Backflip","PiercingWail"],"picked":"Outmaneuver+1","floor":27},{"not_picked":["Prepared","Predator+1"],"picked":"Outmaneuver+1","floor":28},{"not_picked":["Poisoned Stab+1","Endless Agony+1"],"picked":"Backflip","floor":29},{"not_picked":["Venomology","After Image+1"],"picked":"Envenom+1","floor":33},{"not_picked":["Dagger Spray","Bouncing Flask"],"picked":"Backflip+1","floor":35},{"not_picked":["Slice","Dagger Spray+1","Deflect+1"],"picked":"SKIP","floor":37},{"not_picked":["Poisoned Stab","Flying Knee+1","Masterful Stab+1"],"picked":"SKIP","floor":40},{"not_picked":["Bullet Time","PiercingWail+1"],"picked":"Backflip","floor":41},{"not_picked":["Flying Knee+1","Distraction+1","Endless Agony"],"picked":"SKIP","floor":46},{"not_picked":["Skewer","Deflect"],"picked":"Backflip+1","floor":48}],"player_experience":206865,"relics_obtained":[{"floor":6,"key":"Vajra"},{"floor":9,"key":"Kunai"},{"floor":12,"key":"Frozen Egg 2"},{"floor":22,"key":"Potion Belt"},{"floor":26,"key":"Gremlin Horn"},{"floor":40,"key":"Blue Candle"},{"floor":43,"key":"PreservedInsect"}],"event_choices":[{"damage_healed":0,"gold_gain":0,"player_choice":"Grow","damage_taken":0,"max_hp_gain":0,"max_hp_loss":0,"event_name":"Living Wall","floor":4,"gold_loss":0,"cards_upgraded":["Neutralize"]},{"cards_removed":["Strike_G"],"damage_healed":0,"gold_gain":0,"player_choice":"Purged","damage_taken":0,"max_hp_gain":0,"max_hp_loss":0,"event_name":"Purifier","floor":10,"gold_loss":0},{"cards_removed":["Iron Wave"],"damage_healed":0,"gold_gain":0,"player_choice":"Took Card","damage_taken":0,"max_hp_gain":0,"max_hp_loss":0,"event_name":"NoteForYourself","floor":20,"gold_loss":0,"cards_obtained":["Iron Wave"]},{"damage_healed":0,"gold_gain":0,"player_choice":"Traded Relic","damage_taken":0,"relics_obtained":["Nloth\u0027s Gift"],"max_hp_gain":0,"max_hp_loss":0,"event_name":"N\u0027loth","floor":24,"relics_lost":["Vajra"],"gold_loss":0},{"damage_healed":0,"gold_gain":0,"player_choice":"Joined the Cult","damage_taken":6,"max_hp_gain":0,"max_hp_loss":0,"event_name":"Nest","floor":31,"gold_loss":0,"cards_obtained":["RitualDagger"]},{"damage_healed":0,"gold_gain":0,"player_choice":"Upgrade","damage_taken":0,"max_hp_gain":0,"max_hp_loss":0,"event_name":"Designer","floor":36,"gold_loss":40,"cards_upgraded":["Backflip"]},{"damage_healed":0,"gold_gain":0,"player_choice":"Max HP","damage_taken":0,"max_hp_gain":0,"max_hp_loss":4,"event_name":"Winding Halls","floor":42,"gold_loss":0},{"damage_healed":0,"gold_gain":0,"player_choice":"0 cards matched","damage_taken":0,"max_hp_gain":0,"max_hp_loss":0,"event_name":"Match and Keep!","floor":45,"gold_loss":0,"cards_obtained":[]}],"is_beta":false,"boss_relics":[{"not_picked":["Snecko Eye","Astrolabe"],"picked":"Lizard Tail"},{"not_picked":["Sozu","Busted Crown"],"picked":"Ring of the Serpent"}],"items_purged_floors":[],"is_endless":false,"potions_floor_spawned":[6,12,13,14,16,19,29,40,48],"killed_by":"Time Eater","ascension_level":0}