{"gold_per_floor":[363,376,387,403,353,383,383,6,63,63,91,111,124,224,224,321,321,333,112,129,155,169,169],"floor_reached":23,"playtime":1452,"items_purged":["Strike_B"],"score":296,"play_id":"7935395c-cf65-47a5-97da-796469173c1a","local_time":"20190906004216","is_ascension_mode":true,"campfire_choices":[{"floor":15.0,"key":"REST"}],"neow_cost":"TEN_PERCENT_HP_LOSS","seed_source_timestamp":0,"circlet_count":0,"master_deck":["Strike_B","Strike_B","Strike_B","Defend_B","Defend_B","Defend_B","Defend_B","Zap","Dualcast","Rip and Tear","Cold Snap","Cold Snap","Go for the Eyes","BootSequence","Leap","White Noise","Echo Form+1","Streamline","Storm+1","Conserve Battery","Ball Lightning"],"special_seed":0,"relics":["Cracked Core","DataDisk","Membership Card","Ginger","Tiny Chest","Frozen Egg 2","PreservedInsect","Runic Pyramid","Toy Ornithopter","Lantern"],"potions_floor_usage":[],"damage_taken":[{"damage":1.0,"enemies":"Cultist","floor":1.0,"turns":3.0},{"damage":7.0,"enemies":"Jaw Worm","floor":2.0,"turns":3.0},{"damage":8.0,"enemies":"Small Slimes","floor":3.0,"turns":2.0},{"damage":14.0,"enemies":"Exordium Thugs","floor":4.0,"turns":3.0},{"damage":0.0,"enemies":"Gremlin Nob","floor":6.0,"turns":3.0},{"damage":6.0,"enemies":"Lagavulin","floor":11.0,"turns":9.0},{"damage":0.0,"enemies":"2 Fungi Beasts","floor":12.0,"turns":4.0},{"damage":0.0,"enemies":"Exordium Wildlife","floor":13.0,"turns":1.0},{"damage":15.0,"enemies":"Hexaghost","floor":16.0,"turns":13.0},{"damage":0.0,"enemies":"Spheric Guardian","floor":18.0,"turns":4.0},{"damage":23.0,"enemies":"2 Thieves","floor":20.0,"turns":5.0},{"damage":14.0,"enemies":"Snake Plant","floor":22.0,"turns":4.0},{"damage":33,"enemies":"Book of Stabbing","floor":23,"turns":4}],"seed_played":"7590799336925150861","potions_obtained":[{"floor":1.0,"key":"Explosive Potion"},{"floor":4.0,"key":"AttackPotion"},{"floor":6.0,"key":"SkillPotion"},{"floor":12.0,"key":"PowerPotion"},{"floor":13.0,"key":"Poison Potion"}],"is_trial":false,"path_per_floor":["M","M","M","M","?","E","?","$","T","T","E","M","M","?","R","B",null,"M","$","M","T","M","E"],"character_chosen":"DEFECT","items_purchased":["Membership Card","Ginger","Leap","Toy Ornithopter","Dexterity Potion","Storm+1","Conserve Battery"],"campfire_rested":1,"item_purchase_floors":[8,8,8,19,19,19,19],"current_hp_per_floor":[67,60,52,38,38,38,38,38,38,38,32,32,32,32,52,37,60,60,60,45,45,31,0],"gold":169,"neow_bonus":"TWO_FIFTY_GOLD","is_prod":false,"is_daily":false,"chose_seed":false,"campfire_upgraded":0,"win_rate":0,"timestamp":1567694536,"path_taken":["M","?","M","M","?","E","?","$","T","?","E","M","?","?","R","BOSS","M","$","M","?","M","E"],"build_version":"2019-07-17","purchased_purges":1,"victory":false,"max_hp_per_floor":[68,68,68,68,68,68,68,68,68,68,68,68,68,68,68,68,68,68,68,68,68,68,68],"card_choices":[{"not_picked":["Compile Driver","Redo"],"picked":"Rip and Tear","floor":1.0},{"not_picked":["Hologram","Reprogram"],"picked":"Cold Snap","floor":2.0},{"not_picked":["Ball Lightning","Rebound"],"picked":"Cold Snap","floor":3.0},{"not_picked":["Aggregate","Compile Driver"],"picked":"Go for the Eyes","floor":4.0},{"not_picked":["Leap","Loop"],"picked":"BootSequence","floor":6.0},{"not_picked":["Reprogram","Steam","Leap"],"picked":"SKIP","floor":11.0},{"not_picked":["Reinforced Body","Barrage"],"picked":"White Noise","floor":12.0},{"not_picked":["Barrage","Redo","Steam"],"picked":"SKIP","floor":13.0},{"not_picked":["Biased Cognition+1","Rainbow"],"picked":"Echo Form+1","floor":16.0},{"not_picked":["Barrage","Conserve Battery+1"],"picked":"Streamline","floor":18.0},{"not_picked":["Fusion","Leap"],"picked":"Ball Lightning","floor":20.0},{"not_picked":["Turbo","Barrage+1","Stack+1"],"picked":"SKIP","floor":22.0}],"player_experience":549099,"relics_obtained":[{"floor":6.0,"key":"DataDisk"},{"floor":9.0,"key":"Tiny Chest"},{"floor":10.0,"key":"Frozen Egg 2"},{"floor":11.0,"key":"PreservedInsect"},{"floor":21.0,"key":"Lantern"}],"event_choices":[{"damage_healed":0.0,"max_hp_gain":0.0,"max_hp_loss":0.0,"gold_gain":0.0,"event_name":"World of Goop","player_choice":"Left Gold","floor":5.0,"gold_loss":50.0,"damage_taken":0.0},{"damage_healed":0.0,"max_hp_gain":0.0,"max_hp_loss":0.0,"gold_gain":0.0,"event_name":"Shining Light","player_choice":"Ignored","floor":7.0,"gold_loss":0.0,"damage_taken":0.0},{"damage_healed":0.0,"max_hp_gain":0.0,"max_hp_loss":0.0,"gold_gain":100.0,"event_name":"Golden Shrine","player_choice":"Pray","floor":14.0,"gold_loss":0.0,"damage_taken":0.0}],"is_beta":false,"boss_relics":[{"not_picked":["Snecko Eye","Philosopher\u0027s Stone"],"picked":"Runic Pyramid"}],"items_purged_floors":[19],"is_endless":false,"potions_floor_spawned":[1,4,6,12,13],"killed_by":"Book of Stabbing","ascension_level":6}