{"gold_per_floor":[109,127,140,140,155,155,183,108,132,160,160,195,17,17,17,17],"floor_reached":16,"playtime":2221,"items_purged":[],"score":130,"play_id":"5f310b7d-7af1-49f1-8e87-1a6e45623b4b","local_time":"20190920043214","is_ascension_mode":true,"campfire_choices":[{"floor":6,"key":"REST"},{"floor":11,"key":"REST"},{"floor":15,"key":"REST"}],"neow_cost":"PERCENT_DAMAGE","seed_source_timestamp":379592911481700,"circlet_count":0,"master_deck":["Strike_R","Strike_R","Strike_R","Strike_R","Strike_R","Defend_R","Defend_R","Defend_R","Defend_R","Bash","Flame Barrier","Flex","Seeing Red","Shockwave","Wild Strike","Double Tap","Fiend Fire","Feel No Pain","Pain"],"relics":["Burning Blood","WingedGreaves","Art of War","Smiling Mask","Oddly Smooth Stone","Bottled Flame","Vajra","WarpedTongs"],"potions_floor_usage":[5,5,7,10,12,16],"damage_taken":[{"damage":11,"enemies":"Cultist","floor":1,"turns":4},{"damage":7,"enemies":"2 Louse","floor":2,"turns":4},{"damage":3,"enemies":"Jaw Worm","floor":3,"turns":5},{"damage":19,"enemies":"Exordium Thugs","floor":5,"turns":6},{"damage":54,"enemies":"3 Sentries","floor":7,"turns":11},{"damage":49,"enemies":"Lagavulin","floor":10,"turns":8},{"damage":21,"enemies":"3 Sentries","floor":12,"turns":10},{"damage":44,"enemies":"Slime Boss","floor":16,"turns":8}],"seed_played":"-216957179398664861","potions_obtained":[{"floor":1,"key":"Regen Potion"},{"floor":4,"key":"EssenceOfSteel"},{"floor":4,"key":"Poison Potion"},{"floor":10,"key":"Fire Potion"},{"floor":12,"key":"Explosive Potion"}],"is_trial":false,"path_per_floor":["M","M","M","?","M","R","E","$","T","E","R","E","$","?","R","B"],"character_chosen":"IRONCLAD","items_purchased":["BloodPotion","Vajra","Feel No Pain"],"campfire_rested":3,"item_purchase_floors":[8,13,13],"current_hp_per_floor":[51,50,53,53,54,78,30,30,30,7,31,16,16,16,40,0],"gold":17,"neow_bonus":"ONE_RARE_RELIC","is_prod":false,"is_daily":false,"chose_seed":false,"campfire_upgraded":0,"win_rate":0,"timestamp":1568971934,"path_taken":["M","M","?","?","?","R","E","?","T","E","R","E","$","?","R","BOSS"],"build_version":"2019-07-17","purchased_purges":0,"victory":false,"max_hp_per_floor":[80,80,80,80,80,80,80,80,80,80,80,80,80,80,80,80],"card_choices":[{"not_picked":["Evolve","True Grit"],"picked":"Flame Barrier","floor":1},{"not_picked":["Feel No Pain","Pommel Strike"],"picked":"Flex","floor":2},{"not_picked":["Twin Strike","Corruption"],"picked":"Seeing Red","floor":3},{"not_picked":["Heavy Blade","True Grit"],"picked":"Shockwave","floor":5},{"not_picked":["Sentinel","Burning Pact"],"picked":"Wild Strike","floor":7},{"not_picked":["Wild Strike","Rupture"],"picked":"Double Tap","floor":10},{"not_picked":["Perfected Strike","Heavy Blade"],"picked":"Fiend Fire","floor":12}],"player_experience":344174,"relics_obtained":[{"floor":7,"key":"Art of War"},{"floor":9,"key":"Smiling Mask"},{"floor":10,"key":"Oddly Smooth Stone"},{"floor":12,"key":"Bottled Flame"}],"event_choices":[{"damage_healed":0,"gold_gain":0,"player_choice":"Got Potions","damage_taken":0,"max_hp_gain":0,"max_hp_loss":0,"event_name":"Lab","floor":4,"gold_loss":0},{"damage_healed":0,"gold_gain":0,"player_choice":"Rummage","damage_taken":0,"relics_obtained":["WarpedTongs"],"max_hp_gain":0,"max_hp_loss":0,"event_name":"Accursed Blacksmith","floor":14,"gold_loss":0,"cards_obtained":["Pain"]}],"is_beta":false,"boss_relics":[],"items_purged_floors":[],"is_endless":false,"potions_floor_spawned":[1,10,12],"killed_by":"Slime Boss","ascension_level":2}