{"gold_per_floor":[110,110,110,128,144,144,164,178,231,249,260,260,317,343,343,445,445,425,435,435,450,450,450,450,450,475,475,118,118,80,94,94,94],"floor_reached":33,"playtime":3875,"items_purged":["Writhe"],"score":259,"play_id":"ba97c2b3-05fe-420c-9983-f5e6b6f8da2a","local_time":"20190910021101","is_ascension_mode":true,"campfire_choices":[{"floor":6,"key":"REST"},{"floor":12,"key":"REST"},{"floor":15,"key":"REST"},{"floor":23,"key":"REST"},{"floor":25,"key":"REST"},{"floor":27,"key":"REST"},{"floor":32,"key":"REST"}],"neow_cost":"NONE","seed_source_timestamp":455043750403800,"circlet_count":0,"master_deck":["Strike_R+1","Strike_R+1","Strike_R+1","Strike_R+1","Strike_R+1","Defend_R+1","Defend_R+1","Defend_R+1","Defend_R+1","Bash+1","Fire Breathing","Dropkick","Rupture","Ghostly Armor","Brutality","Flex","Uppercut","Disarm","Bludgeon","Thunderclap","Twin Strike","Armaments","Burning Pact"],"relics":["Philosopher\u0027s Stone","War Paint","Bottled Flame","Velvet Choker","Lantern","PreservedInsect","Membership Card","Shovel","Enchiridion"],"potions_floor_usage":[16,33],"damage_taken":[{"damage":0,"enemies":"Small Slimes","floor":1,"turns":2},{"damage":0,"enemies":"Jaw Worm","floor":4,"turns":3},{"damage":3,"enemies":"2 Louse","floor":5,"turns":3},{"damage":8,"enemies":"Blue Slaver","floor":7,"turns":3},{"damage":2,"enemies":"Large Slime","floor":8,"turns":5},{"damage":6,"enemies":"3 Louse","floor":10,"turns":5},{"damage":6,"enemies":"Looter","floor":11,"turns":4},{"damage":26,"enemies":"Lagavulin","floor":14,"turns":6},{"damage":43,"enemies":"The Guardian","floor":16,"turns":12},{"damage":23,"enemies":"2 Thieves","floor":18,"turns":4},{"damage":14,"enemies":"Spheric Guardian","floor":19,"turns":5},{"damage":14,"enemies":"Snake Plant","floor":21,"turns":3},{"damage":16,"enemies":"Shelled Parasite and Fungi","floor":31,"turns":5},{"damage":104,"enemies":"Collector","floor":33,"turns":5}],"seed_played":"5909610350679363314","potions_obtained":[{"floor":4,"key":"Swift Potion"},{"floor":5,"key":"Swift Potion"},{"floor":14,"key":"SteroidPotion"},{"floor":16,"key":"GamblersBrew"},{"floor":19,"key":"PowerPotion"}],"is_trial":false,"path_per_floor":["M","?","?","M","M","R","M","M","T","M","M","R","?","E","R","B",null,"M","M","?","M","?","R","?","R","T","R","$","?","$","M","R","B"],"character_chosen":"IRONCLAD","items_purchased":["Membership Card","Shovel"],"campfire_rested":7,"item_purchase_floors":[28,28],"current_hp_per_floor":[80,80,64,64,61,80,72,70,70,64,58,80,80,54,78,35,80,57,43,28,14,14,39,39,64,64,85,85,69,69,53,78,0],"gold":94,"neow_bonus":"BOSS_RELIC","is_prod":false,"is_daily":false,"chose_seed":false,"campfire_upgraded":0,"win_rate":0,"timestamp":1568099461,"path_taken":["M","?","?","M","M","R","M","?","T","M","M","R","?","E","R","BOSS","M","M","?","M","?","R","?","R","T","R","$","?","?","M","R","BOSS"],"build_version":"2019-07-17","purchased_purges":1,"victory":false,"max_hp_per_floor":[80,80,80,80,80,80,80,80,80,80,80,80,80,80,80,80,80,80,80,85,85,85,85,85,85,85,85,85,85,85,85,85,85],"card_choices":[{"not_picked":["Body Slam","Hemokinesis"],"picked":"Fire Breathing","floor":1},{"not_picked":["Warcry","Headbutt"],"picked":"Dropkick","floor":4},{"not_picked":["Hemokinesis","Body Slam"],"picked":"Rupture","floor":5},{"not_picked":["Cleave","Warcry"],"picked":"Ghostly Armor","floor":7},{"not_picked":["Thunderclap","Body Slam"],"picked":"Brutality","floor":8},{"not_picked":["Clash","Iron Wave"],"picked":"Flex","floor":10},{"not_picked":["Pommel Strike","Rampage"],"picked":"Uppercut","floor":11},{"not_picked":["Fire Breathing","True Grit"],"picked":"Disarm","floor":14},{"not_picked":["Limit Break","Barricade"],"picked":"Bludgeon","floor":16},{"not_picked":["Body Slam","Headbutt"],"picked":"Thunderclap","floor":18},{"not_picked":["True Grit","Hemokinesis+1"],"picked":"Twin Strike","floor":19},{"not_picked":["Ghostly Armor","Headbutt"],"picked":"Armaments","floor":21},{"not_picked":["Cleave","Rupture"],"picked":"Burning Pact","floor":31}],"player_experience":37827,"relics_obtained":[{"floor":9,"key":"War Paint"},{"floor":14,"key":"Bottled Flame"},{"floor":26,"key":"PreservedInsect"},{"floor":29,"key":"Enchiridion"}],"event_choices":[{"damage_healed":0,"gold_gain":0,"player_choice":"Grow","damage_taken":0,"max_hp_gain":0,"max_hp_loss":0,"event_name":"Living Wall","floor":2,"gold_loss":0,"cards_upgraded":["Bash"]},{"damage_healed":0,"gold_gain":0,"player_choice":"Entered Light","damage_taken":16,"max_hp_gain":0,"max_hp_loss":0,"event_name":"Shining Light","floor":3,"gold_loss":0,"cards_upgraded":["Strike_R","Defend_R"]},{"damage_healed":0,"gold_gain":57,"player_choice":"Gained Gold","damage_taken":0,"max_hp_gain":0,"max_hp_loss":0,"event_name":"Golden Wing","floor":13,"gold_loss":0},{"damage_healed":0,"gold_gain":0,"player_choice":"Shed Blood","damage_taken":20,"max_hp_gain":5,"max_hp_loss":0,"event_name":"Forgotten Altar","floor":20,"gold_loss":0},{"damage_healed":0,"gold_gain":0,"player_choice":"Opened","damage_taken":0,"relics_obtained":["Lantern"],"max_hp_gain":0,"max_hp_loss":0,"event_name":"The Mausoleum","floor":22,"gold_loss":0,"cards_obtained":["Writhe"]},{"damage_healed":0,"gold_gain":0,"player_choice":"Simplicity","damage_taken":0,"max_hp_gain":0,"max_hp_loss":0,"event_name":"Back to Basics","floor":24,"gold_loss":0,"cards_upgraded":["Strike_R","Strike_R","Strike_R","Strike_R","Defend_R"]},{"damage_healed":0,"gold_gain":0,"player_choice":"Obtained Book","damage_taken":16,"max_hp_gain":0,"max_hp_loss":0,"event_name":"Cursed Tome","floor":29,"gold_loss":0}],"is_beta":false,"boss_relics":[{"not_picked":["Runic Cube","Busted Crown"],"picked":"Velvet Choker"}],"items_purged_floors":[30],"is_endless":false,"potions_floor_spawned":[4,5,14,16,19],"killed_by":"Collector","ascension_level":1}