{"gold_per_floor":[113,288,142,142,152,185,200,200,200,200,210,210,235,0,0,102,102,122,122,138,155,165,200,215,215,215,0,12,31,31,31,31,31],"floor_reached":33,"playtime":1434,"items_purged":[],"score":327,"play_id":"63b52f00-e8f9-4e7c-8988-b5156f5d3f30","local_time":"20190106224410","is_ascension_mode":false,"campfire_choices":[{"floor":12,"key":"REST"},{"floor":15,"key":"REST"},{"floor":25,"key":"REST"},{"floor":30,"key":"DIG"},{"floor":32,"key":"REST"}],"neow_cost":"NONE","seed_source_timestamp":711016485251206,"circlet_count":0,"master_deck":["Strike_R+1","Strike_R","Strike_R","Strike_R","Strike_R","Defend_R","Defend_R","Defend_R+1","Bash","Clash","Inflame","Perfected Strike"],"relics":["Black Blood","Pen Nib","FossilizedHelix","Singing Bowl","Pear","Red Skull","StoneCalendar","Shovel","Boot"],"potions_floor_usage":[],"damage_taken":[{"damage":9,"enemies":"Jaw Worm","floor":1,"turns":5},{"damage":0,"enemies":"2 Louse","floor":5,"turns":3},{"damage":45,"enemies":"Lagavulin","floor":6,"turns":8},{"damage":0,"enemies":"Small Slimes","floor":7,"turns":5},{"damage":16,"enemies":"Gremlin Gang","floor":11,"turns":7},{"damage":14,"enemies":"3 Sentries","floor":13,"turns":10},{"damage":65,"enemies":"The Guardian","floor":16,"turns":16},{"damage":27,"enemies":"3 Byrds","floor":18,"turns":8},{"damage":16,"enemies":"Shell Parasite","floor":20,"turns":6},{"damage":34,"enemies":"Snake Plant","floor":21,"turns":5},{"damage":16,"enemies":"Centurion and Healer","floor":22,"turns":6},{"damage":48,"enemies":"Gremlin Leader","floor":23,"turns":8},{"damage":0,"enemies":"Snecko","floor":24,"turns":3},{"damage":30,"enemies":"Cultist and Chosen","floor":28,"turns":6},{"damage":12,"enemies":"Centurion and Healer","floor":29,"turns":5},{"damage":102,"enemies":"Champ","floor":33,"turns":11}],"seed_played":"-3892493593372285124","potions_obtained":[{"floor":5,"key":"SmokeBomb"},{"floor":6,"key":"Dexterity Potion"},{"floor":11,"key":"LiquidBronze"}],"is_trial":false,"path_per_floor":["M","?","$","?","M","E","M","?","T","?","M","R","E","$","R","B",null,"M","?","M","M","M","E","M","R","T","?","M","M","R","$","R","B"],"character_chosen":"IRONCLAD","items_purchased":["Pen Nib","Red Skull","Inflame"],"campfire_rested":4,"item_purchase_floors":[3,14,14],"current_hp_per_floor":[85,85,85,90,93,54,60,41,41,41,33,61,65,65,97,40,109,94,94,90,68,64,26,38,73,73,73,55,55,55,55,91,0],"gold":31,"neow_bonus":"TEN_PERCENT_HP_BONUS","is_prod":false,"is_daily":false,"chose_seed":false,"campfire_upgraded":0,"win_rate":0,"timestamp":1546775050,"path_taken":["M","?","$","?","M","E","M","?","T","?","?","R","E","?","R","BOSS","M","?","M","?","M","E","M","R","T","?","M","M","R","?","R","BOSS"],"build_version":"2019-01-03v4","purchased_purges":0,"victory":false,"max_hp_per_floor":[88,88,88,93,93,93,93,93,93,93,95,95,107,107,107,109,109,111,111,113,115,117,117,119,119,119,119,121,123,123,123,123,123],"card_choices":[{"not_picked":["Havoc","Body Slam"],"picked":"Clash","floor":1},{"not_picked":["Iron Wave","True Grit","Havoc"],"picked":"SKIP","floor":5},{"not_picked":["Flame Barrier","Armaments","Hemokinesis"],"picked":"SKIP","floor":6},{"not_picked":["Dropkick","Berserk","Rage"],"picked":"SKIP","floor":7},{"not_picked":["Shrug It Off","Fire Breathing","Evolve"],"picked":"Singing Bowl","floor":11},{"not_picked":["Sword Boomerang","Headbutt","Seeing Red"],"picked":"Singing Bowl","floor":13},{"not_picked":["Fiend Fire","Dark Embrace","Limit Break"],"picked":"Singing Bowl","floor":16},{"not_picked":["Sword Boomerang","Anger","Evolve"],"picked":"Singing Bowl","floor":18},{"not_picked":["Rupture","Sword Boomerang","True Grit"],"picked":"Singing Bowl","floor":20},{"not_picked":["Headbutt","Heavy Blade","Iron Wave"],"picked":"Singing Bowl","floor":21},{"not_picked":["Clothesline","Hemokinesis","Heavy Blade"],"picked":"Singing Bowl","floor":22},{"not_picked":["Shrug It Off","Armaments+1"],"picked":"Perfected Strike","floor":23},{"not_picked":["Wild Strike","Headbutt+1","Dropkick+1"],"picked":"Singing Bowl","floor":24},{"not_picked":["Thunderclap","Dropkick","Twin Strike"],"picked":"Singing Bowl","floor":28},{"not_picked":["Entrench","Warcry","Limit Break"],"picked":"Singing Bowl","floor":29}],"player_experience":198549,"relics_obtained":[{"floor":6,"key":"FossilizedHelix"},{"floor":9,"key":"Singing Bowl"},{"floor":13,"key":"Pear"},{"floor":23,"key":"StoneCalendar"},{"floor":26,"key":"Shovel"},{"floor":30,"key":"Boot"}],"event_choices":[{"damage_healed":0,"gold_gain":175,"player_choice":"AGREE","damage_taken":0,"max_hp_gain":0,"max_hp_loss":0,"event_name":"Liars Game","floor":2,"gold_loss":0,"cards_obtained":["Doubt"]},{"damage_healed":0,"gold_gain":0,"player_choice":"Donut","damage_taken":0,"max_hp_gain":5,"max_hp_loss":0,"event_name":"Big Fish","floor":4,"gold_loss":0},{"damage_healed":0,"gold_gain":0,"player_choice":"Entered Light","damage_taken":19,"max_hp_gain":0,"max_hp_loss":0,"event_name":"Shining Light","floor":8,"gold_loss":0,"cards_upgraded":["Strike_R","Defend_R"]},{"cards_removed":["Doubt"],"damage_healed":0,"gold_gain":0,"player_choice":"Card Removal","damage_taken":0,"max_hp_gain":0,"max_hp_loss":0,"event_name":"Wheel of Change","floor":10,"gold_loss":0},{"cards_removed":["Defend_R"],"damage_healed":0,"gold_gain":0,"player_choice":"Offered Basic","damage_taken":0,"max_hp_gain":0,"max_hp_loss":0,"event_name":"Bonfire Elementals","floor":19,"gold_loss":0},{"damage_healed":0,"gold_gain":0,"player_choice":"Paid Fearfully","damage_taken":0,"max_hp_gain":0,"max_hp_loss":0,"event_name":"Masked Bandits","floor":27,"gold_loss":215}],"is_beta":false,"boss_relics":[{"not_picked":["Coffee Dripper","Busted Crown"],"picked":"Black Blood"}],"items_purged_floors":[],"is_endless":false,"potions_floor_spawned":[5,6,11,21,22,23,24,29],"killed_by":"Champ","ascension_level":0}