{"gold_per_floor":[111,127,137,37,51,77,77,89,89,76,26,36,36,70,70,167,167,179,179,193,209,29,29,62,75,75,75],"floor_reached":27,"playtime":2581,"items_purged":["Strike_B"],"score":296,"play_id":"018a6eab-d04f-4dfe-bf6b-92e77faa811a","local_time":"20190829225635","is_ascension_mode":true,"campfire_choices":[{"data":"Hologram","floor":7,"key":"SMITH"},{"data":"Barrage","floor":13,"key":"SMITH"},{"data":"Undo","floor":15,"key":"SMITH"},{"floor":23,"key":"REST"}],"neow_cost":"NONE","seed_source_timestamp":1286638769412000,"circlet_count":0,"master_deck":["Strike_B","Defend_B","Defend_B","Zap","Dualcast","Reinforced Body","Self Repair","Go for the Eyes","Hologram+1","Melter","Cold Snap","Barrage+1","Ball Lightning","Undo+1","Creative AI","Tempest+1","FTL+1","Meteor Strike+1","Genetic Algorithm+1","BootSequence","Double Energy","Seek"],"relics":["Cracked Core","Potion Belt","Bottled Tornado","Sundial","Astrolabe","PreservedInsect","Frozen Egg 2","Darkstone Periapt"],"potions_floor_usage":[5,10,12,14,18,24,24,25,27,27],"damage_taken":[{"damage":18,"enemies":"Small Slimes","floor":1,"turns":3},{"damage":1,"enemies":"2 Louse","floor":2,"turns":3},{"damage":0,"enemies":"Cultist","floor":3,"turns":4},{"damage":7,"enemies":"Gremlin Gang","floor":5,"turns":10},{"damage":45,"enemies":"3 Sentries","floor":6,"turns":15},{"damage":3,"enemies":"Looter","floor":8,"turns":3},{"damage":10,"enemies":"Exordium Thugs","floor":10,"turns":4},{"damage":0,"enemies":"Large Slime","floor":12,"turns":4},{"damage":3,"enemies":"Lagavulin","floor":14,"turns":6},{"damage":22,"enemies":"The Guardian","floor":16,"turns":15},{"damage":20,"enemies":"2 Thieves","floor":18,"turns":4},{"damage":27,"enemies":"3 Byrds","floor":20,"turns":5},{"damage":31,"enemies":"Snake Plant","floor":21,"turns":6},{"damage":19,"enemies":"Book of Stabbing","floor":24,"turns":5},{"damage":12,"enemies":"Snecko","floor":25,"turns":5},{"damage":18,"enemies":"Centurion and Healer","floor":27,"turns":5}],"seed_played":"3243480779176024119","potions_obtained":[{"floor":1,"key":"SkillPotion"},{"floor":6,"key":"GamblersBrew"},{"floor":10,"key":"Energy Potion"},{"floor":12,"key":"Ancient Potion"},{"floor":14,"key":"Ancient Potion"},{"floor":16,"key":"AttackPotion"},{"floor":18,"key":"SteroidPotion"},{"floor":21,"key":"SpeedPotion"},{"floor":24,"key":"Block Potion"},{"floor":25,"key":"SpeedPotion"}],"is_trial":false,"path_per_floor":["M","M","M","$","M","E","R","M","T","M","$","M","R","E","R","B",null,"M","?","M","M","$","R","E","M","T","M"],"character_chosen":"DEFECT","items_purchased":["Hologram","Fire Potion","PreservedInsect","Double Energy"],"campfire_rested":1,"item_purchase_floors":[4,11,22,22],"current_hp_per_floor":[64,63,70,70,70,32,32,36,36,33,33,40,40,44,44,29,82,62,62,35,11,11,35,16,11,11,0],"gold":75,"neow_bonus":"TEN_PERCENT_HP_BONUS","is_prod":false,"is_daily":false,"chose_seed":false,"campfire_upgraded":3,"win_rate":0,"timestamp":1567083395,"path_taken":["M","M","M","$","M","E","R","M","T","M","$","M","R","E","R","BOSS","M","?","M","M","$","R","E","M","T","M"],"build_version":"2019-07-17","purchased_purges":1,"victory":false,"max_hp_per_floor":[82,82,82,82,82,82,82,82,82,82,82,82,82,82,82,82,82,82,82,82,82,82,82,82,82,82,82],"card_choices":[{"not_picked":["Steam","Stack"],"picked":"Reinforced Body","floor":1},{"not_picked":["Go for the Eyes","Hologram"],"picked":"Self Repair","floor":2},{"not_picked":["Hologram","Darkness"],"picked":"Go for the Eyes","floor":3},{"not_picked":["Rebound","Hologram","Skim"],"picked":"SKIP","floor":5},{"not_picked":["Rebound","Hologram","Skim"],"picked":"SKIP","floor":5},{"not_picked":["Storm","Undo"],"picked":"Melter","floor":6},{"not_picked":["Sweeping Beam","Coolheaded"],"picked":"Cold Snap","floor":8},{"not_picked":["Redo","Steam"],"picked":"Barrage","floor":10},{"not_picked":["Redo","Leap"],"picked":"Ball Lightning","floor":12},{"not_picked":["Rip and Tear","Compile Driver"],"picked":"Undo","floor":14},{"not_picked":["Multi-Cast","Reboot"],"picked":"Creative AI","floor":16},{"not_picked":["Coolheaded","Conserve Battery"],"picked":"Genetic Algorithm+1","floor":18},{"not_picked":["Chill","Streamline","Beam Cell"],"picked":"SKIP","floor":20},{"not_picked":["Barrage","Rebound"],"picked":"BootSequence","floor":21},{"not_picked":["Rebound","Steam"],"picked":"Seek","floor":24},{"not_picked":["Ball Lightning","Hologram","Barrage"],"picked":"SKIP","floor":25}],"player_experience":458516,"relics_obtained":[{"floor":6,"key":"Potion Belt"},{"floor":9,"key":"Bottled Tornado"},{"floor":14,"key":"Sundial"},{"floor":24,"key":"Frozen Egg 2"},{"floor":26,"key":"Darkstone Periapt"}],"event_choices":[{"cards_removed":["Defend_B"],"damage_healed":0,"gold_gain":0,"player_choice":"Elegance","damage_taken":0,"max_hp_gain":0,"max_hp_loss":0,"event_name":"Back to Basics","floor":19,"gold_loss":0}],"is_beta":false,"boss_relics":[{"not_picked":["FrozenCore","Philosopher\u0027s Stone"],"picked":"Astrolabe"}],"items_purged_floors":[4],"is_endless":false,"potions_floor_spawned":[1,6,10,12,14,16,18,21,24,25],"killed_by":"Centurion and Healer","ascension_level":4}