{"gold_per_floor":[217,292,55,72,90,124,124,124,204,204,220,185,31,206,206,327,327,342,358,35,134,134,172,185,218,244,268,268,393,308,233,233,363,363,386,386,26,26,46,46,80,80,127,127,141,18,18,18],"floor_reached":48,"playtime":6115,"items_purged":["Strike_B","Defend_B"],"score":640,"play_id":"6b87556a-2e9d-4abd-90b5-7f9cea309624","local_time":"20190830194410","is_ascension_mode":true,"campfire_choices":[{"data":"Genetic Algorithm","floor":8.0,"key":"SMITH"},{"data":"Tempest","floor":10.0,"key":"SMITH"},{"data":"Self Repair","floor":15.0,"key":"SMITH"},{"floor":32.0,"key":"REST"},{"data":"Hyperbeam","floor":40.0,"key":"SMITH"},{"data":"Echo Form","floor":44.0,"key":"SMITH"},{"floor":47,"key":"REST"}],"neow_cost":"NONE","seed_source_timestamp":1354819500568400,"circlet_count":0,"master_deck":["Strike_B+1","Defend_B","Defend_B","Defend_B","Zap","Dualcast","Ball Lightning+1","Undo","Genetic Algorithm+1","Tempest+1","Injury","Cold Snap","Self Repair+1","Melter","Doubt","Echo Form+1","Hologram+1","Go for the Eyes","Necronomicurse","Hyperbeam+1","Machine Learning","Barrage","Fission","Glacier","Madness","Madness","Heatsinks","Conserve Battery","Parasite"],"special_seed":0,"relics":["FrozenCore","DataDisk","Whetstone","Golden Idol","Mercury Hourglass","Chemical X","Necronomicon","Juzu Bracelet","Vajra","Oddly Smooth Stone","Gambling Chip","Shuriken","Regal Pillow","White Beast Statue","Singing Bowl","Smiling Mask","Bag of Preparation"],"potions_floor_usage":[48,48,48],"damage_taken":[{"damage":0.0,"enemies":"Small Slimes","floor":1.0,"turns":2.0},{"damage":0.0,"enemies":"2 Louse","floor":4.0,"turns":2.0},{"damage":2.0,"enemies":"Jaw Worm","floor":5.0,"turns":3.0},{"damage":16.0,"enemies":"Gremlin Nob","floor":6.0,"turns":4.0},{"damage":0.0,"enemies":"3 Louse","floor":11.0,"turns":2.0},{"damage":33.0,"enemies":"The Guardian","floor":16.0,"turns":9.0},{"damage":16.0,"enemies":"Shell Parasite","floor":18.0,"turns":3.0},{"damage":12.0,"enemies":"3 Byrds","floor":19.0,"turns":3.0},{"damage":13.0,"enemies":"Book of Stabbing","floor":23.0,"turns":6.0},{"damage":25.0,"enemies":"Centurion and Healer","floor":24.0,"turns":6.0},{"damage":24.0,"enemies":"Gremlin Leader","floor":25.0,"turns":5.0},{"damage":0.0,"enemies":"3 Cultists","floor":27.0,"turns":3.0},{"damage":10.0,"enemies":"Colosseum Slavers","floor":29.0,"turns":3.0},{"damage":13.0,"enemies":"Colosseum Nobs","floor":29.0,"turns":3.0},{"damage":64.0,"enemies":"Champ","floor":33.0,"turns":13.0},{"damage":0.0,"enemies":"Orb Walker","floor":35.0,"turns":4.0},{"damage":18.0,"enemies":"3 Shapes","floor":39.0,"turns":4.0},{"damage":35.0,"enemies":"Nemesis","floor":41.0,"turns":13.0},{"damage":18.0,"enemies":"Writhing Mass","floor":45.0,"turns":12.0},{"damage":114,"enemies":"Giant Head","floor":48,"turns":9}],"seed_played":"667609280800856642","potions_obtained":[{"floor":4.0,"key":"Block Potion"},{"floor":6.0,"key":"Explosive Potion"},{"floor":16.0,"key":"Fruit Juice"},{"floor":18.0,"key":"Explosive Potion"},{"floor":19.0,"key":"Weak Potion"},{"floor":27.0,"key":"Fruit Juice"},{"floor":35.0,"key":"Fire Potion"},{"floor":39.0,"key":"SpeedPotion"},{"floor":41.0,"key":"Block Potion"},{"floor":45.0,"key":"SteroidPotion"}],"is_trial":false,"path_per_floor":["M","?","$","M","M","E","?","R","T","R","M","?","$","?","R","B",null,"M","M","$","?","?","E","M","E","T","M","?","?","?","?","R","B",null,"M","?","$","?","M","R","E","?","T","R","M","$","R","E"],"character_chosen":"DEFECT","items_purchased":["DataDisk","Undo","Self Repair","Melter","Chemical X","Dexterity Potion","Singing Bowl","Regen Potion","Heatsinks","FocusPotion"],"campfire_rested":2,"item_purchase_floors":[3,3,13,13,20,20,37,37,37,46],"current_hp_per_floor":[75,64,64,64,62,46,46,46,46,46,46,64,64,64,64,31,80,74,72,72,72,56,53,38,24,24,39,39,26,26,26,66,2,85,85,74,74,74,66,66,58,60,60,60,54,54,91,0],"gold":18,"neow_bonus":"HUNDRED_GOLD","is_prod":false,"is_daily":false,"chose_seed":false,"campfire_upgraded":5,"win_rate":0,"timestamp":1567158250,"path_taken":["M","?","$","M","M","E","?","R","T","R","M","?","$","?","R","BOSS","M","M","$","?","?","E","M","E","T","M","?","?","?","?","R","BOSS","M","?","$","?","M","R","E","?","T","R","M","$","R","E"],"build_version":"2019-07-17","purchased_purges":2,"victory":false,"max_hp_per_floor":[75,75,75,75,75,75,75,75,75,75,75,75,75,75,75,75,80,80,80,80,80,80,80,80,80,80,85,85,85,85,85,85,85,85,85,85,85,85,85,85,87,89,89,89,91,91,91,91],"card_choices":[{"not_picked":["Beam Cell","Coolheaded"],"picked":"Ball Lightning","floor":1.0},{"not_picked":["Sweeping Beam","Beam Cell"],"picked":"Genetic Algorithm","floor":4.0},{"not_picked":["Fusion","Lockon"],"picked":"Tempest","floor":5.0},{"not_picked":["Doom and Gloom","Gash","Consume"],"picked":"SKIP","floor":6.0},{"not_picked":["Compile Driver","Redo"],"picked":"Cold Snap","floor":11.0},{"not_picked":["Creative AI","Buffer"],"picked":"Echo Form","floor":16.0},{"not_picked":["Barrage+1","Ball Lightning"],"picked":"Hologram+1","floor":18.0},{"not_picked":["BootSequence","Core Surge"],"picked":"Go for the Eyes","floor":19.0},{"not_picked":["Genetic Algorithm","Compile Driver+1"],"picked":"Hyperbeam","floor":23.0},{"not_picked":["Compile Driver","Go for the Eyes+1","Reprogram+1"],"picked":"SKIP","floor":24.0},{"not_picked":["Beam Cell","Stack+1"],"picked":"Machine Learning","floor":25.0},{"not_picked":["Melter+1","Gash","Leap"],"picked":"SKIP","floor":27.0},{"not_picked":["Meteor Strike","Thunder Strike"],"picked":"Fission","floor":33.0},{"not_picked":["Compile Driver","Ball Lightning"],"picked":"Glacier","floor":35.0},{"not_picked":["Tempest+1","Sunder"],"picked":"Conserve Battery","floor":39.0},{"not_picked":["Static Discharge","Stack+1","Beam Cell+1"],"picked":"Singing Bowl","floor":41.0},{"not_picked":["Enlightenment","Forethought","Finesse"],"picked":"Singing Bowl","floor":42.0},{"not_picked":["Chaos+1","Redo","Leap"],"picked":"Singing Bowl","floor":45.0}],"player_experience":464690,"relics_obtained":[{"floor":6.0,"key":"Whetstone"},{"floor":9.0,"key":"Mercury Hourglass"},{"floor":22.0,"key":"Necronomicon"},{"floor":23.0,"key":"Juzu Bracelet"},{"floor":25.0,"key":"Vajra"},{"floor":26.0,"key":"Oddly Smooth Stone"},{"floor":29.0,"key":"Gambling Chip"},{"floor":29.0,"key":"Shuriken"},{"floor":41.0,"key":"Smiling Mask"},{"floor":43.0,"key":"Bag of Preparation"}],"event_choices":[{"damage_healed":0.0,"max_hp_gain":0.0,"max_hp_loss":0.0,"gold_gain":75.0,"event_name":"World of Goop","player_choice":"Gather Gold","floor":2.0,"gold_loss":0.0,"damage_taken":11.0},{"damage_healed":0.0,"max_hp_gain":0.0,"max_hp_loss":0.0,"gold_gain":0.0,"event_name":"Golden Idol","player_choice":"Take Wound","floor":7.0,"gold_loss":0.0,"damage_taken":0.0,"relics_obtained":["Golden Idol"],"cards_obtained":["Injury"]},{"damage_healed":18.0,"max_hp_gain":0.0,"max_hp_loss":0.0,"gold_gain":0.0,"event_name":"The Cleric","player_choice":"Healed","floor":12.0,"gold_loss":35.0,"damage_taken":0.0},{"damage_healed":0.0,"max_hp_gain":0.0,"max_hp_loss":0.0,"gold_gain":175.0,"event_name":"Liars Game","player_choice":"AGREE","floor":14.0,"gold_loss":0.0,"damage_taken":0.0,"cards_obtained":["Doubt"]},{"damage_healed":0.0,"max_hp_gain":0.0,"max_hp_loss":0.0,"gold_gain":99.0,"event_name":"Nest","player_choice":"Stole From Cult","floor":21.0,"gold_loss":0.0,"damage_taken":0.0},{"damage_healed":0.0,"max_hp_gain":0.0,"max_hp_loss":0.0,"gold_gain":0.0,"event_name":"Cursed Tome","player_choice":"Obtained Book","floor":22.0,"gold_loss":0.0,"damage_taken":16.0},{"damage_healed":0.0,"max_hp_gain":0.0,"max_hp_loss":0.0,"gold_gain":0.0,"event_name":"Match and Keep!","player_choice":"1 cards matched","floor":28.0,"gold_loss":0.0,"damage_taken":0.0,"cards_obtained":["Barrage"]},{"damage_healed":0.0,"max_hp_gain":0.0,"max_hp_loss":0.0,"gold_gain":0.0,"event_name":"Colosseum","player_choice":"Fight","floor":29.0,"gold_loss":0.0,"damage_taken":0.0},{"damage_healed":0.0,"max_hp_gain":0.0,"max_hp_loss":0.0,"gold_gain":0.0,"event_name":"Colosseum","player_choice":"Fought Nobs","floor":29.0,"gold_loss":0.0,"damage_taken":0.0},{"damage_healed":0.0,"max_hp_gain":0.0,"max_hp_loss":0.0,"gold_gain":0.0,"event_name":"Addict","player_choice":"Obtained Relic","floor":30.0,"gold_loss":85.0,"damage_taken":0.0,"relics_obtained":["Regal Pillow"]},{"cards_removed":["Strike_B"],"damage_healed":0.0,"max_hp_gain":0.0,"max_hp_loss":0.0,"gold_gain":0.0,"event_name":"Beggar","player_choice":"Gave Gold","floor":31.0,"gold_loss":75.0,"damage_taken":0.0},{"damage_healed":0.0,"max_hp_gain":0.0,"max_hp_loss":0.0,"gold_gain":0.0,"event_name":"Winding Halls","player_choice":"Embrace Madness","floor":36.0,"gold_loss":0.0,"damage_taken":11.0,"cards_obtained":["Madness","Madness"]},{"cards_removed":["Strike_B"],"damage_healed":0.0,"max_hp_gain":0.0,"max_hp_loss":0.0,"gold_gain":0.0,"event_name":"Falling","player_choice":"Removed Attack","floor":38.0,"gold_loss":0.0,"damage_taken":0.0},{"damage_healed":0.0,"max_hp_gain":0.0,"max_hp_loss":0.0,"gold_gain":0.0,"event_name":"SensoryStone","player_choice":"Memory 1","floor":42.0,"gold_loss":0.0,"damage_taken":0.0}],"is_beta":false,"boss_relics":[{"not_picked":["Nuclear Battery","Runic Dome"],"picked":"FrozenCore"},{"not_picked":["Snecko Eye","Astrolabe"],"picked":"White Beast Statue"}],"items_purged_floors":[20,46],"is_endless":false,"potions_floor_spawned":[4,6,16,18,19,27,35,39,41,45],"killed_by":"Giant Head","ascension_level":4}