{"gold_per_floor":[118,129,129,54,54,54,85,85,85,102,117,127,140,140,140,140],"floor_reached":16,"playtime":484,"items_purged":["Immolate"],"score":102,"play_id":"40972eb0-cc80-44f6-baa4-24616d99f498","local_time":"20190505195214","is_ascension_mode":false,"campfire_choices":[{"data":"Perfected Strike","floor":6,"key":"SMITH"},{"floor":8,"key":"REST"},{"floor":15,"key":"REST"}],"neow_cost":"NONE","seed_source_timestamp":704425723256301,"circlet_count":0,"master_deck":["Strike_R","Strike_R","Strike_R","Strike_R","Strike_R","Defend_R","Defend_R","Defend_R","Bash","Perfected Strike+1","Heavy Blade","Heavy Blade","Perfected Strike"],"relics":["Burning Blood","The Courier","Question Card"],"potions_floor_usage":[],"damage_taken":[{"damage":3,"enemies":"Small Slimes","floor":1,"turns":4},{"damage":6,"enemies":"Cultist","floor":2,"turns":3},{"damage":45,"enemies":"Lagavulin","floor":7,"turns":8},{"damage":1,"enemies":"Jaw Worm","floor":10,"turns":3},{"damage":33,"enemies":"Gremlin Gang","floor":11,"turns":6},{"damage":11,"enemies":"Red Slaver","floor":12,"turns":4},{"damage":0,"enemies":"Exordium Wildlife","floor":13,"turns":3},{"damage":80,"enemies":"The Guardian","floor":16,"turns":13}],"seed_played":"-2500029152742775633","potions_obtained":[{"floor":7,"key":"FearPotion"},{"floor":10,"key":"Dexterity Potion"},{"floor":12,"key":"EssenceOfSteel"}],"is_trial":false,"path_per_floor":["M","M","?","$","$","R","E","R","T","M","M","M","M","?","R","B"],"character_chosen":"IRONCLAD","items_purchased":[],"campfire_rested":2,"item_purchase_floors":[],"current_hp_per_floor":[88,88,88,88,88,88,49,75,75,80,53,48,54,54,80,0],"gold":140,"neow_bonus":"TEN_PERCENT_HP_BONUS","is_prod":false,"is_daily":false,"chose_seed":false,"campfire_upgraded":1,"win_rate":0,"timestamp":1557049934,"path_taken":["M","M","?","?","$","R","E","R","T","M","M","M","?","?","R","BOSS"],"build_version":"2019-01-23","purchased_purges":1,"victory":false,"max_hp_per_floor":[88,88,88,88,88,88,88,88,88,88,88,88,88,88,88,88],"card_choices":[{"not_picked":["Clothesline","Cleave"],"picked":"Perfected Strike","floor":1},{"not_picked":["Flame Barrier","True Grit"],"picked":"Flex","floor":2},{"not_picked":["Combust","Seeing Red","Havoc"],"picked":"SKIP","floor":7},{"not_picked":["Feed","Headbutt","Iron Wave"],"picked":"Heavy Blade","floor":10},{"not_picked":["Body Slam","Clothesline","Warcry"],"picked":"Heavy Blade","floor":11},{"not_picked":["Sword Boomerang","Anger","Clash"],"picked":"Perfected Strike","floor":12},{"not_picked":["Thunderclap","Searing Blow","Second Wind","Wild Strike"],"picked":"SKIP","floor":13}],"player_experience":215459,"relics_obtained":[{"floor":7,"key":"The Courier"},{"floor":9,"key":"Question Card"}],"event_choices":[{"damage_healed":0,"gold_gain":0,"cards_transformed":["Flex"],"player_choice":"Transformed","damage_taken":0,"max_hp_gain":0,"max_hp_loss":0,"event_name":"Transmorgrifier","floor":3,"gold_loss":0,"cards_obtained":["Immolate"]},{"cards_removed":["Defend_R"],"damage_healed":0,"gold_gain":0,"player_choice":"Purged","damage_taken":0,"max_hp_gain":0,"max_hp_loss":0,"event_name":"Purifier","floor":14,"gold_loss":0}],"is_beta":false,"boss_relics":[],"items_purged_floors":[4],"is_endless":false,"potions_floor_spawned":[7,10,12],"killed_by":"The Guardian","ascension_level":0}