{"gold_per_floor":[110,110,125,144,164,164,228,228,228,228,23,49,78,78,78,182,182,198,218,218,230,246,271,13,13,62,62],"floor_reached":27,"playtime":1703,"items_purged":[],"score":314,"play_id":"b8fa43de-8cd7-4f54-a270-443622b67c07","local_time":"20190902061156","is_ascension_mode":true,"campfire_choices":[{"data":"Leap","floor":6.0,"key":"SMITH"},{"floor":8.0,"key":"REST"},{"data":"Zap","floor":10.0,"key":"SMITH"},{"data":"Sweeping Beam","floor":15.0,"key":"SMITH"},{"floor":25.0,"key":"REST"}],"neow_cost":"NONE","seed_source_timestamp":0,"circlet_count":0,"master_deck":["Strike_B","Strike_B","Strike_B","Defend_B","Defend_B","Defend_B","Defend_B","Zap+1","Dualcast","Ball Lightning+1","Gash","Gash","Leap+1","Conserve Battery+1","Gash","Capacitor","Sweeping Beam+1","FTL","Biased Cognition","Gash","Static Discharge","Echo Form","Gash","Reinforced Body+1","Gash"],"special_seed":0,"relics":["FrozenCore","Tiny Chest","Toxic Egg 2","Odd Mushroom","Sundial","Bag of Marbles","Runic Capacitor","Anchor"],"potions_floor_usage":[27,27],"damage_taken":[{"damage":8.0,"enemies":"2 Louse","floor":1.0,"turns":2.0},{"damage":0.0,"enemies":"Cultist","floor":3.0,"turns":3.0},{"damage":0.0,"enemies":"Small Slimes","floor":4.0,"turns":2.0},{"damage":4.0,"enemies":"2 Fungi Beasts","floor":5.0,"turns":3.0},{"damage":8.0,"enemies":"Lagavulin","floor":7.0,"turns":5.0},{"damage":0.0,"enemies":"The Mushroom Lair","floor":12.0,"turns":3.0},{"damage":25.0,"enemies":"3 Sentries","floor":13.0,"turns":5.0},{"damage":24.0,"enemies":"The Guardian","floor":16.0,"turns":9.0},{"damage":16.0,"enemies":"2 Thieves","floor":18.0,"turns":3.0},{"damage":1.0,"enemies":"Shell Parasite","floor":19.0,"turns":5.0},{"damage":23.0,"enemies":"Snake Plant","floor":21.0,"turns":5.0},{"damage":0.0,"enemies":"Shelled Parasite and Fungi","floor":22.0,"turns":7.0},{"damage":35.0,"enemies":"Book of Stabbing","floor":23.0,"turns":7.0},{"damage":32,"enemies":"Slavers","floor":27,"turns":4}],"seed_played":"5275878270189193938","potions_obtained":[{"floor":5.0,"key":"Swift Potion"},{"floor":13.0,"key":"GamblersBrew"},{"floor":18.0,"key":"SteroidPotion"},{"floor":21.0,"key":"SkillPotion"}],"is_trial":false,"path_per_floor":["M","?","M","M","M","R","E","R","T","R","$","?","E","?","R","B",null,"M","M","?","M","M","E","$","R","T","E"],"character_chosen":"DEFECT","items_purchased":["Conserve Battery+1","Gash","Capacitor","Sweeping Beam","Runic Capacitor","Dexterity Potion"],"campfire_rested":2,"item_purchase_floors":[11,11,11,11,24,24],"current_hp_per_floor":[74,74,74,74,70,70,62,82,82,82,82,82,57,57,57,33,82,66,65,65,42,42,7,7,31,31,0],"gold":62,"neow_bonus":"TEN_PERCENT_HP_BONUS","is_prod":false,"is_daily":false,"chose_seed":false,"campfire_upgraded":3,"win_rate":0,"timestamp":1567368716,"path_taken":["M","?","M","?","M","R","E","R","T","R","$","?","E","?","R","BOSS","M","M","?","M","M","E","?","R","T","E"],"build_version":"2019-07-17","purchased_purges":0,"victory":false,"max_hp_per_floor":[82,82,82,82,82,82,82,82,82,82,82,82,82,82,82,82,82,82,82,82,82,82,82,82,82,82,82],"card_choices":[{"not_picked":["Cold Snap","FTL"],"picked":"Ball Lightning","floor":1.0},{"not_picked":["Coolheaded","Barrage"],"picked":"Gash","floor":3.0},{"not_picked":["Coolheaded","Barrage"],"picked":"Gash","floor":4.0},{"not_picked":["Coolheaded","Skim"],"picked":"Leap","floor":5.0},{"not_picked":["Redo","Rip and Tear","Recycle"],"picked":"SKIP","floor":7.0},{"not_picked":["Beam Cell","Loop"],"picked":"FTL","floor":12.0},{"not_picked":["Blizzard","FTL","Sweeping Beam"],"picked":"SKIP","floor":13.0},{"not_picked":["Buffer","Multi-Cast+1"],"picked":"Biased Cognition","floor":16.0},{"not_picked":["Lockon+1","Steam+1"],"picked":"Gash","floor":18.0},{"not_picked":["Rebound","FTL"],"picked":"Static Discharge","floor":19.0},{"not_picked":["Stack+1","Steam+1"],"picked":"Gash","floor":21.0},{"not_picked":["Undo+1","Chill+1"],"picked":"Reinforced Body+1","floor":22.0},{"not_picked":["Darkness+1","Rip and Tear+1"],"picked":"Gash","floor":23.0}],"player_experience":497005,"relics_obtained":[{"floor":7.0,"key":"Tiny Chest"},{"floor":9.0,"key":"Toxic Egg 2"},{"floor":12.0,"key":"Odd Mushroom"},{"floor":13.0,"key":"Sundial"},{"floor":23.0,"key":"Bag of Marbles"},{"floor":26.0,"key":"Anchor"}],"event_choices":[{"damage_healed":0.0,"max_hp_gain":0.0,"max_hp_loss":0.0,"gold_gain":0.0,"event_name":"Upgrade Shrine","player_choice":"Upgraded","floor":2.0,"gold_loss":0.0,"damage_taken":0.0,"cards_upgraded":["Ball Lightning"]},{"damage_healed":0.0,"max_hp_gain":0.0,"max_hp_loss":0.0,"gold_gain":0.0,"event_name":"Mushrooms","player_choice":"Fought Mushrooms","floor":12.0,"gold_loss":0.0,"damage_taken":0.0},{"damage_healed":0.0,"max_hp_gain":0.0,"max_hp_loss":0.0,"gold_gain":0.0,"event_name":"Shining Light","player_choice":"Ignored","floor":14.0,"gold_loss":0.0,"damage_taken":0.0},{"damage_healed":0.0,"max_hp_gain":0.0,"max_hp_loss":0.0,"gold_gain":0.0,"cards_transformed":["Strike_B"],"event_name":"Transmorgrifier","player_choice":"Transformed","floor":20.0,"gold_loss":0.0,"damage_taken":0.0,"cards_obtained":["Echo Form"]}],"is_beta":false,"boss_relics":[{"not_picked":["Runic Pyramid","Coffee Dripper"],"picked":"FrozenCore"}],"items_purged_floors":[],"is_endless":false,"potions_floor_spawned":[5,13,18,21],"killed_by":"Slavers","ascension_level":4}