{"gold_per_floor":[109,59,59,59,59,86,102,114,138,150,189,201,233,245,257,365,377,409,431,367,367,292,326,326,29,29,61,61,88,98,118,118,118],"floor_reached":33,"playtime":3270,"items_purged":[],"score":373,"play_id":"e714b06d-8fbf-4e60-a3ac-17a1e83a8202","local_time":"20190918174914","is_ascension_mode":true,"campfire_choices":[{"data":"Rampage","floor":10.0,"key":"SMITH"},{"data":"Exhume","floor":12.0,"key":"SMITH"},{"floor":15.0,"key":"REST"},{"floor":24,"key":"REST"},{"floor":28,"key":"REST"},{"floor":32,"key":"REST"}],"neow_cost":"NONE","seed_source_timestamp":0,"circlet_count":0,"master_deck":["Strike_R","Strike_R","Strike_R","Defend_R","Defend_R","Defend_R","Defend_R","Bash","Bash","Searing Blow","Feed","Impatience","Flex","Reckless Charge","Power Through","Rampage+1","Exhume+1","Body Slam","Limit Break","Thunderclap","Infernal Blade","Discovery","Discovery","Turbo","Spot Weakness"],"special_seed":0,"relics":["Burning Blood","NeowsBlessing","Ancient Tea Set","MawBank","Incense Burner","Bronze Scales","Velvet Choker","MutagenicStrength","Red Skull","PrismaticShard","Juzu Bracelet","Pen Nib","PreservedInsect"],"potions_floor_usage":[16,16,16,27,31],"damage_taken":[{"damage":0.0,"enemies":"Jaw Worm","floor":1.0,"turns":1.0},{"damage":0.0,"enemies":"Gremlin Nob","floor":6.0,"turns":1.0},{"damage":0.0,"enemies":"2 Louse","floor":7.0,"turns":1.0},{"damage":0.0,"enemies":"Cultist","floor":8.0,"turns":3.0},{"damage":17.0,"enemies":"Lagavulin","floor":11.0,"turns":6.0},{"damage":12.0,"enemies":"Looter","floor":13.0,"turns":4.0},{"damage":74,"enemies":"Slime Boss","floor":16,"turns":15},{"damage":14,"enemies":"3 Byrds","floor":18,"turns":3},{"damage":14,"enemies":"Shell Parasite","floor":19,"turns":4},{"damage":66,"enemies":"Book of Stabbing","floor":23,"turns":6},{"damage":25,"enemies":"Gremlin Leader","floor":27,"turns":4},{"damage":37,"enemies":"Centurion and Healer","floor":30,"turns":5},{"damage":9,"enemies":"Snake Plant","floor":31,"turns":3},{"damage":59,"enemies":"Collector","floor":33,"turns":3}],"seed_played":"6796402184729009367","potions_obtained":[{"floor":1.0,"key":"Explosive Potion"},{"floor":6.0,"key":"SpeedPotion"},{"floor":13.0,"key":"SteroidPotion"},{"floor":23,"key":"Explosive Potion"},{"floor":27,"key":"Dexterity Potion"},{"floor":31,"key":"Dexterity Potion"}],"is_trial":false,"path_per_floor":["M","?","$","?","$","E","M","M","T","R","E","R","M","?","R","B",null,"M","M","$","?","?","E","R","$","T","E","R","T","M","M","R","B"],"character_chosen":"IRONCLAD","items_purchased":["Regen Potion","PrismaticShard","Discovery"],"campfire_rested":4,"item_purchase_floors":[20,25,25],"current_hp_per_floor":[80,80,80,80,80,83,83,83,83,83,72,72,66,63,83,18,86,81,73,73,73,73,13,39,39,39,23,50,50,22,28,56,0],"gold":118,"neow_bonus":"THREE_ENEMY_KILL","is_prod":false,"is_daily":false,"chose_seed":false,"campfire_upgraded":2,"win_rate":0,"timestamp":1568846954,"path_taken":["M","?","$","?","$","E","M","?","T","R","E","R","M","?","R","BOSS","M","M","$","?","?","E","R","?","T","E","R","?","M","M","R","BOSS"],"build_version":"2019-07-17","purchased_purges":0,"victory":false,"max_hp_per_floor":[80,80,80,80,80,83,83,83,83,83,83,83,83,83,83,86,86,89,89,89,89,89,89,89,89,89,92,92,92,95,95,95,95],"card_choices":[{"not_picked":["Dropkick","Sentinel","Clash"],"picked":"SKIP","floor":1.0},{"not_picked":["Fiend Fire","Warcry"],"picked":"Reckless Charge","floor":6.0},{"not_picked":["Headbutt","Body Slam"],"picked":"Power Through","floor":7.0},{"not_picked":["Iron Wave","Warcry"],"picked":"Rampage","floor":8.0},{"not_picked":["Havoc","Perfected Strike"],"picked":"Exhume","floor":11.0},{"not_picked":["Sever Soul","Shrug It Off"],"picked":"Body Slam","floor":13.0},{"not_picked":["Berserk","Offering"],"picked":"Limit Break","floor":16},{"not_picked":["Uppercut","Twin Strike"],"picked":"Thunderclap","floor":18},{"not_picked":["Havoc","Clothesline"],"picked":"Infernal Blade","floor":19},{"not_picked":["Clothesline","Evolve","Second Wind"],"picked":"SKIP","floor":23},{"not_picked":["Cold Snap","Glass Knife"],"picked":"Discovery","floor":27},{"not_picked":["Backflip","True Grit"],"picked":"Turbo","floor":30},{"not_picked":["Headbutt","Swift Strike+1"],"picked":"Spot Weakness","floor":31}],"player_experience":305933,"relics_obtained":[{"floor":6.0,"key":"Ancient Tea Set"},{"floor":9.0,"key":"MawBank"},{"floor":11.0,"key":"Incense Burner"},{"floor":23,"key":"Red Skull"},{"floor":26,"key":"Juzu Bracelet"},{"floor":27,"key":"Pen Nib"},{"floor":29,"key":"PreservedInsect"}],"event_choices":[{"cards_removed":["Strike_R"],"damage_healed":0.0,"max_hp_gain":0.0,"max_hp_loss":0.0,"gold_gain":0.0,"event_name":"The Cleric","player_choice":"Card Removal","floor":2.0,"gold_loss":50.0,"damage_taken":0.0},{"damage_healed":0.0,"max_hp_gain":0.0,"max_hp_loss":0.0,"gold_gain":0.0,"event_name":"Match and Keep!","player_choice":"5 cards matched","floor":4.0,"gold_loss":0.0,"damage_taken":0.0,"cards_obtained":["Bash","Searing Blow","Feed","Impatience","Flex"]},{"damage_healed":0.0,"max_hp_gain":0.0,"max_hp_loss":0.0,"gold_gain":0.0,"event_name":"Scrap Ooze","player_choice":"Success","floor":14.0,"gold_loss":0.0,"damage_taken":3.0,"relics_obtained":["Bronze Scales"]},{"damage_healed":0,"gold_gain":0,"player_choice":"Inject Mutagens","damage_taken":0,"relics_obtained":["MutagenicStrength"],"max_hp_gain":0,"max_hp_loss":0,"event_name":"Drug Dealer","floor":21,"gold_loss":0},{"cards_removed":["Strike_R"],"damage_healed":0,"gold_gain":0,"player_choice":"Gave Gold","damage_taken":0,"max_hp_gain":0,"max_hp_loss":0,"event_name":"Beggar","floor":22,"gold_loss":75}],"is_beta":false,"boss_relics":[{"not_picked":["Pandora\u0027s Box","Astrolabe"],"picked":"Velvet Choker"}],"items_purged_floors":[],"is_endless":false,"potions_floor_spawned":[1,6,13,23,27,31],"killed_by":"Collector","ascension_level":2}