{"gold_per_floor":[116,41,56,73,89,115,115,135,159,159,7,307,332,282,282,377,377,395,405,330,354,203,203],"floor_reached":23,"playtime":1401,"items_purged":["Defend_R","Strike_R"],"score":219,"play_id":"28cbfe54-ce19-4bc6-b46b-f604654a20c4","local_time":"20190917125158","is_ascension_mode":true,"campfire_choices":[{"floor":10,"key":"REST"},{"data":"Flex","floor":15,"key":"SMITH"}],"neow_cost":"PERCENT_DAMAGE","seed_source_timestamp":482094944621900,"circlet_count":0,"master_deck":["Strike_R","Strike_R","Strike_R","Defend_R+1","Bash","Ghostly Armor","Armaments","Armaments+1","Iron Wave","Anger","Flex+1","Inflame","Flame Barrier","Juggernaut","Flex+1","Spot Weakness","Pommel Strike"],"relics":["Black Blood","Nunchaku","Pen Nib","Red Skull","Old Coin","War Paint","Anchor"],"potions_floor_usage":[6,6,13,16,23],"damage_taken":[{"damage":7,"enemies":"Small Slimes","floor":1,"turns":4},{"damage":0,"enemies":"Cultist","floor":3,"turns":3},{"damage":7,"enemies":"Jaw Worm","floor":4,"turns":5},{"damage":12,"enemies":"Large Slime","floor":5,"turns":8},{"damage":25,"enemies":"Gremlin Nob","floor":6,"turns":4},{"damage":21,"enemies":"Exordium Wildlife","floor":8,"turns":5},{"damage":12,"enemies":"3 Sentries","floor":13,"turns":7},{"damage":29,"enemies":"Slime Boss","floor":16,"turns":7},{"damage":6,"enemies":"Shell Parasite","floor":18,"turns":6},{"damage":12,"enemies":"3 Byrds","floor":19,"turns":4},{"damage":94,"enemies":"Slavers","floor":23,"turns":6}],"seed_played":"-1337438333115042490","potions_obtained":[{"floor":1,"key":"Energy Potion"},{"floor":4,"key":"BloodPotion"},{"floor":6,"key":"Swift Potion"},{"floor":13,"key":"Weak Potion"},{"floor":18,"key":"Swift Potion"},{"floor":19,"key":"Fire Potion"}],"is_trial":false,"path_per_floor":["M","$","M","M","M","E","?","M","T","R","$","T","E","?","R","B",null,"M","M","?","T","$","E"],"character_chosen":"IRONCLAD","items_purchased":["Inflame","Regen Potion","Pommel Strike"],"campfire_rested":1,"item_purchase_floors":[11,11,22],"current_hp_per_floor":[55,55,61,60,54,55,55,40,40,64,64,64,58,58,58,35,80,80,78,78,78,78,0],"gold":203,"neow_bonus":"ONE_RARE_RELIC","is_prod":false,"is_daily":false,"chose_seed":false,"campfire_upgraded":1,"win_rate":0,"timestamp":1568749918,"path_taken":["M","$","M","M","M","E","?","M","T","R","$","?","E","?","R","BOSS","M","M","?","?","$","E"],"build_version":"2019-07-17","purchased_purges":2,"victory":false,"max_hp_per_floor":[80,80,80,80,80,80,80,80,80,80,80,80,80,80,80,80,80,80,80,80,80,80,80],"card_choices":[{"not_picked":["Heavy Blade","Twin Strike"],"picked":"Ghostly Armor","floor":1},{"not_picked":["Wild Strike","Disarm"],"picked":"Armaments","floor":3},{"not_picked":["Wild Strike","Clothesline"],"picked":"Armaments","floor":4},{"not_picked":["Uppercut","True Grit"],"picked":"Iron Wave","floor":5},{"not_picked":["True Grit","Fire Breathing"],"picked":"Anger","floor":6},{"not_picked":["Flame Barrier","Sever Soul"],"picked":"Flex","floor":8},{"not_picked":["Anger","Intimidate"],"picked":"Flame Barrier","floor":13},{"not_picked":["Fiend Fire","Dark Embrace"],"picked":"Juggernaut","floor":16},{"not_picked":["Iron Wave","Pommel Strike"],"picked":"Flex+1","floor":18},{"not_picked":["Warcry","Shrug It Off"],"picked":"Spot Weakness","floor":19}],"player_experience":8974,"relics_obtained":[{"floor":6,"key":"Pen Nib"},{"floor":9,"key":"Red Skull"},{"floor":12,"key":"Old Coin"},{"floor":13,"key":"War Paint"},{"floor":21,"key":"Anchor"}],"event_choices":[{"cards_removed":["Defend_R"],"damage_healed":0,"gold_gain":0,"player_choice":"Offered Basic","damage_taken":0,"max_hp_gain":0,"max_hp_loss":0,"event_name":"Bonfire Elementals","floor":7,"gold_loss":0},{"cards_removed":["Defend_R"],"damage_healed":0,"gold_gain":0,"player_choice":"Card Removal","damage_taken":0,"max_hp_gain":0,"max_hp_loss":0,"event_name":"The Cleric","floor":14,"gold_loss":50},{"cards_removed":["Strike_R"],"damage_healed":0,"gold_gain":0,"player_choice":"Gave Gold","damage_taken":0,"max_hp_gain":0,"max_hp_loss":0,"event_name":"Beggar","floor":20,"gold_loss":75}],"is_beta":false,"boss_relics":[{"not_picked":["White Beast Statue","Eternal Feather"],"picked":"Black Blood"}],"items_purged_floors":[2,22],"is_endless":false,"potions_floor_spawned":[1,4,6,13,18,19],"killed_by":"Slavers","ascension_level":2}