{"gold_per_floor":[110,121,132,207,207,237,237,271,271,8,26,37,64,64,64,164,164,177,177,177,190,200,225,225,254,277,277,277,295,318,330,330,330],"floor_reached":33,"playtime":2206,"items_purged":["Defend_R"],"score":354,"play_id":"d2bb9f9c-c7cb-49ff-bf6b-f8443f65eb0d","local_time":"20190923220921","is_ascension_mode":true,"campfire_choices":[{"floor":7,"key":"REST"},{"floor":15,"key":"REST"},{"floor":24,"key":"REST"},{"floor":27,"key":"REST"},{"floor":32,"key":"REST"}],"neow_cost":"NONE","seed_source_timestamp":521230373669600,"circlet_count":0,"master_deck":["Strike_R","Strike_R","Strike_R","Strike_R","Defend_R","Bash","Combust","Inflame","Clash","Ghostly Armor","Rage","Flame Barrier","Spot Weakness","Iron Wave","Demon Form","Clash","Clash","Cleave","Limit Break","Pommel Strike","Cleave"],"relics":["Burning Blood","Ornamental Fan","Question Card","Bottled Tornado","Shuriken","Bronze Scales","Odd Mushroom","Dodecahedron","Empty Cage","Potion Belt","Omamori","Dream Catcher","MutagenicStrength","Orichalcum"],"potions_floor_usage":[6,16,22,23,23,29],"damage_taken":[{"damage":11,"enemies":"Jaw Worm","floor":1,"turns":4},{"damage":6,"enemies":"Small Slimes","floor":2,"turns":3},{"damage":9,"enemies":"2 Louse","floor":3,"turns":2},{"damage":16,"enemies":"Gremlin Nob","floor":6,"turns":3},{"damage":21,"enemies":"3 Sentries","floor":8,"turns":6},{"damage":3,"enemies":"Blue Slaver","floor":11,"turns":3},{"damage":14,"enemies":"Lots of Slimes","floor":12,"turns":4},{"damage":6,"enemies":"The Mushroom Lair","floor":13,"turns":4},{"damage":46,"enemies":"Slime Boss","floor":16,"turns":8},{"damage":2,"enemies":"2 Thieves","floor":18,"turns":3},{"damage":9,"enemies":"Shell Parasite","floor":21,"turns":4},{"damage":21,"enemies":"Snake Plant","floor":22,"turns":3},{"damage":48,"enemies":"Book of Stabbing","floor":23,"turns":5},{"damage":60,"enemies":"Slavers","floor":25,"turns":4},{"damage":22,"enemies":"Cultist and Chosen","floor":29,"turns":5},{"damage":16,"enemies":"Centurion and Healer","floor":31,"turns":5},{"damage":94,"enemies":"Automaton","floor":33,"turns":6}],"seed_played":"-3055910129906625400","potions_obtained":[{"floor":1,"key":"Weak Potion"},{"floor":3,"key":"PowerPotion"},{"floor":8,"key":"SpeedPotion"},{"floor":13,"key":"BloodPotion"},{"floor":16,"key":"EssenceOfSteel"},{"floor":22,"key":"AttackPotion"},{"floor":25,"key":"PowerPotion"}],"is_trial":false,"path_per_floor":["M","M","M","?","?","E","R","E","T","$","M","M","?","T","R","B",null,"M","?","?","M","M","E","R","E","T","R","?","M","T","M","R","B"],"character_chosen":"IRONCLAD","items_purchased":["Flame Barrier","Bronze Scales"],"campfire_rested":5,"item_purchase_floors":[10,10],"current_hp_per_floor":[83,83,80,69,51,41,67,52,52,52,55,47,47,47,73,33,88,88,88,88,85,70,50,76,22,22,48,48,32,32,22,48,0],"gold":330,"neow_bonus":"TEN_PERCENT_HP_BONUS","is_prod":false,"is_daily":false,"chose_seed":false,"campfire_upgraded":0,"win_rate":0,"timestamp":1569301761,"path_taken":["M","M","M","?","?","E","R","E","T","$","M","M","?","?","R","BOSS","M","?","?","?","M","E","R","E","T","R","?","M","?","M","R","BOSS"],"build_version":"2019-07-17","purchased_purges":1,"victory":false,"max_hp_per_floor":[88,88,88,88,88,88,88,88,88,88,88,88,88,88,88,88,88,88,88,88,88,88,88,88,88,88,88,88,88,88,88,88,88],"card_choices":[{"not_picked":["True Grit","Power Through"],"picked":"Combust","floor":1},{"not_picked":["Flame Barrier","Combust"],"picked":"Inflame","floor":2},{"not_picked":["Iron Wave","Anger"],"picked":"Clash","floor":3},{"not_picked":["Heavy Blade","Wild Strike"],"picked":"Ghostly Armor","floor":6},{"not_picked":["Power Through","Headbutt","Anger"],"picked":"Rage","floor":8},{"not_picked":["Sever Soul","Uppercut","Headbutt","Sword Boomerang"],"picked":"SKIP","floor":11},{"not_picked":["Pommel Strike","Flame Barrier","Carnage"],"picked":"Spot Weakness","floor":12},{"not_picked":["Metallicize","Reckless Charge","True Grit"],"picked":"Iron Wave","floor":13},{"not_picked":["Offering","Impervious","Berserk"],"picked":"Demon Form","floor":16},{"not_picked":["Flex","Havoc","Rupture","Wild Strike"],"picked":"SKIP","floor":18},{"not_picked":["Rampage","Inflame","Sword Boomerang"],"picked":"Clash","floor":21},{"not_picked":["Warcry","Pommel Strike","True Grit"],"picked":"Cleave","floor":22},{"not_picked":["Havoc+1","Sever Soul","Sword Boomerang+1"],"picked":"Limit Break","floor":23},{"not_picked":["Uppercut","Flex","Burning Pact","Hemokinesis"],"picked":"SKIP","floor":25},{"not_picked":["Shrug It Off","Wild Strike","Disarm+1"],"picked":"Pommel Strike","floor":27},{"not_picked":["Entrench","Body Slam","Hemokinesis","Warcry"],"picked":"SKIP","floor":29},{"not_picked":["Shockwave","Pommel Strike","Body Slam"],"picked":"Cleave","floor":31}],"player_experience":29120,"relics_obtained":[{"floor":6,"key":"Question Card"},{"floor":8,"key":"Bottled Tornado"},{"floor":9,"key":"Shuriken"},{"floor":13,"key":"Odd Mushroom"},{"floor":14,"key":"Dodecahedron"},{"floor":23,"key":"Potion Belt"},{"floor":25,"key":"Omamori"},{"floor":26,"key":"Dream Catcher"},{"floor":30,"key":"Orichalcum"}],"event_choices":[{"damage_healed":0,"gold_gain":75,"player_choice":"Gather Gold","damage_taken":11,"max_hp_gain":0,"max_hp_loss":0,"event_name":"World of Goop","floor":4,"gold_loss":0},{"damage_healed":0,"gold_gain":0,"player_choice":"Success","damage_taken":18,"relics_obtained":["Ornamental Fan"],"max_hp_gain":0,"max_hp_loss":0,"event_name":"Scrap Ooze","floor":5,"gold_loss":0},{"damage_healed":0,"gold_gain":0,"player_choice":"Fought Mushrooms","damage_taken":0,"max_hp_gain":0,"max_hp_loss":0,"event_name":"Mushrooms","floor":13,"gold_loss":0},{"cards_removed":["Strike_R"],"damage_healed":0,"gold_gain":0,"player_choice":"Elegance","damage_taken":0,"max_hp_gain":0,"max_hp_loss":0,"event_name":"Back to Basics","floor":19,"gold_loss":0},{"damage_healed":0,"gold_gain":0,"player_choice":"Copied","damage_taken":0,"max_hp_gain":0,"max_hp_loss":0,"event_name":"Duplicator","floor":20,"gold_loss":0,"cards_obtained":["Clash"]},{"damage_healed":0,"gold_gain":0,"player_choice":"Inject Mutagens","damage_taken":0,"relics_obtained":["MutagenicStrength"],"max_hp_gain":0,"max_hp_loss":0,"event_name":"Drug Dealer","floor":28,"gold_loss":0}],"is_beta":false,"boss_relics":[{"not_picked":["Snecko Eye","Eternal Feather"],"picked":"Empty Cage"}],"items_purged_floors":[10],"is_endless":false,"potions_floor_spawned":[1,3,8,13,16,22,25],"killed_by":"Automaton","ascension_level":4}