{"gold_per_floor":[111,111,131,131,143,168,168,179,179,212,227,227,247,213,213,317,317,331,331],"floor_reached":19,"playtime":1038,"items_purged":[],"score":179,"play_id":"9bc28c1a-615f-48d4-af86-a5d61c13f10c","local_time":"20190203213235","is_ascension_mode":false,"campfire_choices":[{"floor":7,"key":"REST"},{"floor":15,"key":"REST"}],"neow_cost":"NONE","seed_source_timestamp":272620352343,"circlet_count":0,"master_deck":["Strike_R","Strike_R","Strike_R","Strike_R","Strike_R","Defend_R","Defend_R","Defend_R","Defend_R","Bash+1","Heavy Blade","Anger","Shrug It Off","Shrug It Off","Spot Weakness","Heavy Blade","Spot Weakness","Inflame"],"relics":["Black Blood","Centennial Puzzle","Sundial","Blue Candle","Dodecahedron","Ancient Tea Set"],"potions_floor_usage":[19,19],"damage_taken":[{"damage":1,"enemies":"2 Louse","floor":1,"turns":3},{"damage":5,"enemies":"Small Slimes","floor":3,"turns":5},{"damage":15,"enemies":"Jaw Worm","floor":5,"turns":6},{"damage":45,"enemies":"Lagavulin","floor":6,"turns":7},{"damage":5,"enemies":"Large Slime","floor":8,"turns":6},{"damage":28,"enemies":"Gremlin Nob","floor":10,"turns":4},{"damage":16,"enemies":"Lots of Slimes","floor":11,"turns":5},{"damage":8,"enemies":"Gremlin Gang","floor":13,"turns":6},{"damage":31,"enemies":"Hexaghost","floor":16,"turns":9},{"damage":24,"enemies":"Spheric Guardian","floor":18,"turns":4},{"damage":66,"enemies":"Masked Bandits","floor":19,"turns":5}],"seed_played":"-3272159858512160277","potions_obtained":[{"floor":6,"key":"FearPotion"},{"floor":10,"key":"Dexterity Potion"},{"floor":13,"key":"Block Potion"}],"is_trial":false,"path_per_floor":["M","$","M","?","M","E","R","M","T","E","M","?","M","?","R","B",null,"M","?"],"character_chosen":"IRONCLAD","items_purchased":[],"campfire_rested":2,"item_purchase_floors":[],"current_hp_per_floor":[80,80,80,80,71,32,56,57,57,35,25,18,16,16,40,15,80,66,0],"gold":331,"neow_bonus":"RANDOM_COMMON_RELIC","is_prod":false,"is_daily":false,"chose_seed":false,"campfire_upgraded":0,"win_rate":0,"timestamp":1549189955,"path_taken":["M","$","M","?","M","E","R","M","T","E","M","?","M","?","R","BOSS","M","?"],"build_version":"2019-01-23","purchased_purges":0,"victory":false,"max_hp_per_floor":[80,80,80,80,80,80,80,80,80,80,80,80,80,80,80,80,80,80,80],"card_choices":[{"not_picked":["True Grit","Carnage","Power Through"],"picked":"SKIP","floor":1},{"not_picked":["Anger","Shockwave"],"picked":"Heavy Blade","floor":3},{"not_picked":["Perfected Strike","Headbutt"],"picked":"Anger","floor":5},{"not_picked":["Infernal Blade","Iron Wave"],"picked":"Shrug It Off","floor":6},{"not_picked":["Ghostly Armor","Armaments"],"picked":"Shrug It Off","floor":8},{"not_picked":["Dual Wield","Headbutt"],"picked":"Spot Weakness","floor":10},{"not_picked":["Bloodletting","Thunderclap"],"picked":"Heavy Blade","floor":11},{"not_picked":["Hemokinesis","Dropkick"],"picked":"Spot Weakness","floor":13},{"not_picked":["Rupture","Disarm+1"],"picked":"Inflame","floor":18}],"player_experience":209994,"relics_obtained":[{"floor":6,"key":"Sundial"},{"floor":9,"key":"Blue Candle"},{"floor":10,"key":"Dodecahedron"}],"event_choices":[{"damage_healed":0,"gold_gain":0,"player_choice":"Grow","damage_taken":0,"max_hp_gain":0,"max_hp_loss":0,"event_name":"Living Wall","floor":4,"gold_loss":0,"cards_upgraded":["Bash"]},{"damage_healed":0,"gold_gain":0,"player_choice":"Success","damage_taken":7,"relics_obtained":["Ancient Tea Set"],"max_hp_gain":0,"max_hp_loss":0,"event_name":"Scrap Ooze","floor":12,"gold_loss":0},{"damage_healed":0,"gold_gain":0,"player_choice":"Left Gold","damage_taken":0,"max_hp_gain":0,"max_hp_loss":0,"event_name":"World of Goop","floor":14,"gold_loss":34},{"damage_healed":0,"gold_gain":0,"player_choice":"Fought Bandits","damage_taken":0,"max_hp_gain":0,"max_hp_loss":0,"event_name":"Masked Bandits","floor":19,"gold_loss":0}],"is_beta":false,"boss_relics":[{"not_picked":["Lizard Tail","Astrolabe"],"picked":"Black Blood"}],"items_purged_floors":[],"is_endless":false,"potions_floor_spawned":[6,10,13],"killed_by":"Masked Bandits","ascension_level":0}