{"gold_per_floor":[119,219,55,109,126,126,91,91,118,128,153,153,175,190,190,286,286,296,296,211,227,227,227,227],"floor_reached":24,"playtime":5107,"items_purged":[],"score":217,"play_id":"dc314eeb-1cb5-4b3c-9b25-8b72bbdfaf5b","local_time":"20190909010118","is_ascension_mode":false,"campfire_choices":[{"floor":6,"key":"REST"},{"data":"Warcry","floor":8,"key":"SMITH"},{"floor":12,"key":"REST"},{"floor":15,"key":"REST"},{"floor":23,"key":"REST"}],"neow_cost":"NONE","seed_source_timestamp":363226834876200,"circlet_count":0,"master_deck":["Strike_R+1","Strike_R+1","Strike_R+1","Strike_R+1","Strike_R+1","Defend_R+1","Defend_R+1","Defend_R+1","Defend_R+1","Bash","Clothesline","Ghostly Armor","Metallicize","Uppercut","Warcry+1","Flame Barrier","Carnage","Berserk","Sever Soul","Armaments","Bludgeon","Writhe","Pain","Doubt","Iron Wave","Shrug It Off"],"relics":["Burning Blood","Pen Nib","Self Forming Clay","Odd Mushroom","Calling Bell","War Paint","Pear","Unceasing Top","Blood Vial"],"potions_floor_usage":[16,16,16,24],"damage_taken":[{"damage":16,"enemies":"Jaw Worm","floor":1,"turns":5},{"damage":4,"enemies":"Cultist","floor":5,"turns":4},{"damage":1,"enemies":"2 Louse","floor":10,"turns":4},{"damage":37,"enemies":"Gremlin Nob","floor":11,"turns":6},{"damage":27,"enemies":"The Mushroom Lair","floor":13,"turns":7},{"damage":0,"enemies":"Large Slime","floor":14,"turns":5},{"damage":50,"enemies":"Hexaghost","floor":16,"turns":11},{"damage":17,"enemies":"Chosen","floor":18,"turns":8},{"damage":41,"enemies":"3 Byrds","floor":21,"turns":7},{"damage":85,"enemies":"Gremlin Leader","floor":24,"turns":5}],"seed_played":"2605718775856163880","potions_obtained":[{"floor":1,"key":"SteroidPotion"},{"floor":11,"key":"Weak Potion"},{"floor":14,"key":"SpeedPotion"},{"floor":16,"key":"Regen Potion"},{"floor":21,"key":"FearPotion"}],"is_trial":false,"path_per_floor":["M","?","$","?","M","R","?","R","T","M","E","R","?","M","R","B",null,"M","?","?","M","?","R","E"],"character_chosen":"IRONCLAD","items_purchased":["Metallicize","Uppercut","Warcry"],"campfire_rested":4,"item_purchase_floors":[3,3,3],"current_hp_per_floor":[70,70,70,70,72,80,80,80,80,80,49,73,52,58,80,36,90,79,79,79,46,28,56,0],"gold":227,"neow_bonus":"THREE_CARDS","is_prod":false,"is_daily":false,"chose_seed":false,"campfire_upgraded":1,"win_rate":0.0,"timestamp":1568008878,"path_taken":["M","?","?","?","M","R","?","R","T","M","E","R","?","M","R","BOSS","M","?","?","M","?","R","E"],"build_version":"2019-07-17","purchased_purges":0,"victory":false,"max_hp_per_floor":[80,80,80,80,80,80,80,80,80,80,80,80,80,80,80,80,90,90,90,90,90,95,95,95],"card_choices":[{"not_picked":["Armaments","Sword Boomerang"],"picked":"Clothesline","floor":0},{"not_picked":["Disarm","Metallicize"],"picked":"Ghostly Armor","floor":1},{"not_picked":["Sever Soul","Second Wind"],"picked":"Flame Barrier","floor":5},{"not_picked":["True Grit","Perfected Strike"],"picked":"Carnage","floor":10},{"not_picked":["Perfected Strike","True Grit"],"picked":"Berserk","floor":11},{"not_picked":["Headbutt","Armaments"],"picked":"Sever Soul","floor":13},{"not_picked":["Thunderclap","True Grit"],"picked":"Armaments","floor":14},{"not_picked":["Reaper","Dark Embrace"],"picked":"Bludgeon","floor":16},{"not_picked":["Flame Barrier+1","Metallicize"],"picked":"Iron Wave","floor":18},{"not_picked":["Headbutt","Sword Boomerang"],"picked":"Shrug It Off","floor":21}],"player_experience":3578,"relics_obtained":[{"floor":9,"key":"Pen Nib"},{"floor":11,"key":"Self Forming Clay"},{"floor":13,"key":"Odd Mushroom"},{"floor":17,"key":"War Paint"},{"floor":17,"key":"Pear"},{"floor":17,"key":"Unceasing Top"}],"event_choices":[{"damage_healed":0,"gold_gain":100,"player_choice":"Pray","damage_taken":0,"max_hp_gain":0,"max_hp_loss":0,"event_name":"Golden Shrine","floor":2,"gold_loss":0},{"damage_healed":0,"gold_gain":54,"player_choice":"Gained Gold","damage_taken":0,"max_hp_gain":0,"max_hp_loss":0,"event_name":"Golden Wing","floor":4,"gold_loss":0},{"damage_healed":20,"gold_gain":0,"player_choice":"Healed","damage_taken":0,"max_hp_gain":0,"max_hp_loss":0,"event_name":"The Cleric","floor":7,"gold_loss":35},{"damage_healed":0,"gold_gain":0,"player_choice":"Fought Mushrooms","damage_taken":0,"max_hp_gain":0,"max_hp_loss":0,"event_name":"Mushrooms","floor":13,"gold_loss":0},{"damage_healed":0,"gold_gain":0,"player_choice":"Simplicity","damage_taken":0,"max_hp_gain":0,"max_hp_loss":0,"event_name":"Back to Basics","floor":19,"gold_loss":0,"cards_upgraded":["Strike_R","Strike_R","Strike_R","Strike_R","Strike_R","Defend_R","Defend_R"]},{"damage_healed":0,"gold_gain":0,"player_choice":"Obtained Relic","damage_taken":0,"relics_obtained":["Blood Vial"],"max_hp_gain":0,"max_hp_loss":0,"event_name":"Addict","floor":20,"gold_loss":85},{"damage_healed":0,"gold_gain":0,"player_choice":"Shed Blood","damage_taken":23,"max_hp_gain":5,"max_hp_loss":0,"event_name":"Forgotten Altar","floor":22,"gold_loss":0}],"is_beta":false,"boss_relics":[{"not_picked":["Ectoplasm","Empty Cage"],"picked":"Calling Bell"}],"items_purged_floors":[],"is_endless":false,"potions_floor_spawned":[1,11,14,16,21],"killed_by":"Gremlin Leader","ascension_level":0}