{"gold_per_floor":[118,118,132,108,108,143,160,160,187,197,197,197,222,241,241,340,340,357,357,10,29,129,129],"floor_reached":23,"playtime":818,"items_purged":[],"score":274,"play_id":"2f0aa2b3-b779-444d-b3bf-7996b89e2d93","local_time":"20190107113246","is_ascension_mode":false,"campfire_choices":[{"floor":8,"key":"REST"},{"data":"Noxious Fumes","floor":12,"key":"SMITH"},{"floor":15,"key":"REST"}],"neow_cost":"NONE","seed_source_timestamp":757748939222248,"circlet_count":0,"master_deck":["Defend_G","Defend_G","Defend_G","Defend_G","Defend_G","Strike_G","Strike_G","Strike_G","Strike_G","Strike_G","Survivor","Neutralize","Footwork+1","Noxious Fumes","Prepared","Noxious Fumes+1","Deadly Poison","Noxious Fumes","Noxious Fumes","Deadly Poison","Deadly Poison","Deadly Poison","Prepared","Catalyst+1","Outmaneuver","Adrenaline"],"relics":["Ring of the Snake","Dream Catcher","Bag of Marbles","Bottled Flame","Orichalcum","Pen Nib","Orrery","Torii"],"potions_floor_usage":[],"damage_taken":[{"damage":2,"enemies":"2 Louse","floor":1,"turns":4},{"damage":4,"enemies":"Cultist","floor":3,"turns":5},{"damage":28,"enemies":"Gremlin Nob","floor":6,"turns":6},{"damage":0,"enemies":"Small Slimes","floor":7,"turns":3},{"damage":0,"enemies":"Blue Slaver","floor":10,"turns":5},{"damage":0,"enemies":"3 Sentries","floor":13,"turns":6},{"damage":7,"enemies":"2 Fungi Beasts","floor":14,"turns":4},{"damage":29,"enemies":"The Guardian","floor":16,"turns":8},{"damage":17,"enemies":"3 Byrds","floor":18,"turns":4},{"damage":8,"enemies":"Chosen","floor":21,"turns":6},{"damage":40,"enemies":"Gremlin Leader","floor":23,"turns":3}],"seed_played":"-3002825077432580274","potions_obtained":[{"floor":1,"key":"Strength Potion"},{"floor":3,"key":"Dexterity Potion"},{"floor":13,"key":"Block Potion"}],"is_trial":false,"path_per_floor":["M","?","M","$","?","E","M","R","T","M","?","R","E","M","R","B",null,"M","?","$","M","?","E"],"character_chosen":"THE_SILENT","items_purchased":["Prepared","Torii","Outmaneuver"],"campfire_rested":2,"item_purchase_floors":[4,20,20],"current_hp_per_floor":[68,68,64,64,57,29,29,50,50,50,50,50,50,43,64,35,70,53,40,40,32,32,0],"gold":129,"neow_bonus":"RANDOM_COMMON_RELIC","is_prod":false,"is_daily":false,"chose_seed":false,"campfire_upgraded":1,"win_rate":0.0,"timestamp":1546821166,"path_taken":["M","?","M","?","?","E","M","R","T","?","?","R","E","M","R","BOSS","M","?","$","M","?","E"],"build_version":"2019-01-03v4","purchased_purges":0,"victory":false,"max_hp_per_floor":[70,70,70,70,70,70,70,70,70,70,70,70,70,70,70,70,70,70,75,75,75,75,75],"card_choices":[{"not_picked":["Escape Plan","Dodge and Roll"],"picked":"Footwork","floor":1},{"not_picked":["Underhanded Strike","Poisoned Stab"],"picked":"Noxious Fumes","floor":3},{"not_picked":["PiercingWail","Acrobatics","Bane"],"picked":"SKIP","floor":6},{"not_picked":["Flechettes","Cloak And Dagger","Die Die Die"],"picked":"SKIP","floor":7},{"not_picked":["Dagger Throw","Poisoned Stab"],"picked":"Noxious Fumes","floor":10},{"not_picked":["Phantasmal Killer","Endless Agony"],"picked":"Deadly Poison","floor":13},{"not_picked":["Calculated Gamble","PiercingWail"],"picked":"Noxious Fumes","floor":14},{"not_picked":["Flechettes","Dodge and Roll"],"picked":"Noxious Fumes","floor":15},{"not_picked":["Acrobatics","Poisoned Stab"],"picked":"Deadly Poison","floor":17},{"not_picked":["Backflip","Dagger Throw"],"picked":"Deadly Poison","floor":17},{"not_picked":["Catalyst","After Image"],"picked":"Deadly Poison","floor":17},{"not_picked":["Slice","Tactician"],"picked":"Prepared","floor":17},{"not_picked":["Prepared","Blade Dance"],"picked":"Catalyst+1","floor":18},{"not_picked":["Dagger Spray","Sucker Punch"],"picked":"Adrenaline","floor":21}],"player_experience":206047,"relics_obtained":[{"floor":6,"key":"Bottled Flame"},{"floor":9,"key":"Orichalcum"},{"floor":13,"key":"Pen Nib"}],"event_choices":[{"damage_healed":0,"gold_gain":0,"player_choice":"Forge","damage_taken":0,"max_hp_gain":0,"max_hp_loss":0,"event_name":"Accursed Blacksmith","floor":2,"gold_loss":0,"cards_upgraded":["Footwork"]},{"damage_healed":0,"gold_gain":0,"player_choice":"Success","damage_taken":7,"relics_obtained":["Bag of Marbles"],"max_hp_gain":0,"max_hp_loss":0,"event_name":"Scrap Ooze","floor":5,"gold_loss":0},{"damage_healed":0,"gold_gain":0,"player_choice":"Leave","damage_taken":0,"max_hp_gain":0,"max_hp_loss":0,"event_name":"The Cleric","floor":11,"gold_loss":0},{"damage_healed":0,"gold_gain":0,"player_choice":"Shed Blood","damage_taken":18,"max_hp_gain":5,"max_hp_loss":0,"event_name":"Forgotten Altar","floor":19,"gold_loss":0},{"damage_healed":0,"gold_gain":100,"player_choice":"Pray","damage_taken":0,"max_hp_gain":0,"max_hp_loss":0,"event_name":"Golden Shrine","floor":22,"gold_loss":0}],"is_beta":false,"boss_relics":[{"not_picked":["Busted Crown","Runic Pyramid"],"picked":"Orrery"}],"items_purged_floors":[],"is_endless":false,"potions_floor_spawned":[1,3,13,14,21],"killed_by":"Gremlin Leader","ascension_level":0}