{"gold_per_floor":[116,48,48,59,139,164,164,177,201,231,243,128,128,144,144,242,242,252,252,252,272,287,312,312,338,338,356,376,389,145,155,155,254,254,268,283,297,2,20,20,50,50,50,50,50,50,50,50,50,50],"floor_reached":51,"playtime":10957,"items_purged":["Strike_B","Strike_B","Defend_B"],"score":878,"play_id":"2aa8ecba-f604-480a-8d32-19ba3ff66f2f","local_time":"20190903195620","is_ascension_mode":true,"campfire_choices":[{"data":"Defragment","floor":7.0,"key":"SMITH"},{"floor":13.0,"key":"REST"},{"data":"Sunder","floor":15.0,"key":"SMITH"},{"floor":24.0,"key":"REST"},{"data":"Creative AI","floor":32.0,"key":"SMITH"},{"floor":40,"key":"REST"},{"floor":42,"key":"REST"},{"data":"White Noise","floor":44,"key":"SMITH"},{"data":"Mind Blast","floor":49,"key":"SMITH"}],"neow_cost":"NONE","seed_source_timestamp":0,"circlet_count":0,"master_deck":["Defend_B","Defend_B","Defend_B","Zap","Dualcast","Cold Snap","Defragment+1","Streamline","Electrodynamics","Doom and Gloom","Static Discharge","Sunder+1","Self Repair","Creative AI+1","White Noise+1","BootSequence","Doom and Gloom","Conserve Battery+1","Force Field","Storm+1","Hologram","White Noise+1","Rainbow","Core Surge","Hello World+1","Panache","Mind Blast+1"],"special_seed":0,"relics":["Cracked Core","NeowsBlessing","Bronze Scales","Boot","Regal Pillow","Blood Vial","Black Star","Orichalcum","Incense Burner","Dead Branch","Cables","Question Card","Anchor","Busted Crown","Mercury Hourglass","Bottled Tornado","Sundial","Pear"],"potions_floor_usage":[50,50],"damage_taken":[{"damage":0.0,"enemies":"Cultist","floor":1.0,"turns":1.0},{"damage":0.0,"enemies":"Small Slimes","floor":4.0,"turns":1.0},{"damage":0.0,"enemies":"Lagavulin","floor":6.0,"turns":1.0},{"damage":12.0,"enemies":"Jaw Worm","floor":8.0,"turns":2.0},{"damage":22.0,"enemies":"3 Sentries","floor":10.0,"turns":4.0},{"damage":5.0,"enemies":"2 Fungi Beasts","floor":11.0,"turns":3.0},{"damage":10.0,"enemies":"Gremlin Gang","floor":14.0,"turns":2.0},{"damage":27.0,"enemies":"Hexaghost","floor":16.0,"turns":6.0},{"damage":8.0,"enemies":"3 Byrds","floor":18.0,"turns":2.0},{"damage":14.0,"enemies":"Spheric Guardian","floor":21.0,"turns":4.0},{"damage":34.0,"enemies":"Cultist and Chosen","floor":22.0,"turns":7.0},{"damage":14.0,"enemies":"Book of Stabbing","floor":23.0,"turns":5.0},{"damage":15.0,"enemies":"Gremlin Leader","floor":25.0,"turns":6.0},{"damage":2.0,"enemies":"Centurion and Healer","floor":27.0,"turns":4.0},{"damage":0.0,"enemies":"Snake Plant","floor":28.0,"turns":4.0},{"damage":0.0,"enemies":"Sentry and Sphere","floor":29.0,"turns":3.0},{"damage":0.0,"enemies":"Cultist and Chosen","floor":31.0,"turns":4.0},{"damage":27.0,"enemies":"Collector","floor":33.0,"turns":7.0},{"damage":0.0,"enemies":"Orb Walker","floor":35.0,"turns":3.0},{"damage":7.0,"enemies":"3 Darklings","floor":36.0,"turns":4.0},{"damage":16.0,"enemies":"Sphere and 2 Shapes","floor":37.0,"turns":3.0},{"damage":10.0,"enemies":"Jaw Worm Horde","floor":39.0,"turns":3.0},{"damage":38,"enemies":"Giant Head","floor":41,"turns":8},{"damage":31,"enemies":"Time Eater","floor":50,"turns":7}],"seed_played":"-5258118589976180681","potions_obtained":[{"floor":10.0,"key":"LiquidBronze"},{"floor":11.0,"key":"LiquidBronze"},{"floor":16.0,"key":"Regen Potion"},{"floor":18.0,"key":"EntropicBrew"},{"floor":21.0,"key":"GamblersBrew"},{"floor":22.0,"key":"FocusPotion"},{"floor":27.0,"key":"GamblersBrew"},{"floor":36.0,"key":"Weak Potion"}],"is_trial":false,"path_per_floor":["M","$","?","M","?","E","R","M","T","E","M","$","R","M","R","B",null,"M","?","?","M","M","E","R","E","T","M","M","M","$","M","R","B",null,"M","M","M","$","M","R","E","R","T","R","?","$","?","T","R","B",null],"character_chosen":"DEFECT","items_purchased":["Defragment","Sunder","Anchor","Panache"],"campfire_rested":4,"item_purchase_floors":[2,12,30,38],"current_hp_per_floor":[75,75,63,63,63,63,63,51,51,29,26,26,63,55,55,30,64,58,58,75,61,36,45,75,67,67,74,75,75,75,75,75,55,70,72,74,59,59,51,75,44,75,75,75,75,75,71,81,81,50],"gold":50,"neow_bonus":"THREE_ENEMY_KILL","is_prod":false,"is_daily":false,"chose_seed":false,"campfire_upgraded":5,"win_rate":0,"timestamp":1567504580,"path_taken":["M","$","?","M","?","E","R","M","T","E","M","$","R","M","R","BOSS","M","?","?","M","M","E","R","E","T","M","M","M","$","M","R","BOSS","M","M","?","$","M","R","E","R","T","R","?","?","?","?","R","BOSS"],"build_version":"2019-07-17","purchased_purges":3,"victory":true,"max_hp_per_floor":[75,75,75,75,75,75,75,75,75,75,75,75,75,75,75,75,75,75,75,75,75,75,75,75,75,75,75,75,75,75,75,75,75,75,75,75,75,75,75,75,75,75,75,75,75,75,71,81,81,81],"card_choices":[{"not_picked":["Rebound","Gash"],"picked":"Cold Snap","floor":1.0},{"not_picked":["Go for the Eyes","Gash"],"picked":"Streamline","floor":4.0},{"not_picked":["Self Repair","Double Energy"],"picked":"Electrodynamics","floor":6.0},{"not_picked":["Aggregate","Reprogram"],"picked":"Doom and Gloom","floor":8.0},{"not_picked":["Streamline","Turbo"],"picked":"Static Discharge","floor":10.0},{"not_picked":["Steam","Stack","Compile Driver"],"picked":"SKIP","floor":11.0},{"not_picked":["Ball Lightning","Reprogram"],"picked":"Self Repair","floor":14.0},{"not_picked":["All For One","Meteor Strike"],"picked":"Creative AI","floor":16.0},{"not_picked":["Hologram","Recycle"],"picked":"White Noise+1","floor":18.0},{"not_picked":["Rebound","Force Field"],"picked":"Conserve Battery+1","floor":21.0},{"not_picked":["Conserve Battery","Beam Cell"],"picked":"Force Field","floor":22.0},{"not_picked":["Meteor Strike","Recycle"],"picked":"Storm+1","floor":23.0},{"not_picked":["Rebound","Gash"],"picked":"Hologram","floor":25.0},{"not_picked":["Streamline+1","Steam","Compile Driver+1"],"picked":"White Noise","floor":27.0},{"not_picked":["BootSequence","Hologram","Aggregate+1","Sweeping Beam"],"picked":"SKIP","floor":28.0},{"not_picked":["Redo","Cold Snap","Gash"],"picked":"Rainbow","floor":29.0},{"not_picked":["Beam Cell","Compile Driver","Redo+1","Sweeping Beam+1"],"picked":"SKIP","floor":31.0},{"not_picked":["Multi-Cast","Meteor Strike","Buffer"],"picked":"Core Surge","floor":33.0},{"not_picked":["Leap+1","Storm"],"picked":"SKIP","floor":35.0},{"not_picked":["Gash"],"picked":"Hello World+1","floor":36.0},{"not_picked":["Ball Lightning+1","Go for the Eyes"],"picked":"SKIP","floor":37.0},{"not_picked":["Go for the Eyes+1","Heatsinks"],"picked":"SKIP","floor":39.0},{"not_picked":["Gash","Creative AI"],"picked":"SKIP","floor":41},{"not_picked":["HandOfGreed"],"picked":"Mind Blast","floor":45}],"player_experience":522577,"relics_obtained":[{"floor":6.0,"key":"Boot"},{"floor":9.0,"key":"Regal Pillow"},{"floor":10.0,"key":"Blood Vial"},{"floor":23.0,"key":"Orichalcum"},{"floor":23.0,"key":"Incense Burner"},{"floor":25.0,"key":"Dead Branch"},{"floor":25.0,"key":"Cables"},{"floor":26.0,"key":"Question Card"},{"floor":41,"key":"Mercury Hourglass"},{"floor":41,"key":"Bottled Tornado"},{"floor":43,"key":"Sundial"},{"floor":48,"key":"Pear"}],"event_choices":[{"damage_healed":0.0,"max_hp_gain":0.0,"max_hp_loss":0.0,"gold_gain":0.0,"event_name":"Scrap Ooze","player_choice":"Success","floor":3.0,"gold_loss":0.0,"damage_taken":12.0,"relics_obtained":["Bronze Scales"]},{"damage_healed":0.0,"max_hp_gain":0.0,"max_hp_loss":0.0,"gold_gain":80.0,"event_name":"Golden Wing","player_choice":"Gained Gold","floor":5.0,"gold_loss":0.0,"damage_taken":0.0},{"damage_healed":0.0,"max_hp_gain":0.0,"max_hp_loss":0.0,"gold_gain":0.0,"cards_transformed":["Strike_B","Strike_B"],"event_name":"Drug Dealer","player_choice":"Became Test Subject","floor":19.0,"gold_loss":0.0,"damage_taken":0.0,"cards_obtained":["BootSequence","Doom and Gloom"]},{"damage_healed":17.0,"max_hp_gain":0.0,"max_hp_loss":0.0,"gold_gain":0.0,"event_name":"Wheel of Change","player_choice":"Full Heal","floor":20.0,"gold_loss":0.0,"damage_taken":0.0},{"damage_healed":0,"gold_gain":0,"player_choice":"Memory 1","damage_taken":0,"max_hp_gain":0,"max_hp_loss":0,"event_name":"SensoryStone","floor":45,"gold_loss":0},{"damage_healed":0,"gold_gain":0,"player_choice":"Max HP","damage_taken":0,"max_hp_gain":0,"max_hp_loss":4,"event_name":"Winding Halls","floor":47,"gold_loss":0}],"is_beta":false,"boss_relics":[{"not_picked":["White Beast Statue","Tiny House"],"picked":"Black Star"},{"not_picked":["Calling Bell","Runic Pyramid"],"picked":"Busted Crown"}],"items_purged_floors":[12,30,38],"is_endless":false,"potions_floor_spawned":[10,11,16,18,21,22,27,29,36,37],"ascension_level":5}