{"gold_per_floor":[14,27,44,9,9,9,9,28,28,38,63,63,63,89,89,184,184,195,195,207,207,225,225,9,29,29,29,29,48,78,89,89,185,185,199,215,80,97,97,132,146,163,187,202,202,202,202,217,217,217,217,217,40,69,69],"floor_reached":55,"playtime":6651,"items_purged":["Strike_B","Strike_B"],"score":1088,"play_id":"6e2185da-fd59-4ded-b1df-d6770316762c","local_time":"20190925210000","is_ascension_mode":true,"campfire_choices":[{"data":"Biased Cognition","floor":6.0,"key":"SMITH"},{"data":"Chill","floor":13.0,"key":"SMITH"},{"data":"Self Repair","floor":15.0,"key":"SMITH"},{"data":"White Noise","floor":23.0,"key":"SMITH"},{"data":"Double Energy","floor":27.0,"key":"SMITH"},{"floor":32.0,"key":"REST"},{"floor":45.0,"key":"RECALL"},{"data":"Double Energy","floor":47.0,"key":"SMITH"},{"data":"Zap","floor":49.0,"key":"SMITH"},{"data":"Streamline","floor":52.0,"key":"SMITH"}],"neow_cost":"NO_GOLD","seed_source_timestamp":0,"circlet_count":0,"master_deck":["Defend_B","Defend_B","Defend_B","Defend_B","Zap+1","Dualcast","Biased Cognition+1","Gash","BootSequence","Streamline+1","Gash","Chill+1","Conserve Battery","Self Repair+1","Core Surge","Gash","White Noise+1","Force Field","Double Energy+1","Electrodynamics","Steam Power+1","All For One","Recycle+1","Double Energy+1","Leap+1","Writhe","Turbo","Fusion+1"],"special_seed":0,"relics":["Cracked Core","Calipers","Dead Branch","Empty Cage","Nilry\u0027s Codex","Blood Vial","Anchor","Nloth\u0027s Gift","Unceasing Top","Eternal Feather","Potion Belt","Art of War"],"potions_floor_usage":[54,54,55],"damage_taken":[{"damage":2.0,"enemies":"2 Louse","floor":1.0,"turns":2.0},{"damage":7.0,"enemies":"Jaw Worm","floor":2.0,"turns":3.0},{"damage":2.0,"enemies":"Small Slimes","floor":3.0,"turns":2.0},{"damage":0.0,"enemies":"2 Fungi Beasts","floor":8.0,"turns":3.0},{"damage":0.0,"enemies":"Looter","floor":10.0,"turns":2.0},{"damage":28.0,"enemies":"Gremlin Nob","floor":11.0,"turns":4.0},{"damage":0.0,"enemies":"3 Sentries","floor":14.0,"turns":6.0},{"damage":28.0,"enemies":"The Guardian","floor":16.0,"turns":10.0},{"damage":0.0,"enemies":"Chosen","floor":18.0,"turns":4.0},{"damage":6.0,"enemies":"2 Thieves","floor":20.0,"turns":4.0},{"damage":18.0,"enemies":"Snecko","floor":22.0,"turns":6.0},{"damage":13.0,"enemies":"Centurion and Healer","floor":25.0,"turns":9.0},{"damage":34.0,"enemies":"Snake Plant","floor":29.0,"turns":5.0},{"damage":0.0,"enemies":"Slavers","floor":30.0,"turns":4.0},{"damage":17.0,"enemies":"Cultist and Chosen","floor":31.0,"turns":5.0},{"damage":0.0,"enemies":"Collector","floor":33.0,"turns":9.0},{"damage":0.0,"enemies":"Orb Walker","floor":35.0,"turns":3.0},{"damage":25.0,"enemies":"3 Darklings","floor":36.0,"turns":4.0},{"damage":5.0,"enemies":"Maw","floor":38.0,"turns":6.0},{"damage":60.0,"enemies":"Reptomancer","floor":40.0,"turns":5.0},{"damage":0.0,"enemies":"Transient","floor":41.0,"turns":5.0},{"damage":35.0,"enemies":"Jaw Worm Horde","floor":42.0,"turns":4.0},{"damage":0.0,"enemies":"3 Darklings","floor":44.0,"turns":3.0},{"damage":39.0,"enemies":"Sphere and 2 Shapes","floor":48.0,"turns":6.0},{"damage":38.0,"enemies":"Donu and Deca","floor":50.0,"turns":7.0},{"damage":48,"enemies":"Shield and Spear","floor":54,"turns":6},{"damage":94,"enemies":"The Heart","floor":55,"turns":3}],"seed_played":"-6096653546244795362","potions_obtained":[{"floor":1.0,"key":"FearPotion"},{"floor":14.0,"key":"Energy Potion"},{"floor":16.0,"key":"SteroidPotion"},{"floor":18.0,"key":"SmokeBomb"},{"floor":20.0,"key":"Poison Potion"},{"floor":29.0,"key":"Strength Potion"},{"floor":30.0,"key":"Regen Potion"},{"floor":35.0,"key":"Dexterity Potion"},{"floor":39.0,"key":"Regen Potion"},{"floor":39.0,"key":"FocusPotion"},{"floor":42.0,"key":"Ancient Potion"},{"floor":54,"key":"SteroidPotion"}],"is_trial":false,"path_per_floor":["M","M","M","?","?","R","$","M","T","M","E","?","R","E","R","B",null,"M","?","M","?","M","R","$","M","T","R","?","M","E","M","R","B",null,"M","M","$","M","?","E","M","M","T","M","R","?","R","M","R","B",null,"R","$","E","B"],"character_chosen":"DEFECT","items_purchased":["Blood Vial","Block Potion","Double Energy","PowerPotion","SpeedPotion","Turbo","FearPotion"],"campfire_rested":1,"item_purchase_floors":[24,24,37,53,53,53,53],"current_hp_per_floor":[66,59,57,75,80,80,80,80,80,80,52,52,52,52,52,34,69,79,63,67,67,49,49,49,48,48,48,48,26,38,47,71,80,80,80,55,55,62,62,28,40,17,17,29,44,64,79,51,66,30,68,80,80,32,0],"gold":69,"neow_bonus":"THREE_RARE_CARDS","is_prod":false,"is_daily":false,"chose_seed":false,"campfire_upgraded":8,"win_rate":0,"timestamp":1569409200,"path_taken":["M","M","M","?","?","R","?","M","T","M","E","?","R","E","R","BOSS","M","?","M","?","?","R","$","M","T","R","?","?","E","M","R","BOSS","M","M","$","M","?","E","?","M","T","?","R","?","R","M","R","BOSS","R","$","E","BOSS"],"build_version":"2019-07-17","purchased_purges":2,"victory":false,"max_hp_per_floor":[75,75,75,75,80,80,80,80,80,80,80,80,80,80,80,80,80,80,80,80,80,80,80,80,80,80,80,80,80,80,80,80,80,80,80,80,80,80,80,80,80,80,80,80,80,80,80,80,80,80,80,80,80,80,80],"card_choices":[{"not_picked":["Hyperbeam","Meteor Strike"],"picked":"Biased Cognition","floor":0.0},{"not_picked":["Chaos","Steam"],"picked":"Gash","floor":1.0},{"not_picked":["Leap","Scrape"],"picked":"BootSequence","floor":2.0},{"not_picked":["Sweeping Beam","Melter"],"picked":"Streamline","floor":3.0},{"not_picked":["Ball Lightning","Rip and Tear"],"picked":"Gash","floor":8.0},{"not_picked":["Sunder","BootSequence"],"picked":"Chill","floor":10.0},{"not_picked":["Hologram","Leap"],"picked":"Conserve Battery","floor":11.0},{"not_picked":["FTL","Skim"],"picked":"Self Repair","floor":14.0},{"not_picked":["Thunder Strike","Fission"],"picked":"Core Surge","floor":16.0},{"not_picked":["Aggregate","Consume+1"],"picked":"Gash","floor":18.0},{"not_picked":["Hologram+1","Ball Lightning"],"picked":"White Noise","floor":20.0},{"not_picked":["Stack","Conserve Battery","Coolheaded"],"picked":"SKIP","floor":22.0},{"not_picked":["Gash","Ball Lightning"],"picked":"Double Energy","floor":25.0},{"not_picked":["Streamline+1","Chill","Beam Cell"],"picked":"SKIP","floor":29.0},{"not_picked":["Sweeping Beam","Rip and Tear"],"picked":"Electrodynamics","floor":30.0},{"not_picked":["Go for the Eyes","Streamline"],"picked":"Steam Power+1","floor":31.0},{"not_picked":["Rainbow","Creative AI"],"picked":"All For One","floor":33.0},{"not_picked":["Compile Driver","Barrage+1","Aggregate"],"picked":"SKIP","floor":35.0},{"not_picked":["Beam Cell","Sunder+1"],"picked":"Recycle+1","floor":36.0},{"not_picked":["Leap","Conserve Battery","Beam Cell+1"],"picked":"SKIP","floor":38.0},{"not_picked":["Sweeping Beam+1","Storm"],"picked":"Leap+1","floor":40.0},{"not_picked":["Melter","Meteor Strike","Go for the Eyes+1"],"picked":"SKIP","floor":41.0},{"not_picked":["Redo+1","Meteor Strike","Sweeping Beam+1"],"picked":"SKIP","floor":42.0},{"not_picked":["Machine Learning","Cold Snap","Fission"],"picked":"SKIP","floor":44.0},{"not_picked":["Turbo","Go for the Eyes+1","Sunder+1"],"picked":"SKIP","floor":48.0},{"not_picked":["Reboot","White Noise+1"],"picked":"Fusion+1","floor":54}],"player_experience":688716,"relics_obtained":[{"floor":9.0,"key":"Calipers"},{"floor":11.0,"key":"Dead Branch"},{"floor":14.0,"key":"The Courier"},{"floor":19.0,"key":"Nilry\u0027s Codex"},{"floor":26.0,"key":"Anchor"},{"floor":30.0,"key":"Unceasing Top"},{"floor":40.0,"key":"Potion Belt"},{"floor":54,"key":"Art of War"}],"event_choices":[{"damage_healed":18.0,"max_hp_gain":0.0,"max_hp_loss":0.0,"gold_gain":0.0,"event_name":"The Cleric","player_choice":"Healed","floor":4.0,"gold_loss":35.0,"damage_taken":0.0},{"damage_healed":0.0,"max_hp_gain":5.0,"max_hp_loss":0.0,"gold_gain":0.0,"event_name":"Big Fish","player_choice":"Donut","floor":5.0,"gold_loss":0.0,"damage_taken":0.0},{"damage_healed":0.0,"max_hp_gain":0.0,"max_hp_loss":0.0,"gold_gain":0.0,"event_name":"Shining Light","player_choice":"Ignored","floor":12.0,"gold_loss":0.0,"damage_taken":0.0},{"damage_healed":0.0,"max_hp_gain":0.0,"max_hp_loss":0.0,"gold_gain":0.0,"event_name":"Cursed Tome","player_choice":"Obtained Book","floor":19.0,"gold_loss":0.0,"damage_taken":16.0},{"damage_healed":0.0,"max_hp_gain":0.0,"max_hp_loss":0.0,"gold_gain":0.0,"event_name":"Match and Keep!","player_choice":"1 cards matched","floor":21.0,"gold_loss":0.0,"damage_taken":0.0,"cards_obtained":["Force Field"]},{"damage_healed":0.0,"max_hp_gain":0.0,"max_hp_loss":0.0,"gold_gain":0.0,"event_name":"N\u0027loth","player_choice":"Traded Relic","floor":28.0,"relics_lost":["The Courier"],"gold_loss":0.0,"damage_taken":0.0,"relics_obtained":["Nloth\u0027s Gift"]},{"damage_healed":0.0,"max_hp_gain":0.0,"max_hp_loss":0.0,"gold_gain":0.0,"event_name":"Lab","player_choice":"Got Potions","floor":39.0,"gold_loss":0.0,"damage_taken":0.0},{"damage_healed":20.0,"max_hp_gain":0.0,"max_hp_loss":0.0,"gold_gain":0.0,"event_name":"Winding Halls","player_choice":"Writhe","floor":46.0,"gold_loss":0.0,"damage_taken":0.0,"cards_obtained":["Writhe"]}],"is_beta":false,"boss_relics":[{"not_picked":["White Beast Statue","Fusion Hammer"],"picked":"Empty Cage"},{"not_picked":["Orrery","Philosopher\u0027s Stone"],"picked":"Eternal Feather"}],"items_purged_floors":[24,37],"is_endless":false,"potions_floor_spawned":[1,14,16,18,20,29,30,35,38,42,54],"killed_by":"The Heart","ascension_level":7}