{"gold_per_floor":[109,109,119,119,119,148,148,177,177,177,191,211,211,227,227,330,330,341,341,341,351,361,372,372,399,399,399,419,448,628,647,647,750,750,770,770,789,806,435,466,466,501,501,512,526,526,526,526,526,526],"floor_reached":51,"playtime":2724,"items_purged":["Strike_B"],"score":837,"play_id":"ed975ecb-d642-45ba-8d5a-400ef1fdf338","local_time":"20180708220811","is_ascension_mode":false,"campfire_choices":[{"floor":15,"key":"REST"},{"floor":24,"key":"REST"},{"data":"Genetic Algorithm","floor":27,"key":"SMITH"},{"floor":32,"key":"REST"},{"floor":46,"key":"REST"},{"floor":49,"key":"REST"}],"neow_cost":"","seed_source_timestamp":713561502572465,"circlet_count":0,"master_deck":["Strike_B","Strike_B","Defend_B","Defend_B","Defend_B+1","Defend_B","Zap","Dualcast","Ball Lightning+1","Darkness+1","Electrodynamics","Genetic Algorithm+1","Defragment+1","Biased Cognition+1","Cold Snap+1","White Noise","Creative AI+1","Force Field+1"],"relics":["Cracked Core","Letter Opener","Matryoshka","Pantograph","Frozen Egg 2","Centennial Puzzle","Pear","Meat on the Bone","Inserter","War Paint","Question Card","Prayer Wheel","Fusion Hammer","Anchor","Strawberry","Torii","Bag of Preparation","Shuriken"],"potions_floor_usage":[29,29],"damage_taken":[{"damage":1,"enemies":"Jaw Worm","floor":1,"turns":4},{"damage":0,"enemies":"Cultist","floor":3,"turns":2},{"damage":28,"enemies":"3 Sentries","floor":6,"turns":6},{"damage":32,"enemies":"Gremlin Nob","floor":8,"turns":4},{"damage":7,"enemies":"Small Slimes","floor":11,"turns":3},{"damage":19,"enemies":"Exordium Thugs","floor":12,"turns":3},{"damage":2,"enemies":"Blue Slaver","floor":14,"turns":2},{"damage":21,"enemies":"The Guardian","floor":16,"turns":8},{"damage":19,"enemies":"Shell Parasite","floor":18,"turns":4},{"damage":20,"enemies":"3 Byrds","floor":21,"turns":3},{"damage":29,"enemies":"Slaver and Parasite","floor":22,"turns":3},{"damage":16,"enemies":"Centurion and Healer","floor":23,"turns":3},{"damage":11,"enemies":"3 Cultists","floor":28,"turns":3},{"damage":9,"enemies":"Book of Stabbing","floor":29,"turns":4},{"damage":21,"enemies":"Slaver and Parasite","floor":31,"turns":5},{"damage":53,"enemies":"Automaton","floor":33,"turns":9},{"damage":32,"enemies":"3 Darklings","floor":35,"turns":3},{"damage":3,"enemies":"Orb Walker","floor":37,"turns":4},{"damage":7,"enemies":"Maw","floor":38,"turns":6},{"damage":39,"enemies":"Giant Head","floor":40,"turns":8},{"damage":33,"enemies":"2 Orb Walkers","floor":42,"turns":4},{"damage":19,"enemies":"Sphere and 2 Shapes","floor":44,"turns":4},{"damage":8,"enemies":"3 Darklings","floor":45,"turns":4},{"damage":52,"enemies":"Donu and Deca","floor":50,"turns":6}],"seed_played":"698183636350726547","potions_obtained":[{"floor":6,"key":"LiquidBronze"},{"floor":12,"key":"LiquidBronze"},{"floor":14,"key":"SpeedPotion"},{"floor":29,"key":"SkillPotion"},{"floor":33,"key":"Energy Potion"},{"floor":35,"key":"Block Potion"}],"is_trial":false,"path_per_floor":["M","?","M","?","?","E","?","E","T","T","M","M","$","M","R","B",null,"M","?","?","M","M","M","R","T","T","R","M","E","?","M","R","B",null,"M","?","M","M","$","E","?","E","T","M","M","R","?","?","R","B"],"character_chosen":"DEFECT","items_purchased":["Anchor","Strawberry"],"campfire_rested":5,"item_purchase_floors":[39,39],"current_hp_per_floor":[74,74,74,74,74,46,46,14,14,24,29,22,22,32,57,61,85,66,66,66,46,29,25,50,50,50,50,51,54,30,21,46,30,85,53,53,50,43,50,23,80,47,47,40,44,68,68,68,80,40],"gold":526,"neow_bonus":"","is_prod":false,"is_daily":false,"chose_seed":false,"campfire_upgraded":1,"win_rate":0.0,"timestamp":1531051691,"path_taken":["M","?","M","?","?","E","?","E","T","?","M","M","?","M","R","BOSS","M","?","?","M","?","M","R","?","T","R","?","E","?","?","R","BOSS","M","?","M","M","$","E","?","E","T","M","M","R","?","?","R","BOSS"],"build_version":"2018-07-05","purchased_purges":1,"victory":true,"max_hp_per_floor":[75,75,75,75,75,75,75,75,75,85,85,85,85,85,85,85,85,85,85,85,85,85,85,85,85,85,85,85,85,85,85,85,85,85,85,85,85,85,92,92,80,80,80,80,80,80,80,80,80,80],"card_choices":[{"not_picked":["Redo","Glacier"],"picked":"Ball Lightning","floor":1},{"not_picked":["Tempest","Sweeping Beam","Beam Cell"],"picked":"SKIP","floor":3},{"not_picked":["Compile Driver","Beam Cell"],"picked":"Darkness","floor":6},{"not_picked":["Compile Driver","Aggregate"],"picked":"Genetic Algorithm","floor":8},{"not_picked":["Loop+1","Streamline","Reboot"],"picked":"SKIP","floor":11},{"not_picked":["Scrape","Streamline","Steam Power"],"picked":"SKIP","floor":12},{"not_picked":["Ball Lightning","Stack"],"picked":"Defragment+1","floor":14},{"not_picked":["Machine Learning+1","Fission"],"picked":"Biased Cognition+1","floor":16},{"not_picked":["Beam Cell","Barrage+1","Steam Power"],"picked":"SKIP","floor":18},{"not_picked":["Steam","Beam Cell+1","Gash"],"picked":"SKIP","floor":21},{"not_picked":["Gash+1","Heatsinks+1"],"picked":"Cold Snap+1","floor":22},{"not_picked":["Consume","Barrage+1","Beam Cell"],"picked":"SKIP","floor":23},{"not_picked":["Conserve Battery","Go for the Eyes+1","Gash+1","Redo"],"picked":"SKIP","floor":28},{"not_picked":["Seek","Darkness+1","Coolheaded","Ball Lightning"],"picked":"SKIP","floor":29},{"not_picked":["Ball Lightning+1","Steam","Streamline"],"picked":"White Noise","floor":31},{"not_picked":["Chill+1","Tempest","Streamline","Sweeping Beam"],"picked":"SKIP","floor":31},{"not_picked":["All For One","Amplify","Fission"],"picked":"Creative AI+1","floor":33},{"not_picked":["Blizzard+1","Compile Driver","Genetic Algorithm+1","Stack+1"],"picked":"SKIP","floor":35},{"not_picked":["Leap","Doom and Gloom+1","Chill+1","Ball Lightning+1"],"picked":"SKIP","floor":35},{"not_picked":["Gash","Go for the Eyes","Hello World+1","Streamline+1"],"picked":"SKIP","floor":37},{"not_picked":["Genetic Algorithm+1","Heatsinks+1","Gash+1","Barrage+1"],"picked":"SKIP","floor":37},{"not_picked":["Hello World+1","Fusion","Leap+1"],"picked":"Force Field+1","floor":38},{"not_picked":["Stack+1","Hologram","Compile Driver","Fusion"],"picked":"SKIP","floor":38},{"not_picked":["Tempest","Multi-Cast","Leap"],"picked":"Cold Snap+1","floor":40},{"not_picked":["Loop+1","Coolheaded+1","Barrage+1","Leap"],"picked":"SKIP","floor":42},{"not_picked":["Ball Lightning","Compile Driver+1","Static Discharge+1","FTL"],"picked":"SKIP","floor":44},{"not_picked":["Barrage+1","Coolheaded+1","Cold Snap+1","Stack"],"picked":"SKIP","floor":44},{"not_picked":["Leap","Lockon","Beam Cell","Hologram"],"picked":"SKIP","floor":45},{"not_picked":["FTL+1","Go for the Eyes","Steam+1","Conserve Battery"],"picked":"SKIP","floor":45}],"player_experience":174534,"relics_obtained":[{"floor":6,"key":"Matryoshka"},{"floor":8,"key":"Pantograph"},{"floor":9,"key":"Frozen Egg 2"},{"floor":9,"key":"Centennial Puzzle"},{"floor":10,"key":"Pear"},{"floor":10,"key":"Meat on the Bone"},{"floor":25,"key":"War Paint"},{"floor":26,"key":"Question Card"},{"floor":29,"key":"Prayer Wheel"},{"floor":40,"key":"Torii"},{"floor":42,"key":"Bag of Preparation"},{"floor":43,"key":"Shuriken"}],"event_choices":[{"event_name":"Upgrade Shrine","player_choice":"Upgraded","floor":2,"damage_taken":0},{"event_name":"The Woman in Blue","player_choice":"Bought 0 Potions","floor":4,"damage_taken":0},{"event_name":"Accursed Blacksmith","player_choice":"Rummage","floor":5,"damage_taken":0},{"event_name":"Match and Keep!","player_choice":"1 cards matched","floor":7,"damage_taken":0},{"event_name":"Bonfire Elementals","player_choice":"BASIC","floor":19,"damage_taken":0},{"event_name":"Match and Keep!","player_choice":"0 cards matched","floor":20,"damage_taken":0},{"event_name":"Knowing Skull","player_choice":"GOLD GOLD ","floor":30,"damage_taken":0},{"event_name":"Tomb of Lord Red Mask","player_choice":"Ignored","floor":36,"damage_taken":0},{"event_name":"The Moai Head","player_choice":"Heal","floor":41,"damage_taken":0},{"event_name":"SensoryStone","player_choice":"Memory 1","floor":47,"damage_taken":0},{"event_name":"Falling","player_choice":"Removed Attack","floor":48,"damage_taken":0}],"boss_relics":[{"not_picked":["Velvet Choker","Runic Dome"],"picked":"Inserter"},{"not_picked":["Black Star","Astrolabe"],"picked":"Fusion Hammer"}],"items_purged_floors":[39],"is_endless":false,"potions_floor_spawned":[6,12,14,16,23,28,29,33,35,44],"ascension_level":0}