{"gold_per_floor":[366,380,159,177,194,224,237,312,339,339,396,416,427,452,452,452],"floor_reached":16,"playtime":1550,"items_purged":["Strike_R"],"score":174,"play_id":"cca2cfb7-5f37-47a9-aa0e-8785be1d10ec","local_time":"20190913003449","is_ascension_mode":true,"campfire_choices":[{"floor":10,"key":"REST"},{"floor":15,"key":"REST"}],"neow_cost":"TEN_PERCENT_HP_LOSS","seed_source_timestamp":88261558777900,"circlet_count":0,"master_deck":["Strike_R","Strike_R","Strike_R","Strike_R","Defend_R","Defend_R","Defend_R","Defend_R","Bash","Uppercut","Shrug It Off","Heavy Blade","Anger","Armaments","Entrench","Body Slam","Iron Wave","Second Wind"],"relics":["Burning Blood","Vajra","Blue Candle","Bronze Scales","Tiny Chest","Juzu Bracelet"],"potions_floor_usage":[11,11,12,12,13,13,14,16,16],"damage_taken":[{"damage":5,"enemies":"Cultist","floor":1,"turns":5},{"damage":7,"enemies":"Jaw Worm","floor":2,"turns":3},{"damage":7,"enemies":"Small Slimes","floor":4,"turns":3},{"damage":4,"enemies":"Blue Slaver","floor":5,"turns":4},{"damage":44,"enemies":"3 Sentries","floor":6,"turns":9},{"damage":6,"enemies":"3 Louse","floor":7,"turns":4},{"damage":5,"enemies":"Gremlin Nob","floor":11,"turns":3},{"damage":5,"enemies":"Gremlin Gang","floor":12,"turns":4},{"damage":11,"enemies":"Lots of Slimes","floor":13,"turns":4},{"damage":22,"enemies":"3 Sentries","floor":14,"turns":8},{"damage":51,"enemies":"The Guardian","floor":16,"turns":13}],"seed_played":"-1657020959755720867","potions_obtained":[{"floor":5,"key":"FearPotion"},{"floor":7,"key":"Strength Potion"},{"floor":11,"key":"EntropicBrew"},{"floor":12,"key":"GamblersBrew"},{"floor":13,"key":"SkillPotion"},{"floor":14,"key":"PowerPotion"}],"is_trial":false,"path_per_floor":["M","M","$","M","M","E","M","?","T","R","E","M","M","E","R","B"],"character_chosen":"IRONCLAD","items_purchased":["Vajra"],"campfire_rested":2,"item_purchase_floors":[3],"current_hp_per_floor":[72,71,71,70,72,34,34,23,23,44,45,46,41,25,46,0],"gold":452,"neow_bonus":"TWO_FIFTY_GOLD","is_prod":false,"is_daily":false,"chose_seed":false,"campfire_upgraded":0,"win_rate":0,"timestamp":1568298889,"path_taken":["M","?","$","M","?","E","M","?","T","R","E","M","M","E","R","BOSS"],"build_version":"2019-07-17","purchased_purges":1,"victory":false,"max_hp_per_floor":[72,72,72,72,72,72,72,72,72,72,72,72,72,72,72,72],"card_choices":[{"not_picked":["Headbutt","Thunderclap"],"picked":"Uppercut","floor":1},{"not_picked":["Warcry","Clothesline"],"picked":"Shrug It Off","floor":2},{"not_picked":["Wild Strike","Cleave"],"picked":"Heavy Blade","floor":4},{"not_picked":["Sword Boomerang","Clash","Thunderclap"],"picked":"SKIP","floor":5},{"not_picked":["Brutality","Perfected Strike"],"picked":"Anger","floor":6},{"not_picked":["Corruption","Searing Blow"],"picked":"Armaments","floor":7},{"not_picked":["Searing Blow","Pommel Strike"],"picked":"Entrench","floor":11},{"not_picked":["Iron Wave","Warcry"],"picked":"Body Slam","floor":12},{"not_picked":["Pommel Strike","Armaments"],"picked":"Iron Wave","floor":13},{"not_picked":["Sever Soul","Pummel"],"picked":"Second Wind","floor":14}],"player_experience":642679,"relics_obtained":[{"floor":6,"key":"Blue Candle"},{"floor":9,"key":"Bronze Scales"},{"floor":11,"key":"Tiny Chest"},{"floor":14,"key":"Juzu Bracelet"}],"event_choices":[{"damage_healed":0,"gold_gain":75,"player_choice":"Gather Gold","damage_taken":11,"max_hp_gain":0,"max_hp_loss":0,"event_name":"World of Goop","floor":8,"gold_loss":0}],"is_beta":false,"boss_relics":[],"items_purged_floors":[3],"is_endless":false,"potions_floor_spawned":[5,7,11,12,13,14],"killed_by":"The Guardian","ascension_level":8}