{"gold_per_floor":[118,118,129,129,147,147,159,159,186,196,196,121,121,140,140,140],"floor_reached":16,"playtime":3467,"items_purged":["Strike_R"],"score":97,"play_id":"3aabab45-5e67-4c87-b963-be4655bdcfd0","local_time":"20190911140215","is_ascension_mode":true,"campfire_choices":[{"data":"Armaments","floor":6,"key":"SMITH"},{"data":"Shockwave","floor":8,"key":"SMITH"},{"data":"Thunderclap","floor":13,"key":"SMITH"},{"data":"Searing Blow","floor":15,"key":"SMITH"}],"neow_cost":"NONE","seed_source_timestamp":584522346406700,"circlet_count":0,"master_deck":["Strike_R","Strike_R","Strike_R","Defend_R","Defend_R","Defend_R","Defend_R","Bash","Shrug It Off","Armaments+1","Uppercut","Thunderclap+1","Shockwave+1","Whirlwind","Searing Blow+1"],"relics":["Burning Blood","Bag of Preparation"],"potions_floor_usage":[16,16,16],"damage_taken":[{"damage":15,"enemies":"Jaw Worm","floor":1,"turns":5},{"damage":2,"enemies":"Small Slimes","floor":3,"turns":5},{"damage":12,"enemies":"Cultist","floor":5,"turns":8},{"damage":4,"enemies":"Blue Slaver","floor":7,"turns":6},{"damage":10,"enemies":"Lots of Slimes","floor":10,"turns":10},{"damage":0,"enemies":"3 Louse","floor":14,"turns":1},{"damage":85,"enemies":"Hexaghost","floor":16,"turns":16}],"seed_played":"1328845279135010089","potions_obtained":[{"floor":10,"key":"AttackPotion"},{"floor":11,"key":"GamblersBrew"},{"floor":11,"key":"PowerPotion"},{"floor":11,"key":"SpeedPotion"}],"is_trial":false,"path_per_floor":["M","?","M","?","M","R","M","R","T","M","?","$","R","M","R","B"],"character_chosen":"IRONCLAD","items_purchased":[],"campfire_rested":0,"item_purchase_floors":[],"current_hp_per_floor":[79,79,83,83,77,77,79,79,79,75,75,75,75,81,81,0],"gold":140,"neow_bonus":"TEN_PERCENT_HP_BONUS","is_prod":false,"is_daily":false,"chose_seed":false,"campfire_upgraded":4,"win_rate":0,"timestamp":1568228535,"path_taken":["M","?","M","?","?","R","M","R","T","M","?","$","R","M","R","BOSS"],"build_version":"2019-07-17","purchased_purges":1,"victory":false,"max_hp_per_floor":[88,88,88,88,88,88,88,88,88,88,88,88,88,88,88,88],"card_choices":[{"not_picked":["Clash","Ghostly Armor"],"picked":"Shrug It Off","floor":1},{"not_picked":["Clothesline","Body Slam"],"picked":"Uppercut","floor":3},{"not_picked":["Twin Strike","Sword Boomerang"],"picked":"Thunderclap","floor":5},{"not_picked":["Ghostly Armor","Thunderclap"],"picked":"Shockwave","floor":7},{"not_picked":["Sever Soul","Perfected Strike"],"picked":"Whirlwind","floor":10},{"not_picked":["Hemokinesis","Seeing Red"],"picked":"Searing Blow","floor":14}],"player_experience":68754,"relics_obtained":[{"floor":9,"key":"Bag of Preparation"}],"event_choices":[{"damage_healed":0,"gold_gain":0,"cards_transformed":["Strike_R"],"player_choice":"Change","damage_taken":0,"max_hp_gain":0,"max_hp_loss":0,"event_name":"Living Wall","floor":2,"gold_loss":0,"cards_obtained":["Armaments"]},{"damage_healed":0,"gold_gain":0,"player_choice":"Ignored","damage_taken":0,"max_hp_gain":0,"max_hp_loss":0,"event_name":"WeMeetAgain","floor":4,"gold_loss":0},{"damage_healed":0,"gold_gain":0,"player_choice":"Got Potions","damage_taken":0,"max_hp_gain":0,"max_hp_loss":0,"event_name":"Lab","floor":11,"gold_loss":0}],"is_beta":false,"boss_relics":[],"items_purged_floors":[12],"is_endless":false,"potions_floor_spawned":[10],"killed_by":"Hexaghost","ascension_level":1}