{"gold_per_floor":[115,115,215,225,225,225,250,264,264,303,317,358,72,72],"floor_reached":14,"playtime":377,"items_purged":[],"score":100,"play_id":"7f3f7d08-16cb-4e9d-838f-d40656f5b029","local_time":"20180717192552","is_ascension_mode":false,"campfire_choices":[{"data":"Dualcast","floor":6,"key":"SMITH"}],"neow_cost":"NONE","seed_source_timestamp":504464630872351,"circlet_count":0,"master_deck":["Strike_B","Strike_B","Strike_B","Strike_B","Defend_B","Defend_B","Defend_B","Defend_B","Zap+1","Dualcast+1","Ball Lightning+1","Melter","Ball Lightning","Genetic Algorithm"],"relics":["Cracked Core","Golden Idol","Bottled Flame","Dodecahedron","Potion Belt","Ice Cream"],"potions_floor_usage":[],"damage_taken":[{"damage":2,"enemies":"Jaw Worm","floor":1,"turns":4},{"damage":3,"enemies":"2 Louse","floor":4,"turns":2},{"damage":1,"enemies":"Cultist","floor":7,"turns":3},{"damage":0,"enemies":"Looter","floor":8,"turns":2},{"damage":5,"enemies":"Gremlin Nob","floor":10,"turns":3},{"damage":0,"enemies":"Red Slaver","floor":11,"turns":1},{"damage":31,"enemies":"Lagavulin","floor":12,"turns":4},{"damage":19,"enemies":"Gremlin Gang","floor":14,"turns":3}],"seed_played":"7209768261603280689","potions_obtained":[{"floor":1,"key":"Dexterity Potion"},{"floor":10,"key":"Explosive Potion"},{"floor":12,"key":"AttackPotion"}],"is_trial":false,"path_per_floor":["M","?","?","M","?","R","M","M","T","E","M","E","$"],"character_chosen":"DEFECT","items_purchased":["Ice Cream"],"campfire_rested":0,"item_purchase_floors":[13],"current_hp_per_floor":[73,73,73,70,52,52,51,51,51,46,46,15,15,0],"gold":72,"neow_bonus":"UPGRADE_CARD","is_prod":false,"is_daily":false,"chose_seed":false,"campfire_upgraded":1,"win_rate":1,"timestamp":1531819552,"path_taken":["M","?","?","M","?","R","M","?","T","E","M","E","?","?"],"build_version":"2018-07-12","purchased_purges":0,"victory":false,"max_hp_per_floor":[75,75,75,75,75,75,75,75,75,75,75,75,75,75],"card_choices":[{"not_picked":["Chill","Rebound"],"picked":"Ball Lightning","floor":1},{"not_picked":["Sweeping Beam","Undo","Scrape"],"picked":"SKIP","floor":4},{"not_picked":["FTL","Hologram"],"picked":"Melter","floor":7},{"not_picked":["Barrage","Steam"],"picked":"Ball Lightning","floor":8},{"not_picked":["Consume","Tempest","Streamline"],"picked":"SKIP","floor":10},{"not_picked":["Leap","BootSequence","Streamline"],"picked":"SKIP","floor":11},{"not_picked":["Aggregate","Amplify"],"picked":"Genetic Algorithm","floor":12}],"player_experience":177258,"relics_obtained":[{"floor":9,"key":"Bottled Flame"},{"floor":10,"key":"Dodecahedron"},{"floor":12,"key":"Potion Belt"}],"event_choices":[{"event_name":"Living Wall","player_choice":"Grow","floor":2,"damage_taken":0},{"event_name":"Golden Shrine","player_choice":"Pray","floor":3,"damage_taken":0},{"event_name":"Golden Idol","player_choice":"Take Damage","floor":5,"damage_taken":0}],"boss_relics":[],"items_purged_floors":[],"is_endless":false,"potions_floor_spawned":[1,10,12],"killed_by":"Gremlin Gang","ascension_level":0}