{"gold_per_floor":[118,131,206,206,222,222,239,239,262,262,262,297,397,29,29,133,133,153,27,43,60,72,72,104,104,128,128,139,139,150,150,150,255,255,271,271,284,92,92,92,92,124,124,137,162,174,205,55,55,55],"floor_reached":51,"playtime":2853,"items_purged":["Defend_R","Strike_R","Doubt","Defend_R+1"],"score":912,"play_id":"0bb8ac27-632a-4f54-a09a-59ed8cdd8f07","local_time":"20190918150523","is_ascension_mode":true,"campfire_choices":[{"floor":6,"key":"REST"},{"data":"Cleave","floor":8,"key":"SMITH"},{"data":"Armaments","floor":10,"key":"SMITH"},{"floor":15,"key":"REST"},{"floor":23,"key":"REST"},{"floor":25,"key":"REST"},{"floor":32,"key":"REST"},{"floor":40,"key":"REST"},{"floor":49,"key":"REST"}],"neow_cost":"NONE","seed_source_timestamp":63121906824100,"circlet_count":0,"master_deck":["Strike_R","Strike_R","Strike_R","Strike_R","Defend_R+1","Bash+1","Shrug It Off","Twin Strike","Cleave+1","Armaments+1","Cleave","Fiend Fire","Reaper","Bludgeon","Clash+1","Clash","Thunderclap+1","Clash","Perfected Strike","Necronomicurse","Warcry+1","Exhume","Flex","Feel No Pain","Flash of Steel","Feed","Clash+1","Double Tap"],"relics":["Burning Blood","Blood Vial","PreservedInsect","Fusion Hammer","Pen Nib","Boot","Necronomicon","Calling Bell","Red Skull","Pear","Ice Cream","Unceasing Top","Ancient Tea Set","Calipers","Bottled Flame"],"potions_floor_usage":[16,33,33,45,50,50],"damage_taken":[{"damage":9,"enemies":"Jaw Worm","floor":1,"turns":3},{"damage":8,"enemies":"2 Louse","floor":2,"turns":3},{"damage":6,"enemies":"Small Slimes","floor":5,"turns":3},{"damage":7,"enemies":"Red Slaver","floor":7,"turns":3},{"damage":29,"enemies":"Gremlin Nob","floor":12,"turns":4},{"damage":60,"enemies":"The Guardian","floor":16,"turns":10},{"damage":23,"enemies":"Shell Parasite","floor":18,"turns":4},{"damage":11,"enemies":"Spheric Guardian","floor":20,"turns":3},{"damage":14,"enemies":"Centurion and Healer","floor":21,"turns":3},{"damage":8,"enemies":"Snake Plant","floor":22,"turns":2},{"damage":0,"enemies":"Gremlin Leader","floor":24,"turns":3},{"damage":0,"enemies":"3 Cultists","floor":28,"turns":4},{"damage":23,"enemies":"Centurion and Healer","floor":30,"turns":2},{"damage":58,"enemies":"Champ","floor":33,"turns":7},{"damage":76,"enemies":"3 Darklings","floor":35,"turns":6},{"damage":37,"enemies":"3 Shapes","floor":37,"turns":3},{"damage":40,"enemies":"Nemesis","floor":42,"turns":3},{"damage":0,"enemies":"Spire Growth","floor":44,"turns":2},{"damage":44,"enemies":"Reptomancer","floor":45,"turns":3},{"damage":0,"enemies":"4 Shapes","floor":46,"turns":1},{"damage":42,"enemies":"Giant Head","floor":47,"turns":6},{"damage":94,"enemies":"Donu and Deca","floor":50,"turns":8}],"seed_played":"-2638747295866095436","potions_obtained":[{"floor":2,"key":"SpeedPotion"},{"floor":5,"key":"PowerPotion"},{"floor":16,"key":"Weak Potion"},{"floor":20,"key":"FairyPotion"},{"floor":22,"key":"SkillPotion"},{"floor":35,"key":"EssenceOfSteel"},{"floor":37,"key":"SpeedPotion"},{"floor":44,"key":"Explosive Potion"},{"floor":46,"key":"GamblersBrew"}],"is_trial":false,"path_per_floor":["M","M","?","?","M","R","M","R","T","R","?","E","?","$","R","B",null,"M","$","M","M","M","R","E","R","T","?","M","?","M","?","R","B",null,"M","?","M","$","?","R","?","E","T","M","E","M","E","$","R","B",null],"character_chosen":"IRONCLAD","items_purchased":["Fiend Fire","Reaper","Clash","Feel No Pain"],"campfire_rested":7,"item_purchase_floors":[14,14,19,38],"current_hp_per_floor":[77,75,64,48,48,72,71,71,71,71,71,50,50,50,74,22,80,70,70,67,61,61,80,80,80,80,64,80,80,63,48,73,33,95,47,47,48,48,48,76,76,44,44,62,26,34,10,10,38,15],"gold":55,"neow_bonus":"UPGRADE_CARD","is_prod":false,"is_daily":false,"chose_seed":false,"campfire_upgraded":2,"win_rate":0,"timestamp":1568844323,"path_taken":["M","M","?","?","M","R","M","R","T","R","?","E","?","$","R","BOSS","M","$","M","M","M","R","E","R","T","?","M","?","?","?","R","BOSS","M","?","M","$","?","R","?","E","T","M","E","?","E","$","R","BOSS"],"build_version":"2019-07-17","purchased_purges":4,"victory":true,"max_hp_per_floor":[80,80,80,80,80,80,80,80,80,80,80,80,80,80,80,80,80,80,80,80,80,80,80,80,80,80,80,80,80,80,85,85,85,95,95,95,95,95,95,95,95,95,95,95,95,95,95,95,95,99],"card_choices":[{"not_picked":["Dual Wield","Shockwave"],"picked":"Shrug It Off","floor":1},{"not_picked":["Clothesline","Reckless Charge"],"picked":"Twin Strike","floor":2},{"not_picked":["Shockwave","Flex"],"picked":"Cleave","floor":5},{"not_picked":["Body Slam","Twin Strike"],"picked":"Armaments","floor":7},{"not_picked":["Headbutt","Heavy Blade"],"picked":"Cleave","floor":12},{"not_picked":["Reaper","Berserk"],"picked":"Bludgeon","floor":16},{"not_picked":["Second Wind","Sever Soul"],"picked":"Clash+1","floor":18},{"not_picked":["Pommel Strike","Sword Boomerang+1"],"picked":"Thunderclap+1","floor":20},{"not_picked":["Fire Breathing","Armaments","Wild Strike+1"],"picked":"SKIP","floor":21},{"not_picked":["Metallicize","Bloodletting"],"picked":"Clash","floor":22},{"not_picked":["Dual Wield","Warcry+1"],"picked":"Perfected Strike","floor":24},{"not_picked":["Armaments+1","Burning Pact+1"],"picked":"Warcry+1","floor":28},{"not_picked":["Clothesline","True Grit","Hemokinesis"],"picked":"SKIP","floor":30},{"not_picked":["Limit Break","Fiend Fire"],"picked":"Exhume","floor":33},{"not_picked":["Evolve","Heavy Blade","Shockwave+1"],"picked":"SKIP","floor":35},{"not_picked":["Heavy Blade","Hemokinesis+1"],"picked":"Flex","floor":37},{"not_picked":["Jack Of All Trades","Chrysalis"],"picked":"Flash of Steel","floor":39},{"not_picked":["Clash","Headbutt"],"picked":"Feed","floor":42},{"not_picked":["Wild Strike","Pummel","Twin Strike"],"picked":"SKIP","floor":44},{"not_picked":["Perfected Strike","Ghostly Armor"],"picked":"Clash+1","floor":45},{"not_picked":["Dual Wield","Burning Pact","Wild Strike"],"picked":"SKIP","floor":46},{"not_picked":["Sword Boomerang+1","Offering"],"picked":"Double Tap","floor":47}],"player_experience":16612,"relics_obtained":[{"floor":9,"key":"Blood Vial"},{"floor":12,"key":"PreservedInsect"},{"floor":24,"key":"Pen Nib"},{"floor":26,"key":"Boot"},{"floor":27,"key":"Necronomicon"},{"floor":34,"key":"Red Skull"},{"floor":34,"key":"Pear"},{"floor":34,"key":"Ice Cream"},{"floor":42,"key":"Unceasing Top"},{"floor":43,"key":"Ancient Tea Set"},{"floor":45,"key":"Calipers"},{"floor":47,"key":"Bottled Flame"}],"event_choices":[{"damage_healed":0,"gold_gain":75,"player_choice":"Gather Gold","damage_taken":11,"max_hp_gain":0,"max_hp_loss":0,"event_name":"World of Goop","floor":3,"gold_loss":0},{"damage_healed":0,"gold_gain":0,"player_choice":"Entered Light","damage_taken":16,"max_hp_gain":0,"max_hp_loss":0,"event_name":"Shining Light","floor":4,"gold_loss":0,"cards_upgraded":["Defend_R","Defend_R"]},{"cards_removed":["Defend_R"],"damage_healed":0,"gold_gain":0,"player_choice":"Forget","damage_taken":0,"max_hp_gain":0,"max_hp_loss":0,"event_name":"Living Wall","floor":11,"gold_loss":0},{"damage_healed":0,"gold_gain":100,"player_choice":"Pray","damage_taken":0,"max_hp_gain":0,"max_hp_loss":0,"event_name":"Golden Shrine","floor":13,"gold_loss":0},{"damage_healed":0,"gold_gain":0,"player_choice":"Obtained Book","damage_taken":16,"max_hp_gain":0,"max_hp_loss":0,"event_name":"Cursed Tome","floor":27,"gold_loss":0},{"damage_healed":0,"gold_gain":0,"player_choice":"Bought 0 Potions","damage_taken":0,"max_hp_gain":0,"max_hp_loss":0,"event_name":"The Woman in Blue","floor":29,"gold_loss":0},{"damage_healed":0,"gold_gain":0,"player_choice":"Shed Blood","damage_taken":20,"max_hp_gain":5,"max_hp_loss":0,"event_name":"Forgotten Altar","floor":31,"gold_loss":0},{"damage_healed":0,"gold_gain":0,"player_choice":"Ignored","damage_taken":0,"max_hp_gain":0,"max_hp_loss":0,"event_name":"Tomb of Lord Red Mask","floor":36,"gold_loss":0},{"damage_healed":0,"gold_gain":0,"player_choice":"Memory 1","damage_taken":0,"max_hp_gain":0,"max_hp_loss":0,"event_name":"SensoryStone","floor":39,"gold_loss":0},{"cards_removed":["Writhe","Regret"],"damage_healed":0,"gold_gain":0,"player_choice":"Removed Curses","damage_taken":0,"max_hp_gain":0,"max_hp_loss":0,"event_name":"Fountain of Cleansing","floor":41,"gold_loss":0}],"is_beta":false,"boss_relics":[{"not_picked":["Empty Cage","Busted Crown"],"picked":"Fusion Hammer"},{"not_picked":["White Beast Statue","Orrery"],"picked":"Calling Bell"}],"items_purged_floors":[14,19,38,48],"is_endless":false,"potions_floor_spawned":[2,5,16,20,22,30,35,37,44,46],"ascension_level":3}