{"gold_per_floor":[147,147,195,255,297,426,516,5,5,95,200,281,18,93,93,321,321,369,369,462,498,60,60,60,138,138,228,17,110,110,209,209,434,434,485,146,203,233,269,365,365,461,461,461,461,461,461],"floor_reached":48,"playtime":2848,"items_purged":[],"score":2245,"play_id":"290bde6c-7232-45ae-ae05-1e18e0d69900","local_time":"20190807201419","daily_mods":["SealedDeck","Diverse","Flight","DeadlyEvents","Elite Swarm","Midas","Terminal"],"is_ascension_mode":true,"campfire_choices":[{"floor":15,"key":"REST"},{"floor":23,"key":"REST"},{"floor":30,"key":"REST"},{"floor":32,"key":"REST"},{"floor":41,"key":"REST"},{"floor":44,"key":"REST"}],"neow_cost":"","seed_source_timestamp":0,"circlet_count":0,"master_deck":["AscendersBane","Sword Boomerang","Darkness","Dodge and Roll","Ball Lightning","Dagger Throw","Hologram","Armaments","Steam","Hologram","Clothesline+1","Noxious Fumes","After Image","Creative AI","Die Die Die","Glass Knife+1","Corpse Explosion","Corpse Explosion","Immolate","Disarm","Demon Form","Dash","Leap","Feel No Pain","Chill","Malaise","Shrug It Off","Impervious","Limit Break"],"relics":["Ring of the Snake","Tiny Chest","Ninja Scroll","Lee\u0027s Waffle","Shuriken","Pantograph","Pen Nib","Art of War","Whetstone","Mercury Hourglass","Boot","Philosopher\u0027s Stone","The Specimen","Paper Crane","Bronze Scales","Meat on the Bone","Kunai","Gambling Chip","The Courier","Ice Cream","Red Mask","Snecko Eye","Singing Bowl","Anchor","Centennial Puzzle","Dead Branch","Thread and Needle"],"potions_floor_usage":[7,12,20,38,47,47],"damage_taken":[{"damage":0,"enemies":"Small Slimes","floor":1,"turns":4},{"damage":0,"enemies":"Cultist","floor":3,"turns":3},{"damage":0,"enemies":"Jaw Worm","floor":4,"turns":3},{"damage":10,"enemies":"Large Slime","floor":5,"turns":7},{"damage":4,"enemies":"3 Sentries","floor":6,"turns":7},{"damage":1,"enemies":"Gremlin Nob","floor":7,"turns":4},{"damage":3,"enemies":"3 Sentries","floor":10,"turns":6},{"damage":5,"enemies":"Lagavulin","floor":11,"turns":7},{"damage":9,"enemies":"Gremlin Nob","floor":12,"turns":4},{"damage":5,"enemies":"3 Sentries","floor":14,"turns":3},{"damage":6,"enemies":"Slime Boss","floor":16,"turns":7},{"damage":0,"enemies":"Chosen","floor":18,"turns":2},{"damage":10,"enemies":"Book of Stabbing","floor":20,"turns":3},{"damage":6,"enemies":"Spheric Guardian","floor":21,"turns":4},{"damage":0,"enemies":"Slavers","floor":25,"turns":1},{"damage":0,"enemies":"Book of Stabbing","floor":27,"turns":4},{"damage":4,"enemies":"Gremlin Leader","floor":29,"turns":5},{"damage":0,"enemies":"Masked Bandits","floor":31,"turns":1},{"damage":21,"enemies":"Champ","floor":33,"turns":10},{"damage":0,"enemies":"Orb Walker","floor":35,"turns":2},{"damage":0,"enemies":"3 Darklings","floor":37,"turns":2},{"damage":2,"enemies":"Transient","floor":38,"turns":6},{"damage":0,"enemies":"Jaw Worm Horde","floor":39,"turns":2},{"damage":12,"enemies":"Nemesis","floor":40,"turns":7},{"damage":13,"enemies":"Giant Head","floor":42,"turns":7},{"damage":0,"enemies":"Time Eater","floor":46,"turns":7},{"damage":5,"enemies":"Awakened One","floor":47,"turns":9}],"seed_played":"918593","potions_obtained":[{"floor":4,"key":"Ancient Potion"},{"floor":5,"key":"GhostInAJar"},{"floor":7,"key":"LiquidBronze"},{"floor":12,"key":"Fire Potion"},{"floor":20,"key":"Fire Potion"},{"floor":29,"key":"SpeedPotion"},{"floor":39,"key":"Dexterity Potion"}],"is_trial":true,"path_per_floor":["M","$","M","M","M","E","E","$","T","E","E","E","$","E","R","B",null,"M","?","E","M","$","R","T","E","T","E","$","E","R","?","R","B",null,"M","$","M","M","M","E","R","E","T","R","?","B","B",null],"character_chosen":"THE_SILENT","items_purchased":["Lee\u0027s Waffle","Shuriken","Mercury Hourglass","Paper Crane","Bronze Scales","Dash","Leap","Feel No Pain","Chill","Singing Bowl","Anchor"],"campfire_rested":6,"item_purchase_floors":[8,8,13,22,22,28,28,28,28,36,36],"current_hp_per_floor":[59,59,59,59,49,45,44,64,63,60,55,46,46,41,57,51,55,54,48,38,32,32,47,47,47,46,45,44,40,42,41,40,31,37,37,36,37,37,37,27,37,24,24,34,33,32,27],"gold":461,"neow_bonus":"","is_prod":false,"is_daily":false,"chose_seed":true,"campfire_upgraded":0,"win_rate":0,"timestamp":1565234059,"path_taken":["M","$","M","M","M","E","E","$","T","E","E","E","$","E","R","BOSS","M","?","?","?","$","R","?","E","T","?","$","E","R","?","R","BOSS","M","$","M","M","M","E","R","E","T","R","?","BOSS","BOSS"],"build_version":"2019-07-17","purchased_purges":0,"victory":true,"max_hp_per_floor":[64,63,62,61,60,59,58,64,63,62,61,60,59,58,57,56,55,54,53,52,51,50,49,48,47,46,45,44,43,42,41,40,39,38,37,36,37,38,37,38,37,36,35,34,33,32,31],"card_choices":[{"not_picked":["Warcry","Deadly Poison","Barrage"],"picked":"SKIP","floor":1},{"not_picked":["Amplify","Pommel Strike","Go for the Eyes"],"picked":"SKIP","floor":3},{"not_picked":["Force Field","Underhanded Strike"],"picked":"Noxious Fumes","floor":4},{"not_picked":["Turbo","Venomology","Calculated Gamble"],"picked":"SKIP","floor":5},{"not_picked":["Fiend Fire","Seek"],"picked":"After Image","floor":6},{"not_picked":["Venomology","Rainbow"],"picked":"Creative AI","floor":7},{"not_picked":["Thunder Strike","Meteor Strike"],"picked":"Die Die Die","floor":10},{"not_picked":["Envenom","Multi-Cast"],"picked":"Glass Knife","floor":11},{"not_picked":["All For One","Burst"],"picked":"Corpse Explosion","floor":12},{"not_picked":["Fission","Buffer"],"picked":"Corpse Explosion","floor":14},{"not_picked":["Meteor Strike","Fission"],"picked":"Immolate","floor":16},{"not_picked":["Underhanded Strike+1","Cold Snap","Hello World"],"picked":"SKIP","floor":18},{"not_picked":["Buffer","Dark Embrace","Machine Learning"],"picked":"SKIP","floor":20},{"not_picked":["Blade Dance","Dagger Spray"],"picked":"Disarm","floor":21},{"not_picked":["Rainbow","Tools of the Trade"],"picked":"Demon Form","floor":25},{"not_picked":["Berserk","Meteor Strike","Die Die Die"],"picked":"SKIP","floor":27},{"not_picked":["Envenom","A Thousand Cuts","Malaise"],"picked":"SKIP","floor":29},{"not_picked":["Envenom","A Thousand Cuts"],"picked":"Malaise","floor":29},{"not_picked":["Quick Slash","Hologram"],"picked":"Shrug It Off","floor":35},{"not_picked":["Cold Snap","Carnage","Backflip"],"picked":"Singing Bowl","floor":37},{"not_picked":["Metallicize","Blade Dance+1","Thunderclap"],"picked":"Singing Bowl","floor":38},{"not_picked":["Underhanded Strike","Chill+1"],"picked":"Impervious","floor":39},{"not_picked":["Tools of the Trade","Grand Finale","Meteor Strike"],"picked":"Singing Bowl","floor":40},{"not_picked":["Berserk","Malaise"],"picked":"Limit Break","floor":42}],"player_experience":1304066,"relics_obtained":[{"floor":6,"key":"Tiny Chest"},{"floor":7,"key":"Ninja Scroll"},{"floor":9,"key":"Pantograph"},{"floor":10,"key":"Pen Nib"},{"floor":11,"key":"Art of War"},{"floor":12,"key":"Whetstone"},{"floor":14,"key":"Boot"},{"floor":20,"key":"The Specimen"},{"floor":24,"key":"Meat on the Bone"},{"floor":25,"key":"Kunai"},{"floor":26,"key":"Gambling Chip"},{"floor":27,"key":"The Courier"},{"floor":29,"key":"Ice Cream"},{"floor":31,"key":"Red Mask"},{"floor":40,"key":"Centennial Puzzle"},{"floor":42,"key":"Dead Branch"},{"floor":43,"key":"Thread and Needle"}],"event_choices":[{"damage_healed":0,"gold_gain":0,"player_choice":"","damage_taken":6,"max_hp_gain":0,"max_hp_loss":0,"event_name":"Knowing Skull","floor":19,"potions_obtained":[],"gold_loss":0,"cards_obtained":[]},{"damage_healed":0,"gold_gain":0,"player_choice":"Fought Bandits","damage_taken":0,"max_hp_gain":0,"max_hp_loss":0,"event_name":"Masked Bandits","floor":31,"gold_loss":0},{"damage_healed":0,"gold_gain":0,"player_choice":"Took Portal","damage_taken":0,"max_hp_gain":0,"max_hp_loss":0,"event_name":"SecretPortal","floor":45,"gold_loss":0}],"is_beta":false,"boss_relics":[{"not_picked":["Velvet Choker","Orrery"],"picked":"Philosopher\u0027s Stone"},{"not_picked":["White Beast Statue","WristBlade"],"picked":"Snecko Eye"}],"items_purged_floors":[],"is_endless":false,"potions_floor_spawned":[4,5,7,10,12,20,29,31,33,37,39],"ascension_level":20}