{"gold_per_floor":[109,33,33,47,65,65,97,97,97,111,111,127,127,145,145,242,242,258,273,273,288,288,288,299,156,181,22,35,35,52,52],"floor_reached":31,"playtime":1658,"items_purged":["Defend_R"],"score":239,"play_id":"3bf50a83-1bd7-4716-8f13-4221d7b6c88f","local_time":"20190917004330","is_ascension_mode":false,"campfire_choices":[{"data":"Flame Barrier","floor":6,"key":"SMITH"},{"data":"Bash","floor":8,"key":"SMITH"},{"data":"Corruption","floor":11,"key":"SMITH"},{"data":"Demon Form","floor":15,"key":"SMITH"},{"floor":23,"key":"REST"},{"floor":29,"key":"REST"}],"neow_cost":"CURSE","seed_source_timestamp":126488650989100,"circlet_count":0,"master_deck":["Strike_R","Strike_R","Strike_R","Strike_R","Defend_R","Defend_R","Bash+1","Reaper","Havoc","Flame Barrier+1","True Grit","Armaments","Armaments","Corruption+1","Flame Barrier","Demon Form+1","Feed","Seeing Red","Berserk","Shockwave","Burning Pact","Panacea","Headbutt"],"relics":["Black Blood","StoneCalendar","Bird Faced Urn","Dead Branch","Blood Vial"],"potions_floor_usage":[16,19,28,31,31],"damage_taken":[{"damage":6,"enemies":"2 Louse","floor":1,"turns":3},{"damage":1,"enemies":"Cultist","floor":4,"turns":4},{"damage":3,"enemies":"Small Slimes","floor":5,"turns":4},{"damage":55,"enemies":"3 Sentries","floor":7,"turns":15},{"damage":8,"enemies":"Looter","floor":10,"turns":3},{"damage":4,"enemies":"Blue Slaver","floor":12,"turns":4},{"damage":3,"enemies":"3 Louse","floor":14,"turns":4},{"damage":36,"enemies":"The Guardian","floor":16,"turns":10},{"damage":40,"enemies":"Chosen","floor":18,"turns":7},{"damage":17,"enemies":"Shell Parasite","floor":19,"turns":5},{"damage":23,"enemies":"Snake Plant","floor":21,"turns":5},{"damage":38,"enemies":"Shelled Parasite and Fungi","floor":24,"turns":7},{"damage":36,"enemies":"Centurion and Healer","floor":28,"turns":5},{"damage":41,"enemies":"Snecko","floor":30,"turns":6},{"damage":26,"enemies":"Shelled Parasite and Fungi","floor":31,"turns":3}],"seed_played":"-7962096815711091789","potions_obtained":[{"floor":1,"key":"LiquidBronze"},{"floor":4,"key":"Block Potion"},{"floor":7,"key":"FearPotion"},{"floor":16,"key":"Fire Potion"},{"floor":19,"key":"Ancient Potion"},{"floor":30,"key":"AttackPotion"}],"is_trial":false,"path_per_floor":["M","$","?","M","M","R","E","R","T","M","R","M","?","M","R","B",null,"M","M","?","M","?","R","M","?","T","$","M","R","M","M"],"character_chosen":"IRONCLAD","items_purchased":["Flame Barrier","Panacea"],"campfire_rested":2,"item_purchase_floors":[2,27],"current_hp_per_floor":[80,80,80,80,80,80,43,43,43,41,41,52,52,64,64,40,80,50,47,47,38,22,48,27,27,27,27,17,44,22,0],"gold":52,"neow_bonus":"THREE_RARE_CARDS","is_prod":false,"is_daily":false,"chose_seed":false,"campfire_upgraded":4,"win_rate":0,"timestamp":1568706210,"path_taken":["M","$","?","M","M","R","E","R","T","M","R","?","?","M","R","BOSS","M","M","?","M","?","R","M","?","T","$","M","R","?","M"],"build_version":"2019-07-17","purchased_purges":1,"victory":false,"max_hp_per_floor":[80,80,80,80,80,80,80,80,80,80,80,80,80,80,80,80,80,80,80,80,84,89,89,92,92,92,92,92,92,92,92],"card_choices":[{"not_picked":["Immolate","Berserk"],"picked":"Reaper","floor":0},{"not_picked":["Perfected Strike","Iron Wave"],"picked":"Havoc","floor":1},{"not_picked":["Clash","Wild Strike"],"picked":"True Grit","floor":4},{"not_picked":["Warcry","Headbutt"],"picked":"Armaments","floor":5},{"not_picked":["Sword Boomerang","Thunderclap"],"picked":"Armaments","floor":7},{"not_picked":["Thunderclap","True Grit"],"picked":"Corruption","floor":10},{"not_picked":["Hemokinesis","Warcry"],"picked":"Flame Barrier","floor":12},{"not_picked":["Ghostly Armor","Second Wind"],"picked":"Demon Form","floor":14},{"not_picked":["Offering","Fiend Fire"],"picked":"Feed","floor":16},{"not_picked":["Thunderclap+1","True Grit","Searing Blow"],"picked":"SKIP","floor":18},{"not_picked":["Wild Strike","Infernal Blade"],"picked":"Seeing Red","floor":19},{"not_picked":["Wild Strike","True Grit"],"picked":"Burning Pact","floor":21},{"not_picked":["Shockwave","Headbutt","Corruption"],"picked":"SKIP","floor":24},{"not_picked":["Power Through+1","Twin Strike"],"picked":"Headbutt","floor":28},{"not_picked":["Warcry","Rage","Flame Barrier+1"],"picked":"SKIP","floor":30}],"player_experience":616499,"relics_obtained":[{"floor":7,"key":"StoneCalendar"},{"floor":9,"key":"Bird Faced Urn"},{"floor":26,"key":"Blood Vial"}],"event_choices":[{"cards_removed":["Injury"],"damage_healed":0,"gold_gain":0,"player_choice":"Card Removal","damage_taken":0,"max_hp_gain":0,"max_hp_loss":0,"event_name":"Wheel of Change","floor":3,"gold_loss":0},{"damage_healed":0,"gold_gain":0,"player_choice":"Ignored","damage_taken":0,"max_hp_gain":0,"max_hp_loss":0,"event_name":"Liars Game","floor":13,"gold_loss":0},{"damage_healed":0,"gold_gain":0,"cards_transformed":["Strike_R","Defend_R"],"player_choice":"Became Test Subject","damage_taken":0,"max_hp_gain":0,"max_hp_loss":0,"event_name":"Drug Dealer","floor":20,"gold_loss":0,"cards_obtained":["Berserk","Shockwave"]},{"damage_healed":0,"gold_gain":0,"player_choice":"Shed Blood","damage_taken":21,"max_hp_gain":5,"max_hp_loss":0,"event_name":"Forgotten Altar","floor":22,"gold_loss":0},{"damage_healed":0,"gold_gain":0,"player_choice":"Paid Gold","damage_taken":0,"relics_obtained":["Dead Branch"],"max_hp_gain":0,"max_hp_loss":0,"event_name":"WeMeetAgain","floor":25,"gold_loss":143}],"is_beta":false,"boss_relics":[{"not_picked":["Fusion Hammer","Empty Cage"],"picked":"Black Blood"}],"items_purged_floors":[27],"is_endless":false,"potions_floor_spawned":[1,4,7,16,19,30],"killed_by":"Shelled Parasite and Fungi","ascension_level":0}