{"gold_per_floor":[113,113,59,70,83,83,94,19,72,102,102,121,21,41,41,137,137,154,69,88,88,104,104,104,115,142,142,153,78,78,90,90,90],"floor_reached":33,"playtime":13656,"items_purged":["Strike_R","Strike_R"],"score":286,"play_id":"2def0282-c96e-4a82-afd6-7b8b5ae1282a","local_time":"20190910233126","is_ascension_mode":true,"campfire_choices":[{"data":"Thunderclap","floor":6,"key":"SMITH"},{"floor":15,"key":"REST"},{"floor":23,"key":"REST"},{"floor":30,"key":"REST"},{"floor":32,"key":"DIG"}],"neow_cost":"NONE","seed_source_timestamp":522072745030600,"circlet_count":0,"master_deck":["Strike_R+1","Strike_R+1","Defend_R+1","Defend_R+1","Defend_R+1","Defend_R+1","Bash","Perfected Strike","Thunderclap+1","Headbutt","Rampage+1","Intimidate","Cleave","Flame Barrier","Reaper","Pommel Strike","Flex+1","Shrug It Off+1","Entrench","Ghostly","Ghostly","Ghostly","Ghostly","Ghostly","Battle Trance","Reaper"],"relics":["Burning Blood","Centennial Puzzle","Omamori","Darkstone Periapt","Anchor","Shuriken","Philosopher\u0027s Stone","Shovel","Bag of Preparation","Lantern","Vajra"],"potions_floor_usage":[14,16,28,33,33],"damage_taken":[{"damage":0,"enemies":"Small Slimes","floor":1,"turns":4},{"damage":0,"enemies":"2 Louse","floor":4,"turns":2},{"damage":1,"enemies":"Cultist","floor":5,"turns":3},{"damage":0,"enemies":"Exordium Wildlife","floor":7,"turns":3},{"damage":35,"enemies":"3 Sentries","floor":10,"turns":6},{"damage":0,"enemies":"3 Louse","floor":12,"turns":4},{"damage":0,"enemies":"Large Slime","floor":14,"turns":4},{"damage":51,"enemies":"The Guardian","floor":16,"turns":13},{"damage":0,"enemies":"Chosen","floor":18,"turns":4},{"damage":21,"enemies":"3 Byrds","floor":20,"turns":4},{"damage":37,"enemies":"Cultist and Chosen","floor":22,"turns":7},{"damage":29,"enemies":"3 Cultists","floor":25,"turns":6},{"damage":24,"enemies":"Chosen and Byrds","floor":28,"turns":8},{"damage":13,"enemies":"Centurion and Healer","floor":31,"turns":5},{"damage":77,"enemies":"Automaton","floor":33,"turns":8}],"seed_played":"946814647813893484","potions_obtained":[{"floor":7,"key":"GamblersBrew"},{"floor":12,"key":"Swift Potion"},{"floor":14,"key":"Dexterity Potion"},{"floor":16,"key":"SteroidPotion"},{"floor":18,"key":"Regen Potion"}],"is_trial":false,"path_per_floor":["M","?","?","M","M","R","M","$","T","E","?","M","$","M","R","B",null,"M","?","M","?","M","R","?","M","T","?","M","?","R","M","R","B"],"character_chosen":"IRONCLAD","items_purchased":[],"campfire_rested":3,"item_purchase_floors":[],"current_hp_per_floor":[80,73,73,79,80,80,80,80,80,51,35,41,41,47,71,26,80,80,80,65,65,39,63,63,57,57,40,23,23,35,33,33,0],"gold":90,"neow_bonus":"RANDOM_COMMON_RELIC","is_prod":false,"is_daily":false,"chose_seed":false,"campfire_upgraded":1,"win_rate":0,"timestamp":1568176286,"path_taken":["M","?","?","?","M","R","M","$","T","E","?","M","?","M","R","BOSS","M","?","M","?","M","R","?","M","T","?","?","?","R","M","R","BOSS"],"build_version":"2019-07-17","purchased_purges":2,"victory":false,"max_hp_per_floor":[80,80,80,80,80,80,80,80,80,80,80,80,80,80,80,80,80,80,80,80,80,80,80,80,80,80,40,40,40,40,40,40,40],"card_choices":[{"not_picked":["Clash","Sword Boomerang"],"picked":"Perfected Strike","floor":1},{"not_picked":["Fire Breathing","Heavy Blade"],"picked":"Thunderclap","floor":4},{"not_picked":["True Grit","Feel No Pain"],"picked":"Headbutt","floor":5},{"not_picked":["Sever Soul","Bloodletting"],"picked":"Rampage","floor":7},{"not_picked":["Sword Boomerang","Entrench"],"picked":"Intimidate","floor":10},{"not_picked":["Perfected Strike","Metallicize"],"picked":"Cleave","floor":12},{"not_picked":["Body Slam","Sever Soul"],"picked":"Flame Barrier","floor":14},{"not_picked":["Brutality","Dark Embrace"],"picked":"Reaper","floor":16},{"not_picked":["Anger","True Grit"],"picked":"Pommel Strike","floor":18},{"not_picked":["Thunderclap+1","Body Slam"],"picked":"Flex+1","floor":20},{"not_picked":["Flex","Combust"],"picked":"Shrug It Off+1","floor":22},{"not_picked":["Body Slam+1","Headbutt"],"picked":"Entrench","floor":25},{"not_picked":["Flex+1","Feel No Pain"],"picked":"Battle Trance","floor":28},{"not_picked":["Pommel Strike","Headbutt"],"picked":"Reaper","floor":31}],"player_experience":48073,"relics_obtained":[{"floor":9,"key":"Anchor"},{"floor":10,"key":"Shuriken"},{"floor":26,"key":"Lantern"},{"floor":32,"key":"Vajra"}],"event_choices":[{"damage_healed":0,"gold_gain":0,"player_choice":"Success","damage_taken":7,"relics_obtained":["Omamori"],"max_hp_gain":0,"max_hp_loss":0,"event_name":"Scrap Ooze","floor":2,"gold_loss":0},{"damage_healed":0,"gold_gain":0,"player_choice":"Paid Gold","damage_taken":0,"relics_obtained":["Darkstone Periapt"],"max_hp_gain":0,"max_hp_loss":0,"event_name":"WeMeetAgain","floor":3,"gold_loss":54},{"damage_healed":0,"gold_gain":0,"player_choice":"Entered Light","damage_taken":16,"max_hp_gain":0,"max_hp_loss":0,"event_name":"Shining Light","floor":11,"gold_loss":0,"cards_upgraded":["Strike_R","Rampage"]},{"damage_healed":0,"gold_gain":0,"player_choice":"Obtained Relic","damage_taken":0,"relics_obtained":["Shovel"],"max_hp_gain":0,"max_hp_loss":0,"event_name":"Addict","floor":19,"gold_loss":85},{"damage_healed":0,"gold_gain":0,"player_choice":"Opened","damage_taken":0,"relics_obtained":["Bag of Preparation"],"max_hp_gain":0,"max_hp_loss":0,"event_name":"The Mausoleum","floor":21,"gold_loss":0},{"damage_healed":0,"gold_gain":0,"player_choice":"Simplicity","damage_taken":0,"max_hp_gain":0,"max_hp_loss":0,"event_name":"Back to Basics","floor":24,"gold_loss":0,"cards_upgraded":["Strike_R","Strike_R","Defend_R","Defend_R","Defend_R","Defend_R"]},{"damage_healed":0,"gold_gain":0,"player_choice":"Became a Ghost","damage_taken":0,"max_hp_gain":0,"max_hp_loss":40,"event_name":"Ghosts","floor":27,"gold_loss":0,"cards_obtained":["Ghostly","Ghostly","Ghostly","Ghostly","Ghostly"]},{"cards_removed":["Strike_R"],"damage_healed":0,"gold_gain":0,"player_choice":"Gave Gold","damage_taken":0,"max_hp_gain":0,"max_hp_loss":0,"event_name":"Beggar","floor":29,"gold_loss":75}],"is_beta":false,"boss_relics":[{"not_picked":["Snecko Eye","Sozu"],"picked":"Philosopher\u0027s Stone"}],"items_purged_floors":[8,13],"is_endless":false,"potions_floor_spawned":[7,12,14,16,18,20],"killed_by":"Automaton","ascension_level":1}