{"gold_per_floor":[219,67,121,121,135,135,154,154,181,193,3,14,34,51,51,150,150,160,177,177,16,33,33,51,51,75,95,95,109,135,149,149,149],"floor_reached":33,"playtime":2358,"items_purged":["Strike_B"],"score":352,"play_id":"3b15f54b-566d-4af8-a913-c14662caaf62","local_time":"20190913014328","is_ascension_mode":true,"campfire_choices":[{"data":"Static Discharge","floor":6,"key":"SMITH"},{"data":"Defragment","floor":8,"key":"SMITH"},{"data":"Conserve Battery","floor":10,"key":"SMITH"},{"data":"Buffer","floor":15,"key":"SMITH"},{"floor":23,"key":"REST"},{"floor":25,"key":"REST"},{"floor":32,"key":"REST"}],"neow_cost":"NONE","seed_source_timestamp":91573085188000,"circlet_count":0,"master_deck":["Strike_B","Strike_B","Defend_B","Defend_B","Defend_B","Defend_B","Zap","Dualcast","Conserve Battery+1","Static Discharge+1","Melter","Turbo","Coolheaded","Defragment+1","Leap","Compile Driver","Buffer+1","Creative AI","White Noise","Chill+1","Bandage Up","Hologram","Fusion","Electrodynamics"],"relics":["Cracked Core","MawBank","Membership Card","Nuclear Battery","Bronze Scales","DataDisk","Peace Pipe"],"potions_floor_usage":[12,16,16,24,29,31,33,33],"damage_taken":[{"damage":3,"enemies":"Jaw Worm","floor":1,"turns":4},{"damage":14,"enemies":"Small Slimes","floor":5,"turns":3},{"damage":0,"enemies":"Cultist","floor":7,"turns":4},{"damage":11,"enemies":"Exordium Thugs","floor":12,"turns":3},{"damage":0,"enemies":"2 Fungi Beasts","floor":13,"turns":6},{"damage":0,"enemies":"Red Slaver","floor":14,"turns":4},{"damage":15,"enemies":"Hexaghost","floor":16,"turns":8},{"damage":7,"enemies":"Shell Parasite","floor":18,"turns":6},{"damage":0,"enemies":"Spheric Guardian","floor":19,"turns":4},{"damage":26,"enemies":"Snake Plant","floor":22,"turns":5},{"damage":28,"enemies":"Cultist and Chosen","floor":24,"turns":7},{"damage":20,"enemies":"Centurion and Healer","floor":27,"turns":13},{"damage":11,"enemies":"Snake Plant","floor":29,"turns":4},{"damage":17,"enemies":"Gremlin Leader","floor":30,"turns":5},{"damage":0,"enemies":"Snecko","floor":31,"turns":8},{"damage":50,"enemies":"Collector","floor":33,"turns":9}],"seed_played":"7676776320698607529","potions_obtained":[{"floor":5,"key":"Weak Potion"},{"floor":12,"key":"Weak Potion"},{"floor":14,"key":"AttackPotion"},{"floor":19,"key":"Poison Potion"},{"floor":22,"key":"EssenceOfSteel"},{"floor":28,"key":"GamblersBrew"},{"floor":28,"key":"Swift Potion"},{"floor":31,"key":"Poison Potion"}],"is_trial":false,"path_per_floor":["M","$","?","?","M","R","M","R","T","R","$","M","M","M","R","B",null,"M","M","?","$","M","R","M","R","T","M","?","M","E","M","R","B"],"character_chosen":"DEFECT","items_purchased":["Static Discharge","Melter","Membership Card","Bronze Scales","Bandage Up"],"campfire_rested":3,"item_purchase_floors":[2,2,11,21,21],"current_hp_per_floor":[65,65,65,65,51,51,51,51,51,51,51,40,40,40,40,25,63,56,56,56,56,34,56,32,54,54,38,38,31,18,22,44,0],"gold":149,"neow_bonus":"HUNDRED_GOLD","is_prod":false,"is_daily":false,"chose_seed":false,"campfire_upgraded":4,"win_rate":0,"timestamp":1568303008,"path_taken":["M","$","?","?","M","R","?","R","T","R","?","M","M","M","R","BOSS","M","M","?","$","M","R","M","R","T","M","?","M","E","M","R","BOSS"],"build_version":"2019-07-17","purchased_purges":1,"victory":false,"max_hp_per_floor":[75,75,75,75,75,75,75,75,75,75,75,75,75,75,75,75,75,75,75,75,75,75,75,75,75,75,75,75,75,75,75,75,75],"card_choices":[{"not_picked":["Redo","Ball Lightning"],"picked":"Conserve Battery","floor":1},{"not_picked":["Skim","Go for the Eyes"],"picked":"Coolheaded","floor":5},{"not_picked":["Rip and Tear","Leap"],"picked":"Defragment","floor":7},{"not_picked":["Redo","Sunder"],"picked":"Leap","floor":12},{"not_picked":["Stack","Leap"],"picked":"Compile Driver","floor":13},{"not_picked":["Sweeping Beam","Skim"],"picked":"Buffer","floor":14},{"not_picked":["Machine Learning","Reboot"],"picked":"Creative AI","floor":16},{"not_picked":["Cold Snap","Reprogram+1"],"picked":"White Noise","floor":18},{"not_picked":["Streamline","Steam Power"],"picked":"Chill+1","floor":19},{"not_picked":["Coolheaded","Redo","Barrage"],"picked":"SKIP","floor":22},{"not_picked":["Beam Cell","Redo"],"picked":"Hologram","floor":24},{"not_picked":["Go for the Eyes+1","Aggregate"],"picked":"Fusion","floor":27},{"not_picked":["Aggregate","Hello World"],"picked":"Electrodynamics","floor":29},{"not_picked":["Streamline","Gash+1","Redo"],"picked":"SKIP","floor":30},{"not_picked":["Go for the Eyes","Redo","Conserve Battery"],"picked":"SKIP","floor":31}],"player_experience":645958,"relics_obtained":[{"floor":9,"key":"MawBank"},{"floor":26,"key":"DataDisk"},{"floor":30,"key":"Peace Pipe"}],"event_choices":[{"damage_healed":0,"gold_gain":54,"player_choice":"Gained Gold","damage_taken":0,"max_hp_gain":0,"max_hp_loss":0,"event_name":"Golden Wing","floor":3,"gold_loss":0},{"damage_healed":0,"gold_gain":0,"player_choice":"1 cards matched","damage_taken":0,"max_hp_gain":0,"max_hp_loss":0,"event_name":"Match and Keep!","floor":4,"gold_loss":0,"cards_obtained":["Turbo"]},{"cards_removed":["Strike_B"],"damage_healed":0,"gold_gain":0,"player_choice":"Elegance","damage_taken":0,"max_hp_gain":0,"max_hp_loss":0,"event_name":"Back to Basics","floor":20,"gold_loss":0},{"damage_healed":0,"gold_gain":0,"player_choice":"Got Potions","damage_taken":0,"max_hp_gain":0,"max_hp_loss":0,"event_name":"Lab","floor":28,"gold_loss":0}],"is_beta":false,"boss_relics":[{"not_picked":["Runic Dome","Calling Bell"],"picked":"Nuclear Battery"}],"items_purged_floors":[21],"is_endless":false,"potions_floor_spawned":[5,12,14,19,22,31],"killed_by":"Collector","ascension_level":7}