{"gold_per_floor":[112,122,141,66,66,102,118,118,118,137,158,158,178,198,198,328,328,344,46,46,46,46,77,101,101,151,61,82,82,107,121,121,241,241,259,273,298,317,71,71,404,434,434,534,552,567,598,598,598,598],"floor_reached":51,"playtime":3121,"items_purged":["Defend_R","Defend_R"],"score":854,"play_id":"5fef69bb-b213-4df9-bdca-5df58f7dacb9","local_time":"20190917134433","is_ascension_mode":true,"campfire_choices":[{"floor":8,"key":"REST"},{"floor":12,"key":"REST"},{"floor":15,"key":"REST"},{"floor":25,"key":"REST"},{"floor":29,"key":"REST"},{"data":"Infernal Blade","floor":32,"key":"SMITH"},{"floor":40,"key":"REST"},{"floor":49,"key":"REST"}],"neow_cost":"NONE","seed_source_timestamp":483510275777900,"circlet_count":0,"master_deck":["Strike_R","Strike_R","Strike_R","Strike_R","Strike_R","Defend_R","Bash","Fiend Fire","Perfected Strike","Flex","Armaments","Armaments+1","Fire Breathing","Rage","Offering","Battle Trance","Offering","Pommel Strike","Anger","Body Slam","Infernal Blade+1","Demon Form","Flame Barrier+1","Iron Wave","Heavy Blade+1","Double Tap","Seeing Red+1","Regret","Flex","Perfected Strike","Perfected Strike+1"],"relics":["Burning Blood","PreservedInsect","Pen Nib","Black Star","Charon\u0027s Ashes","MutagenicStrength","Matryoshka","Enchiridion","Shuriken","Orichalcum","Bronze Scales","Oddly Smooth Stone","Strawberry","Bag of Marbles","Cursed Key","Mercury Hourglass","Magic Flower","FossilizedHelix","Nunchaku","Thread and Needle","Mummified Hand"],"potions_floor_usage":[6,11,11,16,16,33,46,50,50],"damage_taken":[{"damage":1,"enemies":"Cultist","floor":1,"turns":3},{"damage":12,"enemies":"Jaw Worm","floor":2,"turns":2},{"damage":7,"enemies":"Small Slimes","floor":3,"turns":3},{"damage":31,"enemies":"Lagavulin","floor":6,"turns":4},{"damage":2,"enemies":"3 Louse","floor":7,"turns":2},{"damage":41,"enemies":"Gremlin Gang","floor":10,"turns":5},{"damage":0,"enemies":"Exordium Wildlife","floor":11,"turns":2},{"damage":29,"enemies":"Lots of Slimes","floor":13,"turns":3},{"damage":9,"enemies":"Blue Slaver","floor":14,"turns":2},{"damage":40,"enemies":"The Guardian","floor":16,"turns":8},{"damage":24,"enemies":"2 Thieves","floor":18,"turns":4},{"damage":12,"enemies":"Slavers","floor":23,"turns":2},{"damage":9,"enemies":"Chosen","floor":24,"turns":2},{"damage":34,"enemies":"Centurion and Healer","floor":28,"turns":3},{"damage":6,"enemies":"3 Cultists","floor":31,"turns":3},{"damage":71,"enemies":"Collector","floor":33,"turns":6},{"damage":7,"enemies":"3 Shapes","floor":35,"turns":3},{"damage":0,"enemies":"Orb Walker","floor":36,"turns":1},{"damage":30,"enemies":"Jaw Worm Horde","floor":37,"turns":3},{"damage":6,"enemies":"Sphere and 2 Shapes","floor":38,"turns":2},{"damage":24,"enemies":"Giant Head","floor":42,"turns":4},{"damage":4,"enemies":"Mind Bloom Boss Battle","floor":44,"turns":3},{"damage":32,"enemies":"Maw","floor":45,"turns":5},{"damage":9,"enemies":"4 Shapes","floor":46,"turns":2},{"damage":15,"enemies":"Reptomancer","floor":47,"turns":2},{"damage":101,"enemies":"Time Eater","floor":50,"turns":7}],"seed_played":"4350261799521176756","potions_obtained":[{"floor":2,"key":"Regen Potion"},{"floor":3,"key":"Poison Potion"},{"floor":6,"key":"Poison Potion"},{"floor":10,"key":"Energy Potion"},{"floor":13,"key":"BloodPotion"},{"floor":23,"key":"BloodPotion"},{"floor":28,"key":"Fire Potion"},{"floor":33,"key":"SneckoOil"},{"floor":35,"key":"BloodPotion"},{"floor":36,"key":"Ancient Potion"},{"floor":44,"key":"Energy Potion"},{"floor":46,"key":"FearPotion"}],"is_trial":false,"path_per_floor":["M","M","M","$","?","E","M","R","T","M","M","R","M","M","R","B",null,"M","$","?","?","?","E","M","R","T","?","M","R","T","M","R","B",null,"M","M","M","M","$","R","?","E","T","?","M","M","E","?","R","B",null],"character_chosen":"IRONCLAD","items_purchased":["Charon\u0027s Ashes","Double Tap"],"campfire_rested":7,"item_purchase_floors":[19,39],"current_hp_per_floor":[80,74,73,73,53,28,32,56,56,21,32,56,33,30,54,40,80,62,62,62,62,46,40,37,61,61,61,33,57,64,64,64,20,87,86,87,63,63,63,87,87,69,69,74,51,51,45,45,71,11],"gold":598,"neow_bonus":"ONE_RANDOM_RARE_CARD","is_prod":false,"is_daily":false,"chose_seed":false,"campfire_upgraded":1,"win_rate":0,"timestamp":1568753073,"path_taken":["M","M","M","?","?","E","M","R","T","M","M","R","M","M","R","BOSS","M","$","?","?","?","E","M","R","T","?","?","R","?","?","R","BOSS","M","?","M","M","$","R","?","E","T","?","M","M","E","?","R","BOSS"],"build_version":"2019-07-17","purchased_purges":2,"victory":true,"max_hp_per_floor":[80,80,80,80,80,80,80,80,80,80,80,80,80,80,80,80,80,80,80,80,80,80,80,80,80,80,80,80,80,87,87,87,87,87,87,87,87,87,87,87,87,87,87,87,87,87,87,87,87,87],"card_choices":[{"not_picked":["True Grit","Armaments"],"picked":"Perfected Strike","floor":1},{"not_picked":["Ghostly Armor","Anger"],"picked":"Flex","floor":2},{"not_picked":["Heavy Blade","Seeing Red"],"picked":"Armaments","floor":3},{"not_picked":["Evolve","Warcry"],"picked":"Armaments","floor":6},{"not_picked":["Second Wind","Sword Boomerang"],"picked":"Fire Breathing","floor":7},{"not_picked":["Anger","Feel No Pain"],"picked":"Rage","floor":10},{"not_picked":["Armaments","Perfected Strike"],"picked":"Offering","floor":11},{"not_picked":["Sword Boomerang","Feel No Pain"],"picked":"Battle Trance","floor":13},{"not_picked":["Clothesline","Warcry","Sword Boomerang"],"picked":"SKIP","floor":14},{"not_picked":["Berserk","Brutality"],"picked":"Offering","floor":16},{"not_picked":["Reckless Charge","Wild Strike"],"picked":"Pommel Strike","floor":18},{"not_picked":["Wild Strike+1","Sword Boomerang"],"picked":"Anger","floor":23},{"not_picked":["Berserk","Wild Strike","Warcry+1"],"picked":"SKIP","floor":24},{"not_picked":["Iron Wave","Twin Strike"],"picked":"Body Slam","floor":28},{"not_picked":["Clothesline","Armaments+1"],"picked":"Infernal Blade","floor":31},{"not_picked":["Limit Break","Brutality"],"picked":"Demon Form","floor":33},{"not_picked":["Sword Boomerang","True Grit+1"],"picked":"Flame Barrier+1","floor":35},{"not_picked":["Clash+1","Thunderclap+1"],"picked":"Iron Wave","floor":36},{"not_picked":["Armaments","Pommel Strike+1"],"picked":"Iron Wave","floor":37},{"not_picked":["Sever Soul","Anger"],"picked":"Heavy Blade+1","floor":38},{"not_picked":["Impervious","Sword Boomerang"],"picked":"Seeing Red+1","floor":42},{"not_picked":["Whirlwind","Clothesline+1"],"picked":"Flex","floor":44},{"not_picked":["Sword Boomerang","Warcry+1","Rupture"],"picked":"SKIP","floor":45},{"not_picked":["Hemokinesis+1","Feel No Pain"],"picked":"Perfected Strike","floor":46},{"not_picked":["Iron Wave","Flex+1"],"picked":"Perfected Strike+1","floor":47}],"player_experience":10375,"relics_obtained":[{"floor":6,"key":"PreservedInsect"},{"floor":9,"key":"Pen Nib"},{"floor":22,"key":"Enchiridion"},{"floor":23,"key":"Shuriken"},{"floor":23,"key":"Orichalcum"},{"floor":26,"key":"Bronze Scales"},{"floor":26,"key":"Oddly Smooth Stone"},{"floor":30,"key":"Strawberry"},{"floor":30,"key":"Bag of Marbles"},{"floor":42,"key":"Mercury Hourglass"},{"floor":42,"key":"Magic Flower"},{"floor":43,"key":"FossilizedHelix"},{"floor":44,"key":"Nunchaku"},{"floor":47,"key":"Thread and Needle"},{"floor":47,"key":"Mummified Hand"}],"event_choices":[{"damage_healed":0,"gold_gain":0,"player_choice":"Take Damage","damage_taken":20,"relics_obtained":["Golden Idol"],"max_hp_gain":0,"max_hp_loss":0,"event_name":"Golden Idol","floor":5,"gold_loss":0},{"damage_healed":0,"gold_gain":0,"player_choice":"Inject Mutagens","damage_taken":0,"relics_obtained":["MutagenicStrength"],"max_hp_gain":0,"max_hp_loss":0,"event_name":"Drug Dealer","floor":20,"gold_loss":0},{"damage_healed":0,"gold_gain":0,"player_choice":"Opened","damage_taken":0,"relics_obtained":["Matryoshka"],"max_hp_gain":0,"max_hp_loss":0,"event_name":"The Mausoleum","floor":21,"gold_loss":0},{"damage_healed":0,"gold_gain":0,"player_choice":"Obtained Book","damage_taken":16,"max_hp_gain":0,"max_hp_loss":0,"event_name":"Cursed Tome","floor":22,"gold_loss":0},{"cards_removed":["Defend_R"],"damage_healed":0,"gold_gain":0,"player_choice":"Upgrade and Remove","damage_taken":0,"max_hp_gain":0,"max_hp_loss":0,"event_name":"Designer","floor":27,"gold_loss":90,"cards_upgraded":["Armaments"]},{"damage_healed":0,"gold_gain":333,"player_choice":"Gave Idol","damage_taken":0,"max_hp_gain":0,"max_hp_loss":0,"event_name":"The Moai Head","floor":41,"relics_lost":["Golden Idol"],"gold_loss":0},{"damage_healed":0,"gold_gain":0,"player_choice":"Fight","damage_taken":0,"max_hp_gain":0,"max_hp_loss":0,"event_name":"MindBloom","floor":44,"gold_loss":0},{"cards_removed":["Iron Wave"],"damage_healed":0,"gold_gain":0,"player_choice":"Removed Attack","damage_taken":0,"max_hp_gain":0,"max_hp_loss":0,"event_name":"Falling","floor":48,"gold_loss":0}],"is_beta":false,"boss_relics":[{"not_picked":["Black Blood","Lizard Tail"],"picked":"Black Star"},{"not_picked":["Snecko Eye","Eternal Feather"],"picked":"Cursed Key"}],"items_purged_floors":[4,39],"is_endless":false,"potions_floor_spawned":[2,3,6,10,13,23,28,33,35,36,44,46],"ascension_level":2}