{"gold_per_floor":[110,121,121,138,152,186,186,186,186,115,140,31,31,45,45,148,148,159,84,36,36],"floor_reached":21,"playtime":1648,"items_purged":["Strike_B"],"score":187,"play_id":"dfb3171d-cc1b-4198-bf4d-3f531f4d6cab","local_time":"20190505202000","is_ascension_mode":false,"campfire_choices":[{"floor":8,"key":"REST"},{"data":"Genetic Algorithm","floor":13,"key":"SMITH"},{"floor":15,"key":"REST"}],"neow_cost":"NONE","seed_source_timestamp":704927535271540,"circlet_count":0,"master_deck":["Strike_B","Strike_B","Strike_B","Defend_B","Defend_B","Defend_B","Defend_B","Zap","Dualcast","Leap","Defragment","Coolheaded","Leap","Reprogram","Genetic Algorithm+1","Conserve Battery","Melter","Biased Cognition","Chill","Stack"],"relics":["Cracked Core","Art of War","Unceasing Top","Gremlin Horn","Sundial","Sozu"],"potions_floor_usage":[],"damage_taken":[{"damage":5,"enemies":"Jaw Worm","floor":1,"turns":5},{"damage":1,"enemies":"Cultist","floor":2,"turns":3},{"damage":5,"enemies":"2 Louse","floor":4,"turns":3},{"damage":1,"enemies":"Red Slaver","floor":5,"turns":5},{"damage":32,"enemies":"Gremlin Nob","floor":6,"turns":5},{"damage":9,"enemies":"3 Sentries","floor":11,"turns":12},{"damage":5,"enemies":"Lots of Slimes","floor":14,"turns":5},{"damage":42,"enemies":"Slime Boss","floor":16,"turns":18},{"damage":9,"enemies":"3 Byrds","floor":18,"turns":7},{"damage":0,"enemies":"2 Thieves","floor":19,"turns":5},{"damage":83,"enemies":"3 Cultists","floor":21,"turns":8}],"seed_played":"9004617805296840224","potions_obtained":[{"floor":4,"key":"Poison Potion"},{"floor":14,"key":"Explosive Potion"},{"floor":16,"key":"Strength Potion"}],"is_trial":false,"path_per_floor":["M","M","?","M","M","E","?","R","T","$","E","$","R","M","R","B",null,"M","M","$","M"],"character_chosen":"DEFECT","items_purchased":["Genetic Algorithm","Melter","Stack"],"campfire_rested":2,"item_purchase_floors":[10,12,20],"current_hp_per_floor":[77,76,76,71,70,38,35,59,59,59,50,50,50,45,69,27,82,73,73,73,0],"gold":36,"neow_bonus":"TEN_PERCENT_HP_BONUS","is_prod":false,"is_daily":false,"chose_seed":false,"campfire_upgraded":1,"win_rate":0,"timestamp":1557051600,"path_taken":["M","M","?","?","M","E","?","R","T","$","E","?","R","M","R","BOSS","M","M","$","M"],"build_version":"2019-01-23","purchased_purges":1,"victory":false,"max_hp_per_floor":[82,82,82,82,82,82,82,82,82,82,82,82,82,82,82,82,82,82,82,82,82],"card_choices":[{"not_picked":["Go for the Eyes","Storm"],"picked":"Leap","floor":1},{"not_picked":["Sweeping Beam","Streamline"],"picked":"Defragment","floor":2},{"not_picked":["Melter","Rebound"],"picked":"Coolheaded","floor":4},{"not_picked":["Blizzard","Static Discharge"],"picked":"Leap","floor":5},{"not_picked":["Turbo","Meteor Strike"],"picked":"Reprogram","floor":6},{"not_picked":["Rip and Tear","Hello World"],"picked":"Conserve Battery","floor":11},{"not_picked":["Ball Lightning","Steam Power","Rebound"],"picked":"SKIP","floor":14},{"not_picked":["Echo Form","Fission"],"picked":"Biased Cognition","floor":16},{"not_picked":["Static Discharge","Lockon"],"picked":"Chill","floor":18},{"not_picked":["Rebound","Force Field+1","Hologram"],"picked":"SKIP","floor":19}],"player_experience":215943,"relics_obtained":[{"floor":6,"key":"Art of War"},{"floor":9,"key":"Gremlin Horn"},{"floor":11,"key":"Sundial"}],"event_choices":[{"damage_healed":0,"gold_gain":0,"player_choice":"Ignored","damage_taken":0,"max_hp_gain":0,"max_hp_loss":0,"event_name":"NoteForYourself","floor":3,"gold_loss":0},{"damage_healed":0,"gold_gain":0,"player_choice":"Success","damage_taken":3,"relics_obtained":["Unceasing Top"],"max_hp_gain":0,"max_hp_loss":0,"event_name":"Scrap Ooze","floor":7,"gold_loss":0}],"is_beta":false,"boss_relics":[{"not_picked":["Cursed Key","Runic Dome"],"picked":"Sozu"}],"items_purged_floors":[12],"is_endless":false,"potions_floor_spawned":[4,14,16],"killed_by":"3 Cultists","ascension_level":0}