{"gold_per_floor":[109,109,72,90,108,172,137,137,137,164,226,244,295,295,295,397,397,414,431,204,218,143,173,16,44,44,44,44,59,59,73,73,73],"floor_reached":33,"playtime":5873,"items_purged":[],"score":347,"play_id":"04f74683-3c93-44a6-a72e-fd2ab320d94f","local_time":"20190923142514","is_ascension_mode":true,"campfire_choices":[{"data":"Intimidate","floor":8,"key":"SMITH"},{"floor":15,"key":"REST"},{"floor":28,"key":"REST"},{"floor":32,"key":"REST"}],"neow_cost":"NONE","seed_source_timestamp":670795156090800,"circlet_count":0,"master_deck":["Strike_R+1","Strike_R+1","Strike_R+1","Strike_R+1","Defend_R+1","Defend_R+1","Defend_R+1","Defend_R+1","Bash+1","Body Slam","Intimidate+1","Iron Wave","Inflame","Body Slam","Berserk","Metallicize","Metallicize+1","Clash","Exhume","Heavy Blade+1","Immolate","Armaments+1","Burning Pact","Ghostly Armor","Armaments+1","Searing Blow+1","True Grit+1","Havoc+1","Fire Breathing"],"relics":["Burning Blood","Ancient Tea Set","FaceOfCleric","Tiny Chest","Self Forming Clay","Dream Catcher","Dead Branch","Strawberry","Busted Crown","Juzu Bracelet","Gremlin Horn","Regal Pillow","Vajra","Bag of Marbles"],"potions_floor_usage":[16,21,23,31,33,33],"damage_taken":[{"damage":8,"enemies":"Jaw Worm","floor":1,"turns":6},{"damage":0,"enemies":"Cultist","floor":4,"turns":4},{"damage":5,"enemies":"2 Louse","floor":5,"turns":4},{"damage":22,"enemies":"Gremlin Nob","floor":6,"turns":5},{"damage":29,"enemies":"Lagavulin","floor":10,"turns":8},{"damage":17,"enemies":"Gremlin Nob","floor":11,"turns":4},{"damage":11,"enemies":"Looter","floor":12,"turns":4},{"damage":23,"enemies":"Hexaghost","floor":16,"turns":11},{"damage":12,"enemies":"Spheric Guardian","floor":18,"turns":6},{"damage":27,"enemies":"Shell Parasite","floor":19,"turns":7},{"damage":29,"enemies":"Cultist and Chosen","floor":21,"turns":5},{"damage":15,"enemies":"Book of Stabbing","floor":23,"turns":5},{"damage":35,"enemies":"Slavers","floor":25,"turns":5},{"damage":0,"enemies":"Snake Plant","floor":29,"turns":1},{"damage":30,"enemies":"Centurion and Healer","floor":31,"turns":5},{"damage":87,"enemies":"Collector","floor":33,"turns":6}],"seed_played":"6150541645030598719","potions_obtained":[{"floor":5,"key":"GamblersBrew"},{"floor":6,"key":"SpeedPotion"},{"floor":21,"key":"Strength Potion"},{"floor":23,"key":"GamblersBrew"},{"floor":29,"key":"PowerPotion"},{"floor":31,"key":"Energy Potion"}],"is_trial":false,"path_per_floor":["M","?","$","M","M","E","?","R","T","E","?","M","T","?","R","B",null,"M","M","$","M","?","E","$","E","T","?","R","M","?","M","R","B"],"character_chosen":"IRONCLAD","items_purchased":["Intimidate","Immolate","Juzu Bracelet","Regal Pillow"],"campfire_rested":3,"item_purchase_floors":[3,20,20,24],"current_hp_per_floor":[78,78,78,81,82,67,83,83,83,61,51,47,54,35,62,46,94,89,69,69,47,47,39,39,11,11,11,55,62,62,39,84,0],"gold":73,"neow_bonus":"RANDOM_COMMON_RELIC","is_prod":false,"is_daily":false,"chose_seed":false,"campfire_upgraded":1,"win_rate":0,"timestamp":1569266714,"path_taken":["M","?","?","M","?","E","?","R","T","E","?","M","?","?","R","BOSS","M","M","$","M","?","E","$","E","T","?","R","M","?","M","R","BOSS"],"build_version":"2019-07-17","purchased_purges":0,"victory":false,"max_hp_per_floor":[80,80,80,81,82,83,83,83,83,84,85,86,93,93,93,94,94,95,96,96,97,97,98,98,99,99,99,99,100,100,101,101,101],"card_choices":[{"not_picked":["Twin Strike","Pommel Strike"],"picked":"Body Slam","floor":1},{"not_picked":["Perfected Strike","Pommel Strike"],"picked":"Iron Wave","floor":4},{"not_picked":["Bloodletting","Clothesline"],"picked":"Inflame","floor":5},{"not_picked":["Cleave","Wild Strike"],"picked":"Body Slam","floor":6},{"not_picked":["Sever Soul","Headbutt"],"picked":"Berserk","floor":10},{"not_picked":["Burning Pact","Sword Boomerang"],"picked":"Metallicize","floor":11},{"not_picked":["Clothesline","Twin Strike"],"picked":"Metallicize","floor":12},{"not_picked":["Cleave","Fiend Fire"],"picked":"Clash","floor":15},{"not_picked":["Feed","Berserk"],"picked":"Exhume","floor":16},{"not_picked":[],"picked":"Heavy Blade+1","floor":18},{"not_picked":["Uppercut"],"picked":"SKIP","floor":19},{"not_picked":[],"picked":"Armaments+1","floor":21},{"not_picked":[],"picked":"Burning Pact","floor":23},{"not_picked":[],"picked":"Ghostly Armor","floor":25},{"not_picked":[],"picked":"Searing Blow+1","floor":28},{"not_picked":[],"picked":"True Grit+1","floor":29},{"not_picked":[],"picked":"Havoc+1","floor":31},{"not_picked":[],"picked":"Fire Breathing","floor":32}],"player_experience":394837,"relics_obtained":[{"floor":6,"key":"Tiny Chest"},{"floor":9,"key":"Self Forming Clay"},{"floor":10,"key":"Dream Catcher"},{"floor":11,"key":"Dead Branch"},{"floor":13,"key":"Strawberry"},{"floor":23,"key":"Gremlin Horn"},{"floor":25,"key":"Vajra"},{"floor":26,"key":"Bag of Marbles"}],"event_choices":[{"damage_healed":0,"gold_gain":0,"player_choice":"Trade","damage_taken":0,"relics_obtained":["FaceOfCleric"],"max_hp_gain":0,"max_hp_loss":0,"event_name":"FaceTrader","floor":2,"gold_loss":0},{"damage_healed":20,"gold_gain":0,"player_choice":"Healed","damage_taken":0,"max_hp_gain":0,"max_hp_loss":0,"event_name":"The Cleric","floor":7,"gold_loss":35},{"damage_healed":0,"gold_gain":30,"player_choice":"Searched \u00273\u0027 times","damage_taken":0,"max_hp_gain":0,"max_hp_loss":0,"event_name":"Dead Adventurer","floor":11,"gold_loss":0},{"damage_healed":0,"gold_gain":0,"player_choice":"Entered Light","damage_taken":19,"max_hp_gain":0,"max_hp_loss":0,"event_name":"Shining Light","floor":14,"gold_loss":0,"cards_upgraded":["Bash","Metallicize"]},{"cards_removed":["Strike_R"],"damage_healed":0,"gold_gain":0,"player_choice":"Gave Gold","damage_taken":0,"max_hp_gain":0,"max_hp_loss":0,"event_name":"Beggar","floor":22,"gold_loss":75},{"damage_healed":0,"gold_gain":0,"player_choice":"Copied","damage_taken":0,"max_hp_gain":0,"max_hp_loss":0,"event_name":"Duplicator","floor":27,"gold_loss":0,"cards_obtained":["Armaments"]},{"damage_healed":0,"gold_gain":0,"player_choice":"Simplicity","damage_taken":0,"max_hp_gain":0,"max_hp_loss":0,"event_name":"Back to Basics","floor":30,"gold_loss":0,"cards_upgraded":["Strike_R","Strike_R","Strike_R","Strike_R","Defend_R","Defend_R","Defend_R","Defend_R"]}],"is_beta":false,"boss_relics":[{"not_picked":["Runic Pyramid","Snecko Eye"],"picked":"Busted Crown"}],"items_purged_floors":[],"is_endless":false,"potions_floor_spawned":[5,6,21,23,29,31],"killed_by":"Collector","ascension_level":2}