{"gold_per_floor":[109,125,142,68,86,86,112,130,155,168,179,179,239,251,251,351,351,361,361,169,185,196,216,71,82,82,82,82,82,7,27,27,124,124,138,152,252,272,283,310,310,57,110,44,57,57,70,96,96,96],"floor_reached":51,"playtime":2977,"items_purged":["Defend_B+1","Strike_B+1"],"score":715,"play_id":"c292a9b6-c1d8-416c-b3f2-2275356e634a","local_time":"20190917013352","is_ascension_mode":false,"campfire_choices":[{"data":"Glacier","floor":6.0,"key":"SMITH"},{"floor":15.0,"key":"REST"},{"data":"Defragment","floor":27,"key":"SMITH"},{"data":"Electrodynamics","floor":29,"key":"SMITH"},{"data":"Zap","floor":32,"key":"SMITH"},{"data":"Buffer","floor":41,"key":"SMITH"},{"data":"Undo","floor":46,"key":"SMITH"},{"data":"Glacier","floor":49,"key":"SMITH"}],"neow_cost":"NONE","seed_source_timestamp":128166166262000,"circlet_count":0,"master_deck":["Strike_B+1","Strike_B+1","Defend_B+1","Defend_B+1","Zap+1","Dualcast+1","Electrodynamics+1","Conserve Battery","Rip and Tear","Go for the Eyes","Chill","Glacier+1","Cold Snap","Barrage","Seek","Undo+1","White Noise","Defragment+1","Coolheaded+1","Rip and Tear","Self Repair+1","Buffer+1","Barrage+1","Skim","Echo Form","FTL","Double Energy+1","Glacier+1"],"special_seed":0,"relics":["Cracked Core","Boot","DataDisk","Anchor","White Beast Statue","Sling","Art of War","Velvet Choker","Dead Branch","Vajra","MawBank","Calipers"],"potions_floor_usage":[25,31,33,37,37,40,45,48,48,50,50],"damage_taken":[{"damage":1.0,"enemies":"Cultist","floor":1.0,"turns":3.0},{"damage":0.0,"enemies":"Small Slimes","floor":2.0,"turns":2.0},{"damage":1.0,"enemies":"Jaw Worm","floor":3.0,"turns":3.0},{"damage":0.0,"enemies":"Large Slime","floor":5.0,"turns":4.0},{"damage":29.0,"enemies":"Gremlin Nob","floor":7.0,"turns":5.0},{"damage":6.0,"enemies":"Exordium Wildlife","floor":8.0,"turns":3.0},{"damage":0.0,"enemies":"2 Fungi Beasts","floor":10.0,"turns":2.0},{"damage":3.0,"enemies":"Blue Slaver","floor":11.0,"turns":3.0},{"damage":0.0,"enemies":"Lagavulin Event","floor":13.0,"turns":6.0},{"damage":0.0,"enemies":"Looter","floor":14.0,"turns":2.0},{"damage":8.0,"enemies":"The Guardian","floor":16.0,"turns":12.0},{"damage":5.0,"enemies":"Shell Parasite","floor":18.0,"turns":7.0},{"damage":0.0,"enemies":"3 Byrds","floor":21.0,"turns":2.0},{"damage":4.0,"enemies":"Cultist and Chosen","floor":22.0,"turns":7.0},{"damage":0,"enemies":"Shelled Parasite and Fungi","floor":23,"turns":6},{"damage":2,"enemies":"Snecko","floor":25,"turns":5},{"damage":0,"enemies":"Snake Plant","floor":31,"turns":4},{"damage":50,"enemies":"Automaton","floor":33,"turns":9},{"damage":0,"enemies":"3 Shapes","floor":35,"turns":2},{"damage":1,"enemies":"3 Darklings","floor":36,"turns":3},{"damage":8,"enemies":"Mind Bloom Boss Battle","floor":37,"turns":6},{"damage":15,"enemies":"Spire Growth","floor":38,"turns":7},{"damage":0,"enemies":"Transient","floor":39,"turns":5},{"damage":0,"enemies":"Nemesis","floor":40,"turns":6},{"damage":1,"enemies":"Jaw Worm Horde","floor":45,"turns":3},{"damage":15,"enemies":"Writhing Mass","floor":47,"turns":5},{"damage":24,"enemies":"Giant Head","floor":48,"turns":10},{"damage":53,"enemies":"Donu and Deca","floor":50,"turns":11}],"seed_played":"-2637487555150933200","potions_obtained":[{"floor":3.0,"key":"Weak Potion"},{"floor":5.0,"key":"Dexterity Potion"},{"floor":8.0,"key":"Regen Potion"},{"floor":11.0,"key":"Fire Potion"},{"floor":13.0,"key":"Ancient Potion"},{"floor":18.0,"key":"Poison Potion"},{"floor":21.0,"key":"Strength Potion"},{"floor":22,"key":"EssenceOfSteel"},{"floor":25,"key":"Regen Potion"},{"floor":31,"key":"PowerPotion"},{"floor":33,"key":"Explosive Potion"},{"floor":35,"key":"Block Potion"},{"floor":38,"key":"Poison Potion"},{"floor":39,"key":"Energy Potion"},{"floor":40,"key":"Fire Potion"},{"floor":45,"key":"Explosive Potion"},{"floor":47,"key":"SkillPotion"},{"floor":48,"key":"GamblersBrew"}],"is_trial":false,"path_per_floor":["M","M","M","$","M","R","E","M","T","M","M","?","?","M","R","B",null,"M","?","$","M","M","M","$","M","T","R","?","R","?","M","R","B",null,"M","M","?","M","M","E","R","$","T","$","M","R","M","E","R","B",null],"character_chosen":"DEFECT","items_purchased":["Chill","Sling","Defragment","Echo Form","FTL"],"campfire_rested":1,"item_purchase_floors":[4,20,24,42,44],"current_hp_per_floor":[74,74,73,73,73,73,44,38,38,38,35,35,35,35,57,64,75,70,70,70,70,66,66,66,64,64,64,64,64,64,64,64,24,75,75,75,75,70,70,75,75,75,75,75,74,74,69,64,64,11],"gold":96,"neow_bonus":"ONE_RANDOM_RARE_CARD","is_prod":false,"is_daily":false,"chose_seed":false,"campfire_upgraded":7,"win_rate":0,"timestamp":1568709232,"path_taken":["M","M","M","$","M","R","E","M","T","M","M","?","?","M","R","BOSS","M","?","$","M","M","M","$","M","T","R","?","R","?","M","R","BOSS","M","M","?","M","M","E","R","$","T","$","M","R","M","E","R","BOSS"],"build_version":"2019-07-17","purchased_purges":2,"victory":true,"max_hp_per_floor":[75,75,75,75,75,75,75,75,75,75,75,75,75,75,75,75,75,75,75,75,75,75,75,75,75,75,75,75,75,75,75,75,75,75,75,75,75,75,75,75,75,75,75,75,75,75,75,75,75,75],"card_choices":[{"not_picked":["Barrage","Turbo"],"picked":"Conserve Battery","floor":1.0},{"not_picked":["Beam Cell","Loop"],"picked":"Rip and Tear","floor":2.0},{"not_picked":["Cold Snap","Sweeping Beam"],"picked":"Go for the Eyes","floor":3.0},{"not_picked":["Ball Lightning","Doom and Gloom"],"picked":"Glacier","floor":5.0},{"not_picked":["Beam Cell","Blizzard"],"picked":"Cold Snap","floor":7.0},{"not_picked":["Beam Cell","Stack","Conserve Battery"],"picked":"SKIP","floor":8.0},{"not_picked":["Tempest","Beam Cell","Reboot"],"picked":"SKIP","floor":10.0},{"not_picked":["Self Repair","Ball Lightning"],"picked":"Barrage","floor":11.0},{"not_picked":["Fusion","Aggregate","Reprogram"],"picked":"SKIP","floor":14.0},{"not_picked":["Electrodynamics","Meteor Strike"],"picked":"Seek","floor":16.0},{"not_picked":["Turbo+1","Lockon+1"],"picked":"Undo","floor":18.0},{"not_picked":["Rebound","Compile Driver+1","Stack"],"picked":"SKIP","floor":21.0},{"not_picked":["Recycle+1","Go for the Eyes","Melter"],"picked":"SKIP","floor":22},{"not_picked":["Hello World","Self Repair"],"picked":"White Noise","floor":23},{"not_picked":["Lockon","Compile Driver"],"picked":"Coolheaded+1","floor":25},{"not_picked":["Conserve Battery","Barrage"],"picked":"Self Repair+1","floor":31},{"not_picked":["Thunder Strike","Machine Learning"],"picked":"Buffer","floor":33},{"not_picked":["Storm+1","Streamline","Melter"],"picked":"SKIP","floor":35},{"not_picked":["Compile Driver+1","Hologram+1"],"picked":"Barrage+1","floor":36},{"not_picked":["Self Repair","Undo+1","Go for the Eyes"],"picked":"SKIP","floor":38},{"not_picked":["Rebound+1","Steam+1"],"picked":"Skim","floor":39},{"not_picked":["Cold Snap","Fusion","Heatsinks+1"],"picked":"SKIP","floor":40},{"not_picked":["Coolheaded","Barrage+1"],"picked":"Double Energy+1","floor":45},{"not_picked":["Stack","Aggregate"],"picked":"Glacier","floor":47},{"not_picked":["Cold Snap+1","Rainbow","Steam Power"],"picked":"SKIP","floor":48}],"player_experience":618157,"relics_obtained":[{"floor":7.0,"key":"Boot"},{"floor":9.0,"key":"DataDisk"},{"floor":26,"key":"Art of War"},{"floor":37,"key":"Dead Branch"},{"floor":40,"key":"Vajra"},{"floor":43,"key":"MawBank"},{"floor":48,"key":"Calipers"}],"event_choices":[{"damage_healed":0.0,"max_hp_gain":0.0,"max_hp_loss":0.0,"gold_gain":0.0,"event_name":"Living Wall","player_choice":"Grow","floor":12.0,"gold_loss":0.0,"damage_taken":0.0,"cards_upgraded":["Dualcast"]},{"damage_healed":0.0,"max_hp_gain":0.0,"max_hp_loss":0.0,"gold_gain":0.0,"event_name":"Dead Adventurer","player_choice":"Searched \u00272\u0027 times","floor":13.0,"gold_loss":0.0,"damage_taken":0.0,"relics_obtained":["Anchor"]},{"damage_healed":0.0,"max_hp_gain":0.0,"max_hp_loss":0.0,"gold_gain":0.0,"event_name":"Back to Basics","player_choice":"Simplicity","floor":19.0,"gold_loss":0.0,"damage_taken":0.0,"cards_upgraded":["Strike_B","Strike_B","Strike_B","Strike_B","Defend_B","Defend_B","Defend_B","Defend_B"]},{"damage_healed":0,"gold_gain":0,"cards_transformed":["Defend_B","Strike_B"],"player_choice":"Became Test Subject","damage_taken":0,"max_hp_gain":0,"max_hp_loss":0,"event_name":"Drug Dealer","floor":28,"gold_loss":0,"cards_obtained":["Rip and Tear","Static Discharge"]},{"cards_removed":["Static Discharge"],"damage_healed":0,"gold_gain":0,"player_choice":"Gave Gold","damage_taken":0,"max_hp_gain":0,"max_hp_loss":0,"event_name":"Beggar","floor":30,"gold_loss":75},{"damage_healed":0,"gold_gain":0,"player_choice":"Fight","damage_taken":0,"max_hp_gain":0,"max_hp_loss":0,"event_name":"MindBloom","floor":37,"gold_loss":0}],"is_beta":false,"boss_relics":[{"not_picked":["Fusion Hammer","Orrery"],"picked":"White Beast Statue"},{"not_picked":["Tiny House","Philosopher\u0027s Stone"],"picked":"Velvet Choker"}],"items_purged_floors":[24,42],"is_endless":false,"potions_floor_spawned":[3,5,8,11,13,18,21,22,23,25,31,33,35,36,37,38,39,40,45,47,48],"ascension_level":0}