{"gold_per_floor":[116,116,116,128,145,145,157,157,157,157,332,332,332,362,362,462,462,479,479,58,69,82,82,25,40,40,40,57,69,82,92,92,188,188,203,303,303],"floor_reached":37,"playtime":6406,"items_purged":[],"score":415,"play_id":"a2c5a68e-38fd-4336-8232-b5b02353a57b","local_time":"20190911175136","is_ascension_mode":true,"campfire_choices":[{"data":"Anger","floor":6,"key":"SMITH"},{"data":"Anger","floor":8,"key":"SMITH"},{"data":"Armaments","floor":10,"key":"SMITH"},{"floor":15,"key":"REST"},{"data":"Secret Technique","floor":23,"key":"SMITH"},{"floor":27,"key":"REST"},{"floor":32,"key":"REST"}],"neow_cost":"NONE","seed_source_timestamp":595342298931600,"circlet_count":0,"master_deck":["Strike_R","Strike_R","Strike_R","Defend_R","Defend_R","Defend_R","Defend_R","Bash","Armaments+1","Impervious","Anger+1","Inflame","Anger+1","Flame Barrier","Demon Form+1","Clothesline+1","Metallicize+1","Secret Technique+1","Sword Boomerang","Rupture+1","Pummel","Reckless Charge","Rampage","Whirlwind","Perfected Strike","Body Slam","Anger","Pommel Strike","Sword Boomerang","Seeing Red+1","Anger+1","Reaper","Sword Boomerang"],"relics":["Burning Blood","NeowsBlessing","Meat on the Bone","Frozen Egg 2","Gambling Chip","Busted Crown","Membership Card","Dream Catcher","Question Card","Cursed Key"],"potions_floor_usage":[25,33,33,33,37],"damage_taken":[{"damage":11,"enemies":"Jaw Worm","floor":1,"turns":2},{"damage":0,"enemies":"Cultist","floor":4,"turns":1},{"damage":0,"enemies":"2 Louse","floor":5,"turns":2},{"damage":2,"enemies":"Blue Slaver","floor":7,"turns":5},{"damage":27,"enemies":"3 Sentries","floor":14,"turns":10},{"damage":38,"enemies":"The Guardian","floor":16,"turns":10},{"damage":18,"enemies":"Spheric Guardian","floor":18,"turns":6},{"damage":27,"enemies":"3 Byrds","floor":21,"turns":5},{"damage":8,"enemies":"Cultist and Chosen","floor":22,"turns":6},{"damage":24,"enemies":"Centurion and Healer","floor":25,"turns":3},{"damage":15,"enemies":"Snake Plant","floor":28,"turns":5},{"damage":6,"enemies":"Snecko","floor":29,"turns":5},{"damage":15,"enemies":"3 Cultists","floor":30,"turns":4},{"damage":14,"enemies":"Centurion and Healer","floor":31,"turns":6},{"damage":28,"enemies":"Champ","floor":33,"turns":7},{"damage":55,"enemies":"3 Darklings","floor":35,"turns":5},{"damage":58,"enemies":"3 Shapes","floor":37,"turns":4}],"seed_played":"4425886340215590719","potions_obtained":[{"floor":7,"key":"Regen Potion"},{"floor":14,"key":"Fire Potion"},{"floor":21,"key":"GamblersBrew"},{"floor":30,"key":"EssenceOfSteel"},{"floor":31,"key":"Poison Potion"},{"floor":33,"key":"Regen Potion"}],"is_trial":false,"path_per_floor":["M","$","?","M","M","R","M","R","T","R","?","?","T","E","R","B",null,"M","?","$","M","M","R","$","M","T","R","M","M","M","M","R","B",null,"M","?","M"],"character_chosen":"IRONCLAD","items_purchased":["Membership Card","Dream Catcher","Secret Technique","Sword Boomerang","Rupture+1","Rampage","Whirlwind"],"campfire_rested":3,"item_purchase_floors":[20,20,20,20,20,24,24],"current_hp_per_floor":[75,75,75,80,80,80,80,80,80,80,80,73,73,52,76,56,80,68,68,68,47,57,57,57,51,51,75,66,66,57,49,73,65,80,53,53,0],"gold":303,"neow_bonus":"THREE_ENEMY_KILL","is_prod":false,"is_daily":false,"chose_seed":false,"campfire_upgraded":4,"win_rate":0,"timestamp":1568242296,"path_taken":["M","$","?","?","M","R","M","R","T","R","?","?","?","E","R","BOSS","M","?","?","M","M","R","$","M","T","R","M","M","M","?","R","BOSS","M","?","?"],"build_version":"2019-07-17","purchased_purges":0,"victory":false,"max_hp_per_floor":[80,80,80,80,80,80,80,80,80,80,80,80,80,80,80,80,80,80,80,80,80,80,80,80,80,80,80,80,80,80,80,80,80,80,80,80,80],"card_choices":[{"not_picked":["Headbutt","Disarm"],"picked":"Armaments","floor":1},{"not_picked":["Body Slam","Hemokinesis"],"picked":"Anger","floor":4},{"not_picked":["Flex","Iron Wave"],"picked":"Inflame","floor":5},{"not_picked":["Second Wind","Sword Boomerang"],"picked":"Anger","floor":7},{"not_picked":["Intimidate","Infernal Blade"],"picked":"Flame Barrier","floor":14},{"not_picked":["Juggernaut+1","Double Tap"],"picked":"Demon Form+1","floor":16},{"not_picked":[],"picked":"Clothesline+1","floor":18},{"not_picked":[],"picked":"Pummel","floor":21},{"not_picked":[],"picked":"Reckless Charge","floor":22},{"not_picked":[],"picked":"Perfected Strike","floor":25},{"not_picked":["Sword Boomerang"],"picked":"Body Slam","floor":27},{"not_picked":["True Grit+1"],"picked":"Anger","floor":28},{"not_picked":["Clash"],"picked":"Pommel Strike","floor":29},{"not_picked":["Hemokinesis"],"picked":"Sword Boomerang","floor":30},{"not_picked":["Clash+1"],"picked":"Seeing Red+1","floor":31},{"not_picked":["Warcry"],"picked":"Anger+1","floor":32},{"not_picked":["Berserk+1"],"picked":"Reaper","floor":33},{"not_picked":["Wild Strike"],"picked":"Sword Boomerang","floor":35}],"player_experience":73361,"relics_obtained":[{"floor":9,"key":"Meat on the Bone"},{"floor":13,"key":"Frozen Egg 2"},{"floor":14,"key":"Gambling Chip"},{"floor":26,"key":"Question Card"}],"event_choices":[{"damage_healed":0,"gold_gain":0,"cards_transformed":["Strike_R"],"player_choice":"Transformed","damage_taken":0,"max_hp_gain":0,"max_hp_loss":0,"event_name":"Transmorgrifier","floor":3,"gold_loss":0,"cards_obtained":["Impervious"]},{"damage_healed":0,"gold_gain":175,"player_choice":"AGREE","damage_taken":0,"max_hp_gain":0,"max_hp_loss":0,"event_name":"Liars Game","floor":11,"gold_loss":0,"cards_obtained":["Doubt"]},{"cards_removed":["Doubt"],"damage_healed":0,"gold_gain":0,"player_choice":"Card Removal","damage_taken":7,"max_hp_gain":0,"max_hp_loss":0,"event_name":"Golden Wing","floor":12,"gold_loss":0},{"damage_healed":0,"gold_gain":0,"cards_transformed":["Strike_R"],"player_choice":"Transformed","damage_taken":0,"max_hp_gain":0,"max_hp_loss":0,"event_name":"Transmorgrifier","floor":19,"gold_loss":0,"cards_obtained":["Metallicize"]},{"damage_healed":0,"gold_gain":100,"player_choice":"Pray","damage_taken":0,"max_hp_gain":0,"max_hp_loss":0,"event_name":"Golden Shrine","floor":36,"gold_loss":0}],"is_beta":false,"boss_relics":[{"not_picked":["Ectoplasm","Sozu"],"picked":"Busted Crown"},{"not_picked":["Snecko Eye","Mark of Pain"],"picked":"Cursed Key"}],"items_purged_floors":[],"is_endless":false,"potions_floor_spawned":[7,14,21,30,31,33],"killed_by":"3 Shapes","ascension_level":1}