{"gold_per_floor":[113,113,113,127,146,174,197,44,68,68,68,68,18,18],"floor_reached":14,"playtime":605,"items_purged":["Defend_B"],"score":103,"play_id":"183ee909-c482-49cb-8db9-5eb7f02d49fb","local_time":"20190829212335","is_ascension_mode":true,"campfire_choices":[{"floor":10,"key":"REST"},{"floor":12,"key":"DIG"}],"neow_cost":"NONE","seed_source_timestamp":1283036965733400,"circlet_count":0,"master_deck":["Strike_B","Strike_B","Defend_B","Defend_B","Defend_B","Zap","Dualcast","Ball Lightning","Fusion","Hologram","Loop","Coolheaded"],"relics":["Cracked Core","Dream Catcher","Shovel","Bag of Preparation","Omamori","Smiling Mask","Art of War"],"potions_floor_usage":[6],"damage_taken":[{"damage":0,"enemies":"Small Slimes","floor":1,"turns":2},{"damage":0,"enemies":"Cultist","floor":4,"turns":3},{"damage":7,"enemies":"Jaw Worm","floor":5,"turns":4},{"damage":52,"enemies":"3 Sentries","floor":6,"turns":9},{"damage":43,"enemies":"Gremlin Gang","floor":14,"turns":3}],"seed_played":"7386742896904959382","potions_obtained":[{"floor":1,"key":"Swift Potion"},{"floor":4,"key":"SpeedPotion"}],"is_trial":false,"path_per_floor":["M","?","?","M","M","E","T","$","T","R","?","R","$","M"],"character_chosen":"DEFECT","items_purchased":["Omamori"],"campfire_rested":1,"item_purchase_floors":[8],"current_hp_per_floor":[82,79,79,79,72,20,20,20,20,44,37,37,37,0],"gold":18,"neow_bonus":"TEN_PERCENT_HP_BONUS","is_prod":false,"is_daily":false,"chose_seed":false,"campfire_upgraded":0,"win_rate":0,"timestamp":1567077815,"path_taken":["M","?","?","?","M","E","?","$","T","R","?","R","?","M"],"build_version":"2019-07-17","purchased_purges":1,"victory":false,"max_hp_per_floor":[82,82,82,82,82,82,82,82,82,82,82,82,82,82],"card_choices":[{"not_picked":["Streamline","Darkness"],"picked":"Ball Lightning","floor":1},{"not_picked":["Beam Cell","Steam"],"picked":"Hologram","floor":4},{"not_picked":["Reinforced Body","Lockon"],"picked":"Loop","floor":5},{"not_picked":["Hologram","Sweeping Beam"],"picked":"Coolheaded","floor":6}],"player_experience":455397,"relics_obtained":[{"floor":6,"key":"Shovel"},{"floor":7,"key":"Bag of Preparation"},{"floor":9,"key":"Smiling Mask"},{"floor":12,"key":"Art of War"}],"event_choices":[{"damage_healed":0,"gold_gain":0,"player_choice":"Success","damage_taken":3,"relics_obtained":["Dream Catcher"],"max_hp_gain":0,"max_hp_loss":0,"event_name":"Scrap Ooze","floor":2,"gold_loss":0},{"damage_healed":0,"gold_gain":0,"cards_transformed":["Strike_B"],"player_choice":"Transformed","damage_taken":0,"max_hp_gain":0,"max_hp_loss":0,"event_name":"Transmorgrifier","floor":3,"gold_loss":0,"cards_obtained":["Fusion"]},{"cards_removed":["Strike_B"],"damage_healed":0,"gold_gain":0,"player_choice":"Card Removal","damage_taken":7,"max_hp_gain":0,"max_hp_loss":0,"event_name":"Golden Wing","floor":11,"gold_loss":0}],"is_beta":false,"boss_relics":[],"items_purged_floors":[13],"is_endless":false,"potions_floor_spawned":[1,4],"killed_by":"Gremlin Gang","ascension_level":4}