{"gold_per_floor":[111,131,131,206,222,249,249,249,249,279,279,291,319,330,330,426,426,444,426,501,514,527,527,559,559,559,149,166,266,191,226,226,327,327,338,318,330,346,17,33,33,45,45,45],"floor_reached":44,"playtime":2790,"items_purged":["Strike_G","Strike_G"],"score":495,"play_id":"036f1292-0720-4771-8a07-959a1535bdd4","local_time":"20190923174626","is_ascension_mode":false,"campfire_choices":[{"data":"Dash","floor":7,"key":"SMITH"},{"data":"Cloak And Dagger","floor":11,"key":"SMITH"},{"data":"Noxious Fumes","floor":15,"key":"SMITH"},{"floor":23,"key":"REST"},{"floor":25,"key":"REST"},{"floor":32,"key":"REST"},{"floor":41,"key":"REST"}],"neow_cost":"NONE","seed_source_timestamp":924901843932300,"circlet_count":0,"master_deck":["Strike_G","Strike_G","Defend_G","Defend_G","Defend_G","Defend_G","Defend_G","Survivor","Neutralize+1","Cloak And Dagger+1","Quick Slash","Dash+1","Backstab","Noxious Fumes+1","Backflip","Noxious Fumes","Tools of the Trade","Poisoned Stab+1","Well Laid Plans+1","Dash+1","Dodge and Roll","Backstab","Dodge and Roll","Prepared","Cloak And Dagger","Malaise","Bouncing Flask","Parasite","Cloak And Dagger","Bane","Bane","Backstab"],"relics":["Ring of the Serpent","Bottled Lightning","Strawberry","Pantograph","PreservedInsect","Frozen Egg 2","Gremlin Horn","Kunai","Shuriken","Unceasing Top","Lantern","Snecko Eye","Membership Card","Peace Pipe"],"potions_floor_usage":[19,19,24,24,31,40,40,44],"damage_taken":[{"damage":0,"enemies":"2 Louse","floor":1,"turns":3},{"damage":0,"enemies":"Small Slimes","floor":2,"turns":4},{"damage":0,"enemies":"Cultist","floor":5,"turns":4},{"damage":27,"enemies":"Lagavulin","floor":6,"turns":9},{"damage":1,"enemies":"Gremlin Nob","floor":10,"turns":4},{"damage":0,"enemies":"2 Fungi Beasts","floor":12,"turns":3},{"damage":7,"enemies":"Lagavulin","floor":13,"turns":6},{"damage":0,"enemies":"Looter","floor":14,"turns":3},{"damage":21,"enemies":"Slime Boss","floor":16,"turns":9},{"damage":2,"enemies":"Chosen","floor":18,"turns":6},{"damage":13,"enemies":"2 Thieves","floor":19,"turns":4},{"damage":26,"enemies":"Shelled Parasite and Fungi","floor":21,"turns":6},{"damage":22,"enemies":"Snake Plant","floor":22,"turns":6},{"damage":2,"enemies":"Book of Stabbing","floor":24,"turns":6},{"damage":0,"enemies":"Centurion and Healer","floor":28,"turns":6},{"damage":24,"enemies":"Colosseum Slavers","floor":29,"turns":5},{"damage":16,"enemies":"Colosseum Nobs","floor":29,"turns":4},{"damage":19,"enemies":"Slavers","floor":31,"turns":5},{"damage":14,"enemies":"Champ","floor":33,"turns":12},{"damage":8,"enemies":"Orb Walker","floor":35,"turns":5},{"damage":18,"enemies":"3 Shapes","floor":37,"turns":5},{"damage":11,"enemies":"Writhing Mass","floor":38,"turns":9},{"damage":35,"enemies":"3 Darklings","floor":40,"turns":4},{"damage":8,"enemies":"Jaw Worm Horde","floor":42,"turns":6},{"damage":35,"enemies":"Transient","floor":44,"turns":4}],"seed_played":"-1866911279969799933","potions_obtained":[{"floor":6,"key":"Poison Potion"},{"floor":10,"key":"PowerPotion"},{"floor":12,"key":"Explosive Potion"},{"floor":16,"key":"GhostInAJar"},{"floor":24,"key":"Fruit Juice"},{"floor":29,"key":"Weak Potion"},{"floor":31,"key":"GamblersBrew"},{"floor":33,"key":"PowerPotion"},{"floor":36,"key":"LiquidBronze"},{"floor":42,"key":"Explosive Potion"}],"is_trial":false,"path_per_floor":["M","M","?","?","M","E","R","?","T","E","R","M","E","M","R","B",null,"M","M","?","M","M","R","E","R","T","$","M","?","?","E","R","B",null,"M","?","M","M","$","M","R","M","T","M"],"character_chosen":"THE_SILENT","items_purchased":["Backstab","Kunai","Membership Card","Bane"],"campfire_rested":4,"item_purchase_floors":[27,27,39,39],"current_hp_per_floor":[77,77,77,66,66,39,39,44,51,50,50,50,43,43,43,47,89,87,74,66,40,18,44,47,75,75,75,75,35,35,16,44,55,94,86,86,68,57,57,22,50,42,42,7],"gold":45,"neow_bonus":"TEN_PERCENT_HP_BONUS","is_prod":false,"is_daily":false,"chose_seed":false,"campfire_upgraded":3,"win_rate":0.0,"timestamp":1569224786,"path_taken":["M","M","?","?","M","E","R","?","T","E","R","M","E","M","R","BOSS","M","M","?","?","M","R","E","R","T","$","M","?","?","E","R","BOSS","M","?","?","M","$","M","R","?","T","?"],"build_version":"2019-07-17","purchased_purges":2,"victory":false,"max_hp_per_floor":[77,77,77,77,77,77,77,82,89,89,89,89,89,89,89,89,89,89,89,89,89,89,89,94,94,94,94,94,94,94,94,94,94,94,94,94,94,94,94,94,94,94,94,94],"card_choices":[{"not_picked":["Deflect","Bane"],"picked":"Cloak And Dagger","floor":1},{"not_picked":["Distraction","Prepared","Blur"],"picked":"SKIP","floor":2},{"not_picked":["Acrobatics","Sucker Punch"],"picked":"Quick Slash","floor":5},{"not_picked":["Riddle With Holes","Prepared"],"picked":"Dash","floor":6},{"not_picked":["Dagger Spray","Calculated Gamble"],"picked":"Backstab","floor":10},{"not_picked":["Finisher","Deadly Poison"],"picked":"Noxious Fumes","floor":12},{"not_picked":["Tactician","Heel Hook"],"picked":"Backflip","floor":13},{"not_picked":["Poisoned Stab","Underhanded Strike"],"picked":"Noxious Fumes","floor":14},{"not_picked":["Corpse Explosion","Phantasmal Killer"],"picked":"Tools of the Trade","floor":16},{"not_picked":["Prepared+1","Acrobatics+1","Deadly Poison"],"picked":"SKIP","floor":18},{"not_picked":["Endless Agony","Underhanded Strike+1"],"picked":"Poisoned Stab+1","floor":19},{"not_picked":["Calculated Gamble","Flechettes"],"picked":"Well Laid Plans+1","floor":21},{"not_picked":["Quick Slash","Noxious Fumes"],"picked":"Dash+1","floor":22},{"not_picked":["Sucker Punch","Backflip"],"picked":"Dodge and Roll","floor":24},{"not_picked":["Masterful Stab","Underhanded Strike+1"],"picked":"Dodge and Roll","floor":28},{"not_picked":["Dagger Throw+1","Night Terror"],"picked":"Prepared","floor":29},{"not_picked":["Flechettes","Sucker Punch"],"picked":"Cloak And Dagger","floor":31},{"not_picked":["Unload","Phantasmal Killer"],"picked":"Malaise","floor":33},{"not_picked":["Expertise+1","All Out Attack+1","Acrobatics+1"],"picked":"SKIP","floor":35},{"not_picked":["Outmaneuver+1","PiercingWail"],"picked":"Bouncing Flask","floor":37},{"not_picked":["Acrobatics+1","PiercingWail"],"picked":"Cloak And Dagger","floor":38},{"not_picked":["Prepared+1","Dagger Spray+1"],"picked":"Bane","floor":40},{"not_picked":["Dagger Throw+1","Poisoned Stab+1"],"picked":"Backstab","floor":42}],"player_experience":250350,"relics_obtained":[{"floor":6,"key":"Bottled Lightning"},{"floor":9,"key":"Strawberry"},{"floor":10,"key":"Pantograph"},{"floor":13,"key":"PreservedInsect"},{"floor":24,"key":"Frozen Egg 2"},{"floor":26,"key":"Gremlin Horn"},{"floor":29,"key":"Shuriken"},{"floor":29,"key":"Unceasing Top"},{"floor":31,"key":"Lantern"},{"floor":43,"key":"Peace Pipe"}],"event_choices":[{"damage_healed":0,"gold_gain":0,"player_choice":"Grow","damage_taken":0,"max_hp_gain":0,"max_hp_loss":0,"event_name":"Living Wall","floor":3,"gold_loss":0,"cards_upgraded":["Neutralize"]},{"damage_healed":0,"gold_gain":75,"player_choice":"Gather Gold","damage_taken":11,"max_hp_gain":0,"max_hp_loss":0,"event_name":"World of Goop","floor":4,"gold_loss":0},{"damage_healed":0,"gold_gain":0,"player_choice":"Donut","damage_taken":0,"max_hp_gain":5,"max_hp_loss":0,"event_name":"Big Fish","floor":8,"gold_loss":0},{"damage_healed":0,"gold_gain":75,"player_choice":"Touch","damage_taken":8,"max_hp_gain":0,"max_hp_loss":0,"event_name":"FaceTrader","floor":20,"gold_loss":0},{"damage_healed":0,"gold_gain":0,"player_choice":"Fight","damage_taken":0,"max_hp_gain":0,"max_hp_loss":0,"event_name":"Colosseum","floor":29,"gold_loss":0},{"damage_healed":0,"gold_gain":0,"player_choice":"Fought Nobs","damage_taken":0,"max_hp_gain":0,"max_hp_loss":0,"event_name":"Colosseum","floor":29,"gold_loss":0},{"cards_removed":["Strike_G"],"damage_healed":0,"gold_gain":0,"player_choice":"Gave Gold","damage_taken":0,"max_hp_gain":0,"max_hp_loss":0,"event_name":"Beggar","floor":30,"gold_loss":75},{"damage_healed":0,"gold_gain":0,"player_choice":"Bought 1 Potion","damage_taken":0,"max_hp_gain":0,"max_hp_loss":0,"event_name":"The Woman in Blue","floor":36,"gold_loss":0}],"is_beta":false,"boss_relics":[{"not_picked":["Lizard Tail","Cursed Key"],"picked":"Ring of the Serpent"},{"not_picked":["Runic Dome","Busted Crown"],"picked":"Snecko Eye"}],"items_purged_floors":[27,39],"is_endless":false,"potions_floor_spawned":[6,10,12,16,24,29,31,33,42],"killed_by":"Transient","ascension_level":0}