{"gold_per_floor":[115,130,100,100,120,151,176,211,211,231,250,250,270,285,285,405,405],"floor_reached":17,"playtime":803,"items_purged":[],"score":171,"play_id":"917e352c-2652-46ae-a6b1-1955a305c2e8","local_time":"20180708212219","is_ascension_mode":false,"campfire_choices":[],"neow_cost":"","seed_source_timestamp":0,"circlet_count":0,"master_deck":["Defend_G","Defend_G","Defend_G","Defend_G","Defend_G","Strike_G","Strike_G","Strike_G","Strike_G","Strike_G","Survivor","Neutralize+1","Poisoned Stab","Poisoned Stab","Noxious Fumes","Backstab","Deadly Poison","Catalyst","Poisoned Stab","Regret","Decay","Writhe"],"special_seed":0,"relics":["Ring of the Snake","Golden Idol","Ninja Scroll","Ornamental Fan","Shuriken","Calling Bell","Happy Flower","Toolbox","The Specimen"],"potions_floor_usage":[],"damage_taken":[{"damage":4.0,"enemies":"Small Slimes","floor":1.0,"turns":4.0},{"damage":0.0,"enemies":"Cultist","floor":2.0,"turns":3.0},{"damage":0.0,"enemies":"2 Louse","floor":5.0,"turns":4.0},{"damage":20.0,"enemies":"Lagavulin","floor":6.0,"turns":7.0},{"damage":5.0,"enemies":"Gremlin Gang","floor":7.0,"turns":6.0},{"damage":19.0,"enemies":"3 Sentries","floor":8.0,"turns":6.0},{"damage":0.0,"enemies":"Exordium Wildlife","floor":10.0,"turns":3.0},{"damage":4.0,"enemies":"Red Slaver","floor":11.0,"turns":2.0},{"damage":0.0,"enemies":"3 Louse","floor":13.0,"turns":2.0},{"damage":4.0,"enemies":"Blue Slaver","floor":14.0,"turns":2.0},{"damage":24.0,"enemies":"Slime Boss","floor":16.0,"turns":9.0}],"seed_played":"-6411352073936669485","potions_obtained":[],"is_trial":false,"path_per_floor":["M","M","?","?","M","E","M","E","T","M","M","R","M","M","R","B"],"character_chosen":"THE_SILENT","items_purchased":[],"campfire_rested":2,"item_purchase_floors":[],"current_hp_per_floor":[66,66,66,49,49,29,24,5,5,5,1,22,22,18,39,15,70],"gold":405,"neow_bonus":"","is_prod":false,"is_daily":false,"chose_seed":false,"campfire_upgraded":0,"win_rate":0.0,"timestamp":1531048939,"path_taken":["M","M","?","?","M","E","M","E","T","M","?","R","M","M","R","BOSS"],"build_version":"2018-07-05","purchased_purges":0,"victory":false,"max_hp_per_floor":[70,70,70,70,70,70,70,70,70,70,70,70,70,70,70,70,70],"card_choices":[{"not_picked":["Dodge and Roll","All Out Attack"],"picked":"Poisoned Stab","floor":1.0},{"not_picked":["Dodge and Roll","Bane"],"picked":"Poisoned Stab","floor":5.0},{"not_picked":["Infinite Blades","Deadly Poison"],"picked":"Noxious Fumes","floor":6.0},{"not_picked":["Prepared","Endless Agony"],"picked":"Backstab","floor":7.0},{"not_picked":["Infinite Blades","Dagger Spray"],"picked":"Deadly Poison","floor":8.0},{"not_picked":["Bane","Slice"],"picked":"Catalyst","floor":11.0},{"not_picked":["Underhanded Strike","Caltrops"],"picked":"Poisoned Stab","floor":14.0}],"player_experience":173731,"relics_obtained":[{"floor":17,"key":"Happy Flower"},{"floor":17,"key":"Toolbox"},{"floor":17,"key":"The Specimen"}],"event_choices":[{"event_name":"The Woman in Blue","player_choice":"Bought 2 Potions","floor":3.0,"damage_taken":0.0},{"event_name":"Golden Idol","player_choice":"Take Damage","floor":4.0,"damage_taken":0.0}],"boss_relics":[{"not_picked":["Philosopher\u0027s Stone","Velvet Choker"],"picked":"Calling Bell"}],"items_purged_floors":[],"is_endless":false,"potions_floor_spawned":[5,6,11,16],"ascension_level":0}