{"gold_per_floor":[112,126,126,137,152,152,168,168,168,2,12,25,43,54,54,156,156,175,175,205,224,14,40,40,40,115,115,30,30,45,71,71,173,173,187,232,454,472,483,483,483,483,483,483,483],"floor_reached":45,"playtime":16742,"items_purged":["Strike_B","Defend_B"],"score":579,"play_id":"a8e2164f-f8cb-48f1-a948-119a4c8124d8","local_time":"20190907224655","is_ascension_mode":true,"campfire_choices":[{"data":"Loop","floor":6,"key":"SMITH"},{"data":"Glacier","floor":8,"key":"SMITH"},{"data":"Genetic Algorithm","floor":15,"key":"SMITH"},{"floor":25,"key":"REST"},{"floor":27,"key":"REST"},{"data":"Defragment","floor":29,"key":"SMITH"},{"data":"Streamline","floor":32,"key":"SMITH"},{"data":"Biased Cognition","floor":40,"key":"SMITH"},{"data":"Sunder","floor":42,"key":"SMITH"},{"data":"Electrodynamics","floor":44,"key":"SMITH"}],"neow_cost":"TEN_PERCENT_HP_LOSS","seed_source_timestamp":2049426451177200,"circlet_count":0,"master_deck":["Defend_B","Zap","Dualcast","Loop+1","White Noise+1","Glacier+1","Leap","Conserve Battery","Consume","Genetic Algorithm+1","Electrodynamics+1","Sweeping Beam+1","Defragment+1","Sunder+1","Double Energy+1","Sweeping Beam","Self Repair","Streamline+1","Biased Cognition+1","Consume+1","Ball Lightning+1"],"relics":["Cracked Core","Bird Faced Urn","Bottled Lightning","Empty Cage","Red Mask","Happy Flower","Kunai","Unceasing Top","Dream Catcher","White Beast Statue","Incense Burner","Centennial Puzzle"],"potions_floor_usage":[16,16,23,23,33,36,36,38,45],"damage_taken":[{"damage":0,"enemies":"Small Slimes","floor":1,"turns":3},{"damage":1,"enemies":"Cultist","floor":2,"turns":3},{"damage":9,"enemies":"Jaw Worm","floor":4,"turns":4},{"damage":6,"enemies":"Looter","floor":5,"turns":4},{"damage":9,"enemies":"3 Louse","floor":7,"turns":4},{"damage":9,"enemies":"Red Slaver","floor":11,"turns":3},{"damage":0,"enemies":"Large Slime","floor":12,"turns":5},{"damage":0,"enemies":"Exordium Wildlife","floor":13,"turns":4},{"damage":0,"enemies":"Blue Slaver","floor":14,"turns":6},{"damage":36,"enemies":"Hexaghost","floor":16,"turns":9},{"damage":29,"enemies":"3 Byrds","floor":18,"turns":5},{"damage":7,"enemies":"Masked Bandits","floor":20,"turns":2},{"damage":7,"enemies":"Shell Parasite","floor":21,"turns":5},{"damage":30,"enemies":"Book of Stabbing","floor":23,"turns":7},{"damage":0,"enemies":"Centurion and Healer","floor":30,"turns":5},{"damage":4,"enemies":"Slavers","floor":31,"turns":3},{"damage":43,"enemies":"Automaton","floor":33,"turns":10},{"damage":5,"enemies":"3 Shapes","floor":35,"turns":3},{"damage":37,"enemies":"2 Orb Walkers","floor":36,"turns":3},{"damage":9,"enemies":"3 Darklings","floor":38,"turns":3},{"damage":11,"enemies":"Jaw Worm Horde","floor":39,"turns":4},{"damage":97,"enemies":"Giant Head","floor":45,"turns":9}],"seed_played":"900516745136653663","potions_obtained":[{"floor":7,"key":"FearPotion"},{"floor":11,"key":"FocusPotion"},{"floor":21,"key":"AttackPotion"},{"floor":23,"key":"Swift Potion"},{"floor":31,"key":"FocusPotion"},{"floor":35,"key":"Swift Potion"},{"floor":36,"key":"SkillPotion"},{"floor":38,"key":"FearPotion"},{"floor":39,"key":"EssenceOfSteel"}],"is_trial":false,"path_per_floor":["M","M","?","M","M","R","M","R","T","$","M","M","M","M","R","B",null,"M","?","?","M","$","E","?","R","T","R","?","R","M","E","R","B",null,"M","?","?","M","M","R","?","R","T","R","E"],"character_chosen":"DEFECT","items_purchased":["Melter","Strength Potion","Defragment","Sunder"],"campfire_rested":2,"item_purchase_floors":[10,10,22,22],"current_hp_per_floor":[68,68,68,63,61,61,56,56,56,56,51,55,59,63,63,31,59,36,36,33,32,32,12,12,32,32,52,52,52,68,68,68,36,60,63,42,42,50,49,49,49,49,49,49,0],"gold":483,"neow_bonus":"ONE_RARE_RELIC","is_prod":false,"is_daily":false,"chose_seed":false,"campfire_upgraded":8,"win_rate":0,"timestamp":1567860415,"path_taken":["M","M","?","M","M","R","M","R","T","$","M","M","?","?","R","BOSS","M","?","?","M","$","E","?","R","T","R","?","R","M","E","R","BOSS","M","?","?","?","M","R","?","R","T","R","E"],"build_version":"2019-07-17","purchased_purges":2,"victory":false,"max_hp_per_floor":[68,68,68,68,68,68,68,68,68,68,68,68,68,68,68,68,68,68,68,68,68,68,68,68,68,68,68,68,68,68,68,68,68,68,68,68,68,68,68,68,68,68,68,68,68],"card_choices":[{"not_picked":["Cold Snap","Rebound"],"picked":"Loop","floor":1},{"not_picked":["Rip and Tear","Turbo"],"picked":"White Noise","floor":2},{"not_picked":["Beam Cell","Sunder"],"picked":"Glacier","floor":4},{"not_picked":["Stack","Beam Cell"],"picked":"Leap","floor":5},{"not_picked":["Gash","Cold Snap","Beam Cell"],"picked":"SKIP","floor":7},{"not_picked":["Darkness","Steam"],"picked":"Conserve Battery","floor":11},{"not_picked":["Double Energy","Rebound"],"picked":"Consume","floor":12},{"not_picked":["Redo","Coolheaded","Storm"],"picked":"SKIP","floor":13},{"not_picked":["Coolheaded","Gash"],"picked":"Genetic Algorithm","floor":14},{"not_picked":["Biased Cognition","Fission"],"picked":"Electrodynamics","floor":16},{"not_picked":["Cold Snap","Darkness"],"picked":"Sweeping Beam+1","floor":18},{"not_picked":["Reprogram+1","Rip and Tear+1","Beam Cell"],"picked":"SKIP","floor":21},{"not_picked":["Heatsinks+1","Consume"],"picked":"Double Energy+1","floor":23},{"not_picked":["Compile Driver+1","Scrape+1","Go for the Eyes"],"picked":"SKIP","floor":30},{"not_picked":["Recycle","Melter"],"picked":"Streamline","floor":31},{"not_picked":["Rainbow","Meteor Strike"],"picked":"Biased Cognition","floor":33},{"not_picked":["Beam Cell","Leap+1","Cold Snap"],"picked":"SKIP","floor":35},{"not_picked":["Rebound+1","Leap"],"picked":"Consume+1","floor":36},{"not_picked":["Hello World+1","Coolheaded"],"picked":"Ball Lightning+1","floor":38},{"not_picked":["Fusion+1","Ball Lightning+1","Stack"],"picked":"SKIP","floor":39}],"player_experience":575794,"relics_obtained":[{"floor":9,"key":"Bottled Lightning"},{"floor":20,"key":"Red Mask"},{"floor":23,"key":"Happy Flower"},{"floor":26,"key":"Kunai"},{"floor":31,"key":"Dream Catcher"},{"floor":36,"key":"Incense Burner"},{"floor":43,"key":"Centennial Puzzle"}],"event_choices":[{"damage_healed":0,"gold_gain":0,"player_choice":"Upgraded","damage_taken":0,"max_hp_gain":0,"max_hp_loss":0,"event_name":"Upgrade Shrine","floor":3,"gold_loss":0,"cards_upgraded":["White Noise"]},{"cards_removed":["Defend_B"],"damage_healed":0,"gold_gain":0,"player_choice":"Elegance","damage_taken":0,"max_hp_gain":0,"max_hp_loss":0,"event_name":"Back to Basics","floor":19,"gold_loss":0},{"damage_healed":0,"gold_gain":0,"player_choice":"Fought Bandits","damage_taken":0,"max_hp_gain":0,"max_hp_loss":0,"event_name":"Masked Bandits","floor":20,"gold_loss":0},{"damage_healed":0,"gold_gain":0,"cards_transformed":["Defend_B","Strike_B"],"player_choice":"Became Test Subject","damage_taken":0,"max_hp_gain":0,"max_hp_loss":0,"event_name":"Drug Dealer","floor":24,"gold_loss":0,"cards_obtained":["Sweeping Beam","Self Repair"]},{"damage_healed":0,"gold_gain":0,"player_choice":"Paid Gold","damage_taken":0,"relics_obtained":["Unceasing Top"],"max_hp_gain":0,"max_hp_loss":0,"event_name":"WeMeetAgain","floor":28,"gold_loss":85},{"damage_healed":0,"gold_gain":0,"player_choice":"Fight","damage_taken":0,"max_hp_gain":0,"max_hp_loss":0,"event_name":"Mysterious Sphere","floor":36,"gold_loss":0},{"damage_healed":0,"gold_gain":222,"player_choice":"Wore Mask","damage_taken":0,"max_hp_gain":0,"max_hp_loss":0,"event_name":"Tomb of Lord Red Mask","floor":37,"gold_loss":0},{"cards_removed":["Melter"],"damage_healed":0,"gold_gain":0,"player_choice":"Removed Attack","damage_taken":0,"max_hp_gain":0,"max_hp_loss":0,"event_name":"Falling","floor":41,"gold_loss":0}],"is_beta":false,"boss_relics":[{"not_picked":["Cursed Key","Sozu"],"picked":"Empty Cage"},{"not_picked":["Astrolabe","Snecko Eye"],"picked":"White Beast Statue"}],"items_purged_floors":[10,22],"is_endless":false,"potions_floor_spawned":[7,11,12,13,21,23,31,35,36,38,39],"killed_by":"Giant Head","ascension_level":6}