{"gold_per_floor":[116,116,136,154,50,50,81,98,98,98,123,48,66,16,16,116,116,135,33,33,33,33,33,91,31,55,55,18,118,118,147,147,245,245,255,304,323,323],"floor_reached":38,"playtime":2571,"items_purged":["Strike_B"],"score":562,"play_id":"b6c1bbe4-f317-4e49-9ad3-c351ff156465","local_time":"20190913044737","is_ascension_mode":true,"campfire_choices":[{"data":"Sunder","floor":6,"key":"SMITH"},{"floor":15,"key":"REST"},{"floor":23,"key":"REST"},{"floor":27,"key":"REST"},{"floor":30,"key":"REST"},{"floor":32,"key":"REST"}],"neow_cost":"NONE","seed_source_timestamp":102406923689600,"circlet_count":0,"master_deck":["Strike_B","Strike_B+1","Defend_B","Defend_B","Defend_B","Defend_B","Zap","Dualcast","Auto Shields","Consume","Tempest","Blizzard","Sunder+1","Static Discharge","Core Surge+1","Capacitor+1","White Noise","Melter","Echo Form","Glacier+1","Barrage","Hologram","Glacier","Creative AI","Compile Driver+1"],"relics":["Cracked Core","PreservedInsect","Singing Bowl","StoneCalendar","Lizard Tail","Nilry\u0027s Codex","Tiny Chest","Regal Pillow","Cables","Eternal Feather","Whetstone"],"potions_floor_usage":[7,8,16,16,24,31,38],"damage_taken":[{"damage":1,"enemies":"Cultist","floor":1,"turns":4},{"damage":3,"enemies":"Jaw Worm","floor":3,"turns":4},{"damage":8,"enemies":"2 Louse","floor":4,"turns":3},{"damage":10,"enemies":"Gremlin Nob","floor":7,"turns":3},{"damage":11,"enemies":"Looter","floor":8,"turns":4},{"damage":15,"enemies":"Lagavulin","floor":11,"turns":5},{"damage":19,"enemies":"Exordium Thugs","floor":13,"turns":4},{"damage":21,"enemies":"The Guardian","floor":16,"turns":7},{"damage":0,"enemies":"Spheric Guardian","floor":18,"turns":2},{"damage":83,"enemies":"Slavers","floor":24,"turns":5},{"damage":8,"enemies":"2 Thieves","floor":25,"turns":4},{"damage":35,"enemies":"Book of Stabbing","floor":31,"turns":5},{"damage":71,"enemies":"Collector","floor":33,"turns":12},{"damage":17,"enemies":"Orb Walker","floor":35,"turns":6},{"damage":61,"enemies":"3 Darklings","floor":37,"turns":7},{"damage":51,"enemies":"Transient","floor":38,"turns":3}],"seed_played":"-4778402184497517968","potions_obtained":[{"floor":0,"key":"Regen Potion"},{"floor":0,"key":"FairyPotion"},{"floor":0,"key":"Poison Potion"},{"floor":11,"key":"EssenceOfSteel"},{"floor":13,"key":"AttackPotion"},{"floor":24,"key":"SpeedPotion"},{"floor":33,"key":"Strength Potion"},{"floor":37,"key":"Dexterity Potion"}],"is_trial":false,"path_per_floor":["M","?","M","M","$","R","E","M","T","?","E","$","M","?","R","B",null,"M","$","?","$","?","R","E","M","T","R","$","?","R","E","R","B",null,"M","T","M","M"],"character_chosen":"DEFECT","items_purchased":["Sunder","Static Discharge","LiquidBronze","Barrage","Glacier"],"campfire_rested":5,"item_purchase_floors":[5,5,19,19,28],"current_hp_per_floor":[67,67,64,56,56,56,46,47,47,47,32,32,13,13,35,14,60,60,60,60,60,44,66,9,3,3,41,41,41,79,46,81,10,63,46,46,30,0],"gold":323,"neow_bonus":"THREE_SMALL_POTIONS","is_prod":false,"is_daily":false,"chose_seed":false,"campfire_upgraded":1,"win_rate":0,"timestamp":1568314057,"path_taken":["M","?","M","M","?","R","E","M","T","?","E","?","?","?","R","BOSS","M","$","?","$","?","R","E","M","T","R","$","?","R","E","R","BOSS","M","?","?","M"],"build_version":"2019-07-17","purchased_purges":1,"victory":false,"max_hp_per_floor":[75,75,75,75,75,75,75,75,75,75,75,75,75,75,75,75,75,75,75,75,75,75,75,77,79,79,79,79,79,79,81,81,81,81,81,81,83,83],"card_choices":[{"not_picked":["Gash","Cold Snap"],"picked":"Auto Shields","floor":1},{"not_picked":["Aggregate","Hello World"],"picked":"Tempest","floor":3},{"not_picked":["Gash","Tempest"],"picked":"Blizzard","floor":4},{"not_picked":["Leap","Rip and Tear"],"picked":"Core Surge","floor":7},{"not_picked":["Blizzard","White Noise"],"picked":"Capacitor","floor":8},{"not_picked":["Aggregate","Beam Cell"],"picked":"White Noise","floor":11},{"not_picked":["Recycle","Redo"],"picked":"Melter","floor":13},{"not_picked":["Multi-Cast","Core Surge"],"picked":"Echo Form","floor":16},{"not_picked":["Self Repair","Gash"],"picked":"Glacier+1","floor":18},{"not_picked":["Redo","Barrage","Lockon"],"picked":"Singing Bowl","floor":24},{"not_picked":["Streamline","Turbo+1","Sunder"],"picked":"Singing Bowl","floor":25},{"not_picked":["Loop","Barrage","Redo"],"picked":"Singing Bowl","floor":31},{"not_picked":["Fission","Echo Form"],"picked":"Creative AI","floor":33},{"not_picked":["Ball Lightning+1","Glacier"],"picked":"Compile Driver+1","floor":35},{"not_picked":["Streamline+1","Ball Lightning","Hologram+1"],"picked":"Singing Bowl","floor":37}],"player_experience":650499,"relics_obtained":[{"floor":7,"key":"PreservedInsect"},{"floor":9,"key":"Singing Bowl"},{"floor":11,"key":"StoneCalendar"},{"floor":22,"key":"Nilry\u0027s Codex"},{"floor":24,"key":"Tiny Chest"},{"floor":26,"key":"Regal Pillow"},{"floor":31,"key":"Cables"},{"floor":36,"key":"Whetstone"}],"event_choices":[{"damage_healed":0,"gold_gain":0,"cards_transformed":["Strike_B"],"player_choice":"Transformed","damage_taken":0,"max_hp_gain":0,"max_hp_loss":0,"event_name":"Transmorgrifier","floor":2,"gold_loss":0,"cards_obtained":["Consume"]},{"damage_healed":0,"gold_gain":0,"player_choice":"Grow","damage_taken":0,"max_hp_gain":0,"max_hp_loss":0,"event_name":"Living Wall","floor":10,"gold_loss":0,"cards_upgraded":["Capacitor"]},{"damage_healed":0,"gold_gain":0,"player_choice":"Left Gold","damage_taken":0,"max_hp_gain":0,"max_hp_loss":0,"event_name":"World of Goop","floor":14,"gold_loss":50},{"damage_healed":0,"gold_gain":0,"player_choice":"Read","damage_taken":0,"max_hp_gain":0,"max_hp_loss":0,"event_name":"The Library","floor":20,"gold_loss":0,"cards_obtained":["Hologram"]},{"damage_healed":0,"gold_gain":0,"player_choice":"Obtained Book","damage_taken":16,"max_hp_gain":0,"max_hp_loss":0,"event_name":"Cursed Tome","floor":22,"gold_loss":0},{"damage_healed":0,"gold_gain":100,"player_choice":"Pray","damage_taken":0,"max_hp_gain":0,"max_hp_loss":0,"event_name":"Golden Shrine","floor":29,"gold_loss":0}],"is_beta":false,"boss_relics":[{"not_picked":["Orrery","Cursed Key"],"picked":"Lizard Tail"},{"not_picked":["Velvet Choker","Runic Pyramid"],"picked":"Eternal Feather"}],"items_purged_floors":[12],"is_endless":false,"potions_floor_spawned":[1,4,11,13,24,33,37],"killed_by":"Transient","ascension_level":7}