{"gold_per_floor":[110,110,122,141,156,156,170,186,209,244,71,71,90,90,90,190,190,210,210,223,55,55,55,82,82,82,82,116,215,165,182,182,182],"floor_reached":33,"playtime":3923,"items_purged":["Strike_B"],"score":344,"play_id":"3626543b-204d-4b9e-b2d1-7e64567e203e","local_time":"20190830204949","is_ascension_mode":true,"campfire_choices":[{"data":"Self Repair","floor":6,"key":"SMITH"},{"floor":12,"key":"REST"},{"data":"Madness","floor":15,"key":"SMITH"},{"data":"Biased Cognition","floor":23,"key":"SMITH"},{"floor":27,"key":"REST"},{"floor":32,"key":"REST"}],"neow_cost":"NONE","seed_source_timestamp":1364092356409400,"circlet_count":0,"master_deck":["Strike_B","Strike_B","Defend_B","Defend_B","Defend_B","Zap","Dualcast","Streamline","Ball Lightning","Self Repair+1","Tempest","Glacier","Hyperbeam","Madness+1","Go for the Eyes","Biased Cognition+1","FTL","Melter"],"relics":["Cracked Core","Regal Pillow","Gambling Chip","Inserter","Lantern","Singing Bowl","Art of War"],"potions_floor_usage":[8,10,16,18,22,24,28,28],"damage_taken":[{"damage":1,"enemies":"Small Slimes","floor":1,"turns":4},{"damage":1,"enemies":"Cultist","floor":3,"turns":3},{"damage":18,"enemies":"2 Louse","floor":4,"turns":3},{"damage":21,"enemies":"Blue Slaver","floor":5,"turns":3},{"damage":12,"enemies":"2 Fungi Beasts","floor":7,"turns":3},{"damage":6,"enemies":"Lots of Slimes","floor":8,"turns":3},{"damage":21,"enemies":"Gremlin Nob","floor":10,"turns":4},{"damage":0,"enemies":"Looter","floor":13,"turns":3},{"damage":50,"enemies":"The Guardian","floor":16,"turns":16},{"damage":19,"enemies":"2 Thieves","floor":18,"turns":2},{"damage":11,"enemies":"Spheric Guardian","floor":20,"turns":3},{"damage":26,"enemies":"3 Cultists","floor":22,"turns":5},{"damage":26,"enemies":"Book of Stabbing","floor":24,"turns":6},{"damage":54,"enemies":"Slavers","floor":28,"turns":4},{"damage":10,"enemies":"Sentry and Sphere","floor":31,"turns":3},{"damage":94,"enemies":"Automaton","floor":33,"turns":6}],"seed_played":"-1157685904649683321","potions_obtained":[{"floor":3,"key":"Swift Potion"},{"floor":7,"key":"Fire Potion"},{"floor":10,"key":"SpeedPotion"},{"floor":16,"key":"Explosive Potion"},{"floor":18,"key":"Dexterity Potion"},{"floor":20,"key":"AttackPotion"},{"floor":24,"key":"Dexterity Potion"}],"is_trial":false,"path_per_floor":["M","?","M","M","M","R","M","M","T","E","$","R","M","?","R","B",null,"M","?","M","$","M","R","E","$","T","R","E","?","?","M","R","B"],"character_chosen":"DEFECT","items_purchased":["Madness","FTL","Block Potion","Melter"],"campfire_rested":3,"item_purchase_floors":[11,21,21,21],"current_hp_per_floor":[81,81,80,62,48,48,46,50,50,39,39,78,82,75,75,35,82,73,73,72,72,56,56,40,40,40,79,37,37,37,39,79,0],"gold":182,"neow_bonus":"TEN_PERCENT_HP_BONUS","is_prod":false,"is_daily":false,"chose_seed":false,"campfire_upgraded":3,"win_rate":0,"timestamp":1567162189,"path_taken":["M","?","M","M","M","R","M","?","T","E","$","R","M","?","R","BOSS","M","?","M","$","M","R","E","$","T","R","E","?","?","?","R","BOSS"],"build_version":"2019-07-17","purchased_purges":1,"victory":false,"max_hp_per_floor":[82,82,82,82,82,82,82,82,82,82,82,82,82,82,82,82,82,82,82,82,82,82,82,82,82,82,82,84,84,84,86,86,86],"card_choices":[{"not_picked":["Stack","Skim"],"picked":"Streamline","floor":1},{"not_picked":["Stack","Coolheaded"],"picked":"Ball Lightning","floor":3},{"not_picked":["Loop","Beam Cell"],"picked":"Self Repair","floor":4},{"not_picked":["Beam Cell","Aggregate","Chill"],"picked":"SKIP","floor":5},{"not_picked":["Leap","Ball Lightning"],"picked":"Tempest","floor":7},{"not_picked":["Coolheaded","Gash"],"picked":"Glacier","floor":8},{"not_picked":["Streamline","Conserve Battery"],"picked":"Hyperbeam","floor":10},{"not_picked":["Turbo","Recycle"],"picked":"Go for the Eyes","floor":13},{"not_picked":["Echo Form","Fission"],"picked":"Biased Cognition","floor":16},{"not_picked":["Undo","Turbo","Conserve Battery"],"picked":"SKIP","floor":18},{"not_picked":["Cold Snap","Beam Cell","Gash"],"picked":"SKIP","floor":20},{"not_picked":["Barrage","Go for the Eyes","Streamline+1"],"picked":"SKIP","floor":22},{"not_picked":["Aggregate","Buffer","Reinforced Body"],"picked":"SKIP","floor":24},{"not_picked":["Melter","Streamline+1","Self Repair"],"picked":"Singing Bowl","floor":28},{"not_picked":["Rebound","Glacier","Cold Snap"],"picked":"Singing Bowl","floor":31}],"player_experience":470805,"relics_obtained":[{"floor":9,"key":"Regal Pillow"},{"floor":10,"key":"Gambling Chip"},{"floor":24,"key":"Lantern"},{"floor":26,"key":"Singing Bowl"},{"floor":28,"key":"Art of War"}],"event_choices":[{"cards_removed":["Strike_B"],"damage_healed":0,"gold_gain":0,"player_choice":"Purged","damage_taken":0,"max_hp_gain":0,"max_hp_loss":0,"event_name":"Purifier","floor":2,"gold_loss":0},{"cards_removed":["Defend_B"],"damage_healed":0,"gold_gain":0,"player_choice":"Card Removal","damage_taken":7,"max_hp_gain":0,"max_hp_loss":0,"event_name":"Golden Wing","floor":14,"gold_loss":0},{"damage_healed":0,"gold_gain":0,"player_choice":"Ignored","damage_taken":0,"max_hp_gain":0,"max_hp_loss":0,"event_name":"Ghosts","floor":19,"gold_loss":0},{"damage_healed":0,"gold_gain":99,"player_choice":"Stole From Cult","damage_taken":0,"max_hp_gain":0,"max_hp_loss":0,"event_name":"Nest","floor":29,"gold_loss":0},{"damage_healed":0,"gold_gain":0,"player_choice":"Bet on Owner","damage_taken":0,"max_hp_gain":0,"max_hp_loss":0,"event_name":"The Joust","floor":30,"gold_loss":50}],"is_beta":false,"boss_relics":[{"not_picked":["Busted Crown","Pandora\u0027s Box"],"picked":"Inserter"}],"items_purged_floors":[11],"is_endless":false,"potions_floor_spawned":[3,7,10,16,18,20,24],"killed_by":"Automaton","ascension_level":4}