{"gold_per_floor":[115,134,145,159,159,159,192,31,31,31,45,120,120,136,136,241,241,257,19,0],"floor_reached":20,"playtime":1186,"items_purged":[],"score":226,"play_id":"291dadf5-5191-4c59-88e2-9665965be28a","local_time":"20190906001343","is_ascension_mode":true,"campfire_choices":[{"data":"Melter","floor":6,"key":"SMITH"},{"floor":13,"key":"REST"},{"floor":15,"key":"REST"}],"neow_cost":"NONE","seed_source_timestamp":1897462727382400,"circlet_count":0,"master_deck":["Strike_B","Strike_B","Strike_B","Defend_B","Defend_B","Defend_B","Defend_B","Zap","Dualcast","Leap","Cold Snap","Storm","Melter+1","Auto Shields","Tempest","Thunder Strike","Hologram","Go for the Eyes","Defragment","Echo Form","Coolheaded"],"relics":["Cracked Core","Mummified Hand","WingedGreaves","Nuclear Battery","Bottled Tornado"],"potions_floor_usage":[14,16],"damage_taken":[{"damage":1,"enemies":"Cultist","floor":1,"turns":3},{"damage":1,"enemies":"2 Louse","floor":2,"turns":3},{"damage":5,"enemies":"Jaw Worm","floor":3,"turns":3},{"damage":26,"enemies":"Lots of Slimes","floor":4,"turns":6},{"damage":15,"enemies":"Gremlin Nob","floor":7,"turns":4},{"damage":4,"enemies":"2 Fungi Beasts","floor":11,"turns":4},{"damage":0,"enemies":"3 Louse","floor":14,"turns":3},{"damage":35,"enemies":"Hexaghost","floor":16,"turns":7},{"damage":37,"enemies":"3 Byrds","floor":18,"turns":5},{"damage":38,"enemies":"2 Thieves","floor":20,"turns":3}],"seed_played":"2755694021347952891","potions_obtained":[{"floor":7,"key":"LiquidBronze"},{"floor":11,"key":"Fire Potion"}],"is_trial":false,"path_per_floor":["M","M","M","M","?","R","E","$","T","$","M","?","R","M","R","B",null,"M","$","M"],"character_chosen":"DEFECT","items_purchased":["Thunder Strike","Hologram","Bottled Tornado"],"campfire_rested":2,"item_purchase_floors":[8,8,19],"current_hp_per_floor":[74,73,68,42,42,42,27,27,27,27,23,15,39,39,63,28,69,32,32,0],"gold":0,"neow_bonus":"TEN_PERCENT_HP_BONUS","is_prod":false,"is_daily":false,"chose_seed":false,"campfire_upgraded":1,"win_rate":0,"timestamp":1567692823,"path_taken":["M","?","M","M","?","R","E","$","T","$","M","?","R","?","R","BOSS","M","$","M"],"build_version":"2019-07-17","purchased_purges":0,"victory":false,"max_hp_per_floor":[82,82,82,82,82,82,82,82,82,82,82,82,82,82,82,82,82,82,82,82],"card_choices":[{"not_picked":["Steam","Steam Power"],"picked":"Leap","floor":1},{"not_picked":["Compile Driver","Aggregate"],"picked":"Cold Snap","floor":2},{"not_picked":["Redo","Rebound"],"picked":"Storm","floor":3},{"not_picked":["Steam","Redo"],"picked":"Melter","floor":4},{"not_picked":["Compile Driver","Go for the Eyes"],"picked":"Tempest","floor":7},{"not_picked":["Gash","Melter"],"picked":"Go for the Eyes","floor":11},{"not_picked":["Meteor Strike","FTL"],"picked":"Defragment","floor":14},{"not_picked":["Amplify","Biased Cognition"],"picked":"Echo Form","floor":16},{"not_picked":["Compile Driver","Turbo+1"],"picked":"Coolheaded","floor":18}],"player_experience":547913,"relics_obtained":[{"floor":7,"key":"Mummified Hand"},{"floor":9,"key":"WingedGreaves"}],"event_choices":[{"damage_healed":0,"gold_gain":0,"cards_transformed":["Strike_B"],"player_choice":"Change","damage_taken":0,"max_hp_gain":0,"max_hp_loss":0,"event_name":"Living Wall","floor":5,"gold_loss":0,"cards_obtained":["Auto Shields"]},{"damage_healed":0,"gold_gain":75,"player_choice":"Touch","damage_taken":8,"max_hp_gain":0,"max_hp_loss":0,"event_name":"FaceTrader","floor":12,"gold_loss":0}],"is_beta":false,"boss_relics":[{"not_picked":["Sozu","Philosopher\u0027s Stone"],"picked":"Nuclear Battery"}],"items_purged_floors":[],"is_endless":false,"potions_floor_spawned":[7,11],"killed_by":"2 Thieves","ascension_level":6}