{"gold_per_floor":[114,124,141,106,123,123,123,134,134,144,170,170,184,196,196,196],"floor_reached":16,"playtime":3784,"items_purged":[],"score":106,"play_id":"1865de38-3b3f-46a9-a7ae-a2b682cb2548","local_time":"20190909030657","is_ascension_mode":false,"campfire_choices":[{"floor":6,"key":"REST"},{"floor":12,"key":"REST"},{"floor":15,"key":"REST"}],"neow_cost":"NONE","seed_source_timestamp":372079677834800,"circlet_count":0,"master_deck":["Strike_R","Strike_R","Strike_R","Strike_R","Strike_R","Defend_R","Defend_R","Defend_R","Defend_R","Bash","Armaments","Cleave","Armaments+1","Inflame","Shockwave","Perfected Strike","Shockwave","Inflame","Sword Boomerang","Flex"],"relics":["Black Star","Shuriken","Bottled Flame","Ancient Tea Set"],"potions_floor_usage":[16,16,16],"damage_taken":[{"damage":7,"enemies":"Cultist","floor":1,"turns":6},{"damage":0,"enemies":"Small Slimes","floor":2,"turns":4},{"damage":7,"enemies":"Jaw Worm","floor":3,"turns":5},{"damage":7,"enemies":"Exordium Wildlife","floor":5,"turns":7},{"damage":5,"enemies":"2 Fungi Beasts","floor":8,"turns":4},{"damage":15,"enemies":"Exordium Thugs","floor":10,"turns":4},{"damage":33,"enemies":"3 Sentries","floor":11,"turns":10},{"damage":8,"enemies":"3 Louse","floor":13,"turns":4},{"damage":0,"enemies":"2 Fungi Beasts","floor":14,"turns":4},{"damage":71,"enemies":"Slime Boss","floor":16,"turns":16}],"seed_played":"-187052548611016103","potions_obtained":[{"floor":2,"key":"Ancient Potion"},{"floor":8,"key":"Strength Potion"},{"floor":10,"key":"Dexterity Potion"},{"floor":11,"key":"Poison Potion"}],"is_trial":false,"path_per_floor":["M","M","M","$","M","R","?","M","T","M","E","R","M","M","R","B"],"character_chosen":"IRONCLAD","items_purchased":["Inflame"],"campfire_rested":3,"item_purchase_floors":[4],"current_hp_per_floor":[73,73,66,66,59,80,80,75,75,60,27,51,43,43,67,0],"gold":196,"neow_bonus":"BOSS_RELIC","is_prod":false,"is_daily":false,"chose_seed":false,"campfire_upgraded":0,"win_rate":0.0,"timestamp":1568016417,"path_taken":["M","M","M","?","M","R","?","M","T","M","E","R","M","M","R","BOSS"],"build_version":"2019-07-17","purchased_purges":0,"victory":false,"max_hp_per_floor":[80,80,80,80,80,80,80,80,80,80,80,80,80,80,80,80],"card_choices":[{"not_picked":["Twin Strike","Sever Soul"],"picked":"Armaments","floor":1},{"not_picked":["Body Slam","Pommel Strike"],"picked":"Cleave","floor":2},{"not_picked":["Disarm","Power Through"],"picked":"Armaments","floor":3},{"not_picked":["True Grit","Shrug It Off"],"picked":"Shockwave","floor":5},{"not_picked":["Cleave","Burning Pact"],"picked":"Perfected Strike","floor":8},{"not_picked":["Rampage","Shrug It Off"],"picked":"Shockwave","floor":10},{"not_picked":["Body Slam","Brutality"],"picked":"Inflame","floor":11},{"not_picked":["Clash","Perfected Strike"],"picked":"Sword Boomerang","floor":13},{"not_picked":["Reckless Charge","Fire Breathing"],"picked":"Flex","floor":14}],"player_experience":10940,"relics_obtained":[{"floor":9,"key":"Shuriken"},{"floor":11,"key":"Bottled Flame"},{"floor":11,"key":"Ancient Tea Set"}],"event_choices":[{"damage_healed":0,"gold_gain":0,"player_choice":"Grow","damage_taken":0,"max_hp_gain":0,"max_hp_loss":0,"event_name":"Living Wall","floor":7,"gold_loss":0,"cards_upgraded":["Armaments"]}],"is_beta":false,"boss_relics":[],"items_purged_floors":[],"is_endless":false,"potions_floor_spawned":[2,8,10,11,13],"killed_by":"Slime Boss","ascension_level":0}