{"gold_per_floor":[113,39,52,52,52,52,69,69,69,69,102,116,126,136,136,136],"floor_reached":16,"playtime":530,"items_purged":[],"score":173,"play_id":"95e5246c-b8d0-4750-ab41-533c3d407726","local_time":"20190925070937","is_ascension_mode":true,"campfire_choices":[{"data":"Defragment","floor":6,"key":"SMITH"},{"data":"Zap","floor":8,"key":"SMITH"},{"data":"Cold Snap","floor":10,"key":"SMITH"},{"floor":15,"key":"REST"}],"neow_cost":"NONE","seed_source_timestamp":61390958038500,"circlet_count":0,"master_deck":["AscendersBane","Strike_B","Strike_B","Strike_B","Strike_B","Defend_B","Defend_B","Defend_B","Defend_B","Zap+1","Dualcast","Cold Snap+1","Defragment+1","Undo","Decay","Gash","Hologram","Cold Snap","Self Repair","Gash"],"relics":["Cracked Core","Blood Vial","Gremlin Horn"],"potions_floor_usage":[1,1,11,16,16],"damage_taken":[{"damage":4,"enemies":"Jaw Worm","floor":1,"turns":3},{"damage":5,"enemies":"Cultist","floor":3,"turns":4},{"damage":3,"enemies":"2 Louse","floor":7,"turns":2},{"damage":21,"enemies":"Gremlin Nob","floor":11,"turns":5},{"damage":17,"enemies":"Large Slime","floor":12,"turns":6},{"damage":10,"enemies":"Exordium Wildlife","floor":13,"turns":7},{"damage":7,"enemies":"3 Louse","floor":14,"turns":2},{"damage":37,"enemies":"Slime Boss","floor":16,"turns":6}],"seed_played":"6111607777744419092","potions_obtained":[{"floor":0,"key":"SkillPotion"},{"floor":0,"key":"EntropicBrew"},{"floor":11,"key":"SneckoOil"}],"is_trial":false,"path_per_floor":["M","$","M","$","?","R","M","R","T","R","E","M","M","M","R","B"],"character_chosen":"DEFECT","items_purchased":["Defragment"],"campfire_rested":1,"item_purchase_floors":[2],"current_hp_per_floor":[60,60,55,55,55,55,52,52,52,52,33,18,10,12,33,0],"gold":136,"neow_bonus":"THREE_SMALL_POTIONS","is_prod":false,"is_daily":false,"chose_seed":false,"campfire_upgraded":3,"win_rate":0,"timestamp":1569420577,"path_taken":["M","$","M","$","?","R","M","R","T","R","E","M","M","M","R","BOSS"],"build_version":"2019-07-17","purchased_purges":0,"victory":false,"max_hp_per_floor":[71,71,71,71,71,71,71,71,71,71,71,71,71,71,71,71],"card_choices":[{"not_picked":["Sweeping Beam","Streamline"],"picked":"Cold Snap","floor":1},{"not_picked":["Tempest","Steam"],"picked":"Undo","floor":3},{"not_picked":["Ball Lightning","Consume"],"picked":"Gash","floor":7},{"not_picked":["Rip and Tear","Stack"],"picked":"Hologram","floor":11},{"not_picked":["Storm","Conserve Battery"],"picked":"Cold Snap","floor":12},{"not_picked":["Conserve Battery","Steam"],"picked":"Self Repair","floor":13},{"not_picked":["Beam Cell","Hello World"],"picked":"Gash","floor":14}],"player_experience":635396,"relics_obtained":[{"floor":9,"key":"Blood Vial"},{"floor":11,"key":"Gremlin Horn"}],"event_choices":[{"damage_healed":0,"gold_gain":0,"player_choice":"Cursed","damage_taken":0,"max_hp_gain":0,"max_hp_loss":0,"event_name":"Wheel of Change","floor":5,"gold_loss":0,"cards_obtained":["Decay"]}],"is_beta":false,"boss_relics":[],"items_purged_floors":[],"is_endless":false,"potions_floor_spawned":[11,12],"killed_by":"Slime Boss","ascension_level":14}