{"gold_per_floor":[117,117,128,140,154,188,115,130,130,130,144,176,190,265,265,265],"floor_reached":16,"playtime":639,"items_purged":[],"score":114,"play_id":"c1e05933-54ac-45c3-8fc7-53ea5f825ed0","local_time":"20190505205612","is_ascension_mode":false,"campfire_choices":[{"floor":10,"key":"REST"},{"floor":15,"key":"REST"}],"neow_cost":"NONE","seed_source_timestamp":708109393278020,"circlet_count":0,"master_deck":["Strike_R","Strike_R","Strike_R","Strike_R","Strike_R","Defend_R","Defend_R","Defend_R","Bash","Cleave","Cleave","Heavy Blade","Heavy Blade","Inflame","Heavy Blade"],"relics":["Burning Blood","Oddly Smooth Stone","Mercury Hourglass","Potion Belt"],"potions_floor_usage":[4,11,11],"damage_taken":[{"damage":2,"enemies":"Small Slimes","floor":1,"turns":4},{"damage":6,"enemies":"Cultist","floor":3,"turns":3},{"damage":0,"enemies":"Jaw Worm","floor":4,"turns":4},{"damage":30,"enemies":"Exordium Wildlife","floor":5,"turns":6},{"damage":15,"enemies":"Gremlin Nob","floor":6,"turns":4},{"damage":22,"enemies":"Exordium Thugs","floor":8,"turns":4},{"damage":0,"enemies":"2 Fungi Beasts","floor":11,"turns":1},{"damage":36,"enemies":"Lagavulin","floor":12,"turns":5},{"damage":14,"enemies":"Looter","floor":13,"turns":3},{"damage":53,"enemies":"The Guardian","floor":16,"turns":4}],"seed_played":"6034394884629351210","potions_obtained":[{"floor":0,"key":"Fire Potion"},{"floor":0,"key":"FairyPotion"},{"floor":0,"key":"EssenceOfSteel"},{"floor":5,"key":"AttackPotion"},{"floor":13,"key":"Dexterity Potion"}],"is_trial":false,"path_per_floor":["M","?","M","M","M","E","$","M","T","R","M","E","M","?","R","B"],"character_chosen":"IRONCLAD","items_purchased":["Inflame"],"campfire_rested":2,"item_purchase_floors":[7],"current_hp_per_floor":[80,80,80,80,56,47,47,31,31,55,61,31,23,12,36,0],"gold":265,"neow_bonus":"THREE_SMALL_POTIONS","is_prod":false,"is_daily":false,"chose_seed":false,"campfire_upgraded":0,"win_rate":0,"timestamp":1557053772,"path_taken":["M","?","M","M","?","E","?","M","T","R","M","E","M","?","R","BOSS"],"build_version":"2019-01-23","purchased_purges":0,"victory":false,"max_hp_per_floor":[80,80,80,80,80,80,80,80,80,80,80,80,80,80,80,80],"card_choices":[{"not_picked":["Anger","Combust","Rampage"],"picked":"SKIP","floor":1},{"not_picked":["Evolve","Metallicize"],"picked":"Cleave","floor":3},{"not_picked":["Combust","Perfected Strike"],"picked":"Cleave","floor":4},{"not_picked":["Headbutt","Infernal Blade"],"picked":"Heavy Blade","floor":5},{"not_picked":["Shrug It Off","Perfected Strike"],"picked":"Heavy Blade","floor":6},{"not_picked":["Juggernaut","Spot Weakness","Wild Strike"],"picked":"SKIP","floor":8},{"not_picked":["Intimidate","Shockwave"],"picked":"Heavy Blade","floor":11},{"not_picked":["Battle Trance","Reaper","Warcry"],"picked":"SKIP","floor":12},{"not_picked":["Flex","Bloodletting","Power Through"],"picked":"SKIP","floor":13}],"player_experience":219046,"relics_obtained":[{"floor":6,"key":"Oddly Smooth Stone"},{"floor":9,"key":"Mercury Hourglass"},{"floor":12,"key":"Potion Belt"}],"event_choices":[{"cards_removed":["Defend_R"],"damage_healed":0,"gold_gain":0,"player_choice":"Offered Basic","damage_taken":0,"max_hp_gain":0,"max_hp_loss":0,"event_name":"Bonfire Elementals","floor":2,"gold_loss":0},{"damage_healed":0,"gold_gain":75,"player_choice":"Gather Gold","damage_taken":11,"max_hp_gain":0,"max_hp_loss":0,"event_name":"World of Goop","floor":14,"gold_loss":0}],"is_beta":false,"boss_relics":[],"items_purged_floors":[],"is_endless":false,"potions_floor_spawned":[3,5,6,13],"killed_by":"The Guardian","ascension_level":0}