{"gold_per_floor":[15,34,34,53,53,53,53,78,78,78,103,134,146,169,181,288,300,329,341,399,426,438,450,462,489,546,558,570],"floor_reached":28,"playtime":4366,"items_purged":[],"score":260,"play_id":"505c3e1d-bbca-4405-8b2a-d73aad519397","local_time":"20190915130117","is_ascension_mode":true,"campfire_choices":[{"data":"Armaments","floor":6.0,"key":"SMITH"},{"floor":13.0,"key":"REST"},{"floor":15.0,"key":"REST"},{"floor":23,"key":"REST"}],"neow_cost":"NO_GOLD","seed_source_timestamp":0,"circlet_count":0,"master_deck":["Strike_R","Strike_R","Strike_R","Strike_R","Defend_R","Defend_R","Defend_R","Defend_R","Bash","Combust","Armaments+1","Intimidate","Bloodletting","Juggernaut","Demon Form","Flex","Limit Break","Seeing Red","Shrug It Off","Rage"],"special_seed":0,"relics":["Burning Blood","Bird Faced Urn","Mummified Hand","Juzu Bracelet","MawBank","Eternal Feather","MutagenicStrength","Red Mask","Enchiridion","Lantern","Orichalcum"],"potions_floor_usage":[21,25],"damage_taken":[{"damage":0.0,"enemies":"Small Slimes","floor":1.0,"turns":3.0},{"damage":1.0,"enemies":"Cultist","floor":2.0,"turns":3.0},{"damage":6.0,"enemies":"Jaw Worm","floor":4.0,"turns":4.0},{"damage":19.0,"enemies":"3 Sentries","floor":8.0,"turns":6.0},{"damage":69.0,"enemies":"Gremlin Nob","floor":12.0,"turns":6.0},{"damage":25.0,"enemies":"Blue Slaver","floor":14.0,"turns":9.0},{"damage":37.0,"enemies":"The Guardian","floor":16.0,"turns":8.0},{"damage":44.0,"enemies":"Spheric Guardian","floor":18.0,"turns":6.0},{"damage":77.0,"enemies":"Masked Bandits","floor":20.0,"turns":6.0},{"damage":29,"enemies":"Shell Parasite","floor":21,"turns":9},{"damage":39,"enemies":"Chosen and Byrds","floor":25,"turns":7},{"damage":42,"enemies":"Slavers","floor":28,"turns":2}],"seed_played":"3528517965949573531","potions_obtained":[{"floor":3.0,"key":"FairyPotion"},{"floor":3.0,"key":"FairyPotion"},{"floor":3.0,"key":"AttackPotion"},{"floor":8.0,"key":"BloodPotion"},{"floor":12.0,"key":"BloodPotion"},{"floor":20,"key":"Weak Potion"},{"floor":25,"key":"SpeedPotion"}],"is_trial":false,"path_per_floor":["M","M","?","M","$","R","?","E","T","$","T","E","R","M","R","B",null,"M","?","?","M","?","R","?","M","T","?","E"],"character_chosen":"IRONCLAD","items_purchased":[],"campfire_rested":3,"item_purchase_floors":[],"current_hp_per_floor":[96,96,96,96,96,96,96,83,83,83,83,22,50,33,61,36,96,60,60,19,24,8,48,48,19,19,19,0],"gold":570,"neow_bonus":"TWENTY_PERCENT_HP_BONUS","is_prod":false,"is_daily":false,"chose_seed":false,"campfire_upgraded":1,"win_rate":0,"timestamp":1568570477,"path_taken":["M","M","?","?","?","R","?","E","T","?","?","E","R","M","R","BOSS","M","?","?","M","?","R","?","M","T","?","E"],"build_version":"2019-07-17","purchased_purges":0,"victory":false,"max_hp_per_floor":[96,96,96,96,96,96,96,96,96,96,96,96,96,96,96,96,96,96,96,96,96,96,96,96,96,96,96,96],"card_choices":[{"not_picked":["True Grit","Uppercut"],"picked":"Combust","floor":1.0},{"not_picked":["Rupture","Heavy Blade"],"picked":"Armaments","floor":2.0},{"not_picked":["Combust","Corruption"],"picked":"Intimidate","floor":4.0},{"not_picked":["Heavy Blade","Bludgeon"],"picked":"Juggernaut","floor":8.0},{"not_picked":["Sentinel","Pummel"],"picked":"Demon Form","floor":12.0},{"not_picked":["Cleave","Armaments"],"picked":"Flex","floor":14.0},{"not_picked":["Fiend Fire","Double Tap"],"picked":"Limit Break","floor":16.0},{"not_picked":["Sword Boomerang","Cleave"],"picked":"Seeing Red","floor":18.0},{"not_picked":["Clash","Burning Pact"],"picked":"Shrug It Off","floor":20},{"not_picked":["Warcry","Anger"],"picked":"Rage","floor":21},{"not_picked":["Cleave+1","Wild Strike"],"picked":"Feel No Pain","floor":25}],"player_experience":190502,"relics_obtained":[{"floor":8.0,"key":"Bird Faced Urn"},{"floor":9.0,"key":"Mummified Hand"},{"floor":11.0,"key":"Juzu Bracelet"},{"floor":12.0,"key":"MawBank"},{"floor":20,"key":"Red Mask"},{"floor":22,"key":"Enchiridion"},{"floor":26,"key":"Orichalcum"}],"event_choices":[{"damage_healed":0.0,"max_hp_gain":0.0,"max_hp_loss":0.0,"gold_gain":0.0,"event_name":"Lab","player_choice":"Got Potions","floor":3.0,"gold_loss":0.0,"damage_taken":0.0},{"damage_healed":0.0,"max_hp_gain":0.0,"max_hp_loss":0.0,"gold_gain":0.0,"cards_transformed":["Strike_R"],"event_name":"Living Wall","player_choice":"Change","floor":7.0,"gold_loss":0.0,"damage_taken":0.0,"cards_obtained":["Bloodletting"]},{"damage_healed":0.0,"max_hp_gain":0.0,"max_hp_loss":0.0,"gold_gain":0.0,"event_name":"Drug Dealer","player_choice":"Inject Mutagens","floor":19.0,"gold_loss":0.0,"damage_taken":0.0,"relics_obtained":["MutagenicStrength"]},{"damage_healed":0.0,"max_hp_gain":0.0,"max_hp_loss":0.0,"gold_gain":0.0,"event_name":"Masked Bandits","player_choice":"Fought Bandits","floor":20.0,"gold_loss":0.0,"damage_taken":0.0},{"damage_healed":0,"gold_gain":0,"player_choice":"Obtained Book","damage_taken":16,"max_hp_gain":0,"max_hp_loss":0,"event_name":"Cursed Tome","floor":22,"gold_loss":0},{"damage_healed":0,"gold_gain":0,"player_choice":"Opened","damage_taken":0,"relics_obtained":["Lantern"],"max_hp_gain":0,"max_hp_loss":0,"event_name":"The Mausoleum","floor":24,"gold_loss":0},{"cards_removed":["Feel No Pain"],"damage_healed":0,"gold_gain":0,"player_choice":"Elegance","damage_taken":0,"max_hp_gain":0,"max_hp_loss":0,"event_name":"Back to Basics","floor":27,"gold_loss":0}],"is_beta":false,"boss_relics":[{"not_picked":["Snecko Eye","Calling Bell"],"picked":"Eternal Feather"}],"items_purged_floors":[],"is_endless":false,"potions_floor_spawned":[8,12,16,20,25],"killed_by":"Slavers","ascension_level":1}