{"gold_per_floor":[19,38,54,67,67,67,93,93,93,93,128,146,166,177,177,280,280,296,312,312],"floor_reached":20,"playtime":1109,"items_purged":[],"score":291,"play_id":"893e089b-1308-42f6-af46-ebd99cd478af","local_time":"20190917200359","is_ascension_mode":true,"campfire_choices":[{"floor":6.0,"key":"REST"},{"floor":8.0,"key":"REST"},{"floor":10.0,"key":"REST"},{"floor":15.0,"key":"REST"}],"neow_cost":"NO_GOLD","seed_source_timestamp":196587319651900,"circlet_count":0,"master_deck":["AscendersBane","Strike_B","Strike_B","Strike_B","Defend_B","Defend_B","Defend_B","Defend_B","Zap","Dualcast+1","Rainbow","Cold Snap","White Noise+1","Reinforced Body","Hologram","Compile Driver","Gash","Hologram","Leap","Double Energy","Fission","Glacier","Chill+1"],"special_seed":0,"relics":["Cracked Core","War Paint","Letter Opener","Shovel","Inserter"],"potions_floor_usage":[19],"damage_taken":[{"damage":0.0,"enemies":"Cultist","floor":1.0,"turns":3.0},{"damage":12.0,"enemies":"Jaw Worm","floor":2.0,"turns":3.0},{"damage":3.0,"enemies":"2 Louse","floor":3.0,"turns":2.0},{"damage":28.0,"enemies":"Lots of Slimes","floor":4.0,"turns":7.0},{"damage":37.0,"enemies":"Lagavulin","floor":7.0,"turns":6.0},{"damage":14.0,"enemies":"Gremlin Nob","floor":11.0,"turns":4.0},{"damage":8.0,"enemies":"3 Louse","floor":12.0,"turns":4.0},{"damage":15.0,"enemies":"Exordium Wildlife","floor":13.0,"turns":4.0},{"damage":1.0,"enemies":"Blue Slaver","floor":14.0,"turns":3.0},{"damage":6.0,"enemies":"The Guardian","floor":16.0,"turns":13.0},{"damage":38.0,"enemies":"2 Thieves","floor":18.0,"turns":5.0},{"damage":1,"enemies":"Spheric Guardian","floor":19,"turns":5},{"damage":49,"enemies":"Masked Bandits","floor":20,"turns":3}],"seed_played":"-4643008434207279598","potions_obtained":[{"floor":2.0,"key":"Fruit Juice"},{"floor":11.0,"key":"Poison Potion"},{"floor":12.0,"key":"SneckoOil"},{"floor":13.0,"key":"Energy Potion"},{"floor":16.0,"key":"SpeedPotion"},{"floor":18.0,"key":"AttackPotion"}],"is_trial":false,"path_per_floor":["M","M","M","M","?","R","E","R","T","R","E","M","M","M","R","B",null,"M","M","?"],"character_chosen":"DEFECT","items_purchased":[],"campfire_rested":4,"item_purchase_floors":[],"current_hp_per_floor":[68,61,58,30,30,54,17,41,41,65,51,43,28,27,51,45,71,33,32,0],"gold":312,"neow_bonus":"THREE_RARE_CARDS","is_prod":false,"is_daily":false,"chose_seed":false,"campfire_upgraded":0,"win_rate":0,"timestamp":1568775839,"path_taken":["M","M","?","M","?","R","E","R","T","R","E","M","M","?","R","BOSS","M","M","?"],"build_version":"2019-07-17","purchased_purges":0,"victory":false,"max_hp_per_floor":[75,80,80,80,80,80,80,80,80,80,80,80,80,80,80,80,80,80,80,80],"card_choices":[{"not_picked":["Machine Learning","Meteor Strike"],"picked":"Rainbow","floor":0.0},{"not_picked":["Beam Cell","Ball Lightning"],"picked":"Cold Snap","floor":1.0},{"not_picked":["Blizzard","Capacitor"],"picked":"White Noise","floor":2.0},{"not_picked":["Rebound","Self Repair"],"picked":"Reinforced Body","floor":3.0},{"not_picked":["Stack","Streamline","Rebound"],"picked":"SKIP","floor":4.0},{"not_picked":["BootSequence","Beam Cell"],"picked":"Compile Driver","floor":7.0},{"not_picked":["Streamline","Sweeping Beam"],"picked":"Gash","floor":11.0},{"not_picked":["Ball Lightning","Tempest"],"picked":"Hologram","floor":12.0},{"not_picked":["Turbo","Hologram"],"picked":"Leap","floor":13.0},{"not_picked":["Machine Learning","Stack"],"picked":"Double Energy","floor":14.0},{"not_picked":["Thunder Strike","Amplify"],"picked":"Fission","floor":16.0},{"not_picked":["Cold Snap","Coolheaded"],"picked":"Glacier","floor":18.0},{"not_picked":["Rebound","Redo"],"picked":"Chill+1","floor":19}],"player_experience":621134,"relics_obtained":[{"floor":7.0,"key":"War Paint"},{"floor":9.0,"key":"Letter Opener"},{"floor":11.0,"key":"Shovel"}],"event_choices":[{"damage_healed":0.0,"max_hp_gain":0.0,"max_hp_loss":0.0,"gold_gain":0.0,"cards_transformed":["Strike_B"],"event_name":"Transmorgrifier","player_choice":"Transformed","floor":5.0,"gold_loss":0.0,"damage_taken":0.0,"cards_obtained":["Hologram"]},{"damage_healed":0,"gold_gain":0,"player_choice":"Fought Bandits","damage_taken":0,"max_hp_gain":0,"max_hp_loss":0,"event_name":"Masked Bandits","floor":20,"gold_loss":0}],"is_beta":false,"boss_relics":[{"not_picked":["Cursed Key","Busted Crown"],"picked":"Inserter"}],"items_purged_floors":[],"is_endless":false,"potions_floor_spawned":[2,11,12,13,16,18],"killed_by":"Masked Bandits","ascension_level":11}