{"gold_per_floor":[111,129,143,48,68,68,87,87,87,120,136,136,168,15,15,117,117,136,147,72,87,0,32,42,42],"floor_reached":25,"playtime":2061,"items_purged":["Defend_B"],"score":342,"play_id":"46322192-d5ab-4ff9-a4a8-ecfa821a057a","local_time":"20190829204723","is_ascension_mode":true,"campfire_choices":[{"data":"Glacier","floor":6,"key":"SMITH"},{"floor":8,"key":"REST"},{"floor":15,"key":"REST"}],"neow_cost":"PERCENT_DAMAGE","seed_source_timestamp":1279408812336100,"circlet_count":0,"master_deck":["Strike_B","Strike_B","Defend_B","Defend_B","Defend_B","Zap","Dualcast","Creative AI","Gash","Genetic Algorithm","Sunder","Gash","Defragment","Glacier+1","Undo","Loop","All For One","Cold Snap","Gash","Double Energy","Streamline"],"relics":["Cracked Core","Mercury Hourglass","Sundial","Symbiotic Virus","PreservedInsect","Empty Cage","Bronze Scales"],"potions_floor_usage":[10,10,13,19,21,24],"damage_taken":[{"damage":1,"enemies":"Cultist","floor":1,"turns":3},{"damage":3,"enemies":"2 Louse","floor":2,"turns":4},{"damage":5,"enemies":"Jaw Worm","floor":3,"turns":4},{"damage":15,"enemies":"3 Louse","floor":5,"turns":3},{"damage":0,"enemies":"Blue Slaver","floor":7,"turns":4},{"damage":13,"enemies":"Lagavulin","floor":10,"turns":7},{"damage":0,"enemies":"Large Slime","floor":11,"turns":6},{"damage":16,"enemies":"Gremlin Nob","floor":13,"turns":4},{"damage":0,"enemies":"The Guardian","floor":16,"turns":10},{"damage":0,"enemies":"Spheric Guardian","floor":18,"turns":3},{"damage":27,"enemies":"3 Byrds","floor":19,"turns":4},{"damage":15,"enemies":"Centurion and Healer","floor":21,"turns":7},{"damage":15,"enemies":"Book of Stabbing","floor":23,"turns":3},{"damage":18,"enemies":"Snecko","floor":24,"turns":5},{"damage":8,"enemies":"Gremlin Leader","floor":25,"turns":4}],"seed_played":"8445789859211168397","potions_obtained":[{"floor":2,"key":"Weak Potion"},{"floor":7,"key":"FocusPotion"},{"floor":10,"key":"Swift Potion"},{"floor":13,"key":"Strength Potion"},{"floor":16,"key":"FairyPotion"},{"floor":19,"key":"Block Potion"},{"floor":23,"key":"GamblersBrew"}],"is_trial":false,"path_per_floor":["M","M","M","$","M","R","M","R","T","E","M","?","E","$","R","B",null,"M","M","$","M","?","E","M","E"],"character_chosen":"DEFECT","items_purchased":["Gash","Defragment","PreservedInsect"],"campfire_rested":2,"item_purchase_floors":[4,4,14],"current_hp_per_floor":[53,50,45,45,30,30,30,52,52,39,39,39,23,23,45,45,75,75,48,48,33,33,18,7,0],"gold":42,"neow_bonus":"THREE_RARE_CARDS","is_prod":false,"is_daily":false,"chose_seed":false,"campfire_upgraded":1,"win_rate":0,"timestamp":1567075643,"path_taken":["M","M","M","$","M","R","?","R","T","E","M","?","E","$","R","BOSS","M","M","$","M","?","E","M","E"],"build_version":"2019-07-17","purchased_purges":1,"victory":false,"max_hp_per_floor":[75,75,75,75,75,75,75,75,75,75,75,75,75,75,75,75,75,75,75,75,75,75,75,75,75],"card_choices":[{"not_picked":["Meteor Strike","Amplify"],"picked":"Creative AI","floor":0},{"not_picked":["Recycle","Turbo"],"picked":"Gash","floor":1},{"not_picked":["Stack","Streamline"],"picked":"Genetic Algorithm","floor":2},{"not_picked":["Hello World","Coolheaded"],"picked":"Sunder","floor":3},{"not_picked":["Auto Shields","Steam"],"picked":"Glacier","floor":5},{"not_picked":["Force Field","Streamline"],"picked":"Undo","floor":7},{"not_picked":["Go for the Eyes","Coolheaded"],"picked":"Loop","floor":10},{"not_picked":["Cold Snap","Sweeping Beam"],"picked":"All For One","floor":11},{"not_picked":["Beam Cell","Steam","Compile Driver"],"picked":"SKIP","floor":13},{"not_picked":["FTL","Steam"],"picked":"Cold Snap","floor":18},{"not_picked":["Rebound+1","Go for the Eyes"],"picked":"Gash","floor":19},{"not_picked":["Sunder+1","Ball Lightning"],"picked":"Double Energy","floor":21},{"not_picked":["Steam Power+1","Stack"],"picked":"Streamline","floor":23},{"not_picked":["Turbo","Lockon","Tempest"],"picked":"SKIP","floor":24}],"player_experience":451810,"relics_obtained":[{"floor":9,"key":"Mercury Hourglass"},{"floor":10,"key":"Sundial"},{"floor":13,"key":"Symbiotic Virus"},{"floor":23,"key":"Bronze Scales"}],"event_choices":[{"damage_healed":0,"gold_gain":0,"player_choice":"Ignored","damage_taken":0,"max_hp_gain":0,"max_hp_loss":0,"event_name":"Shining Light","floor":12,"gold_loss":0},{"damage_healed":0,"gold_gain":0,"player_choice":"Paid Fearfully","damage_taken":0,"max_hp_gain":0,"max_hp_loss":0,"event_name":"Masked Bandits","floor":22,"gold_loss":87}],"is_beta":false,"boss_relics":[{"not_picked":["Velvet Choker","Busted Crown"],"picked":"Empty Cage"}],"items_purged_floors":[20],"is_endless":false,"potions_floor_spawned":[2,7,10,13,16,19,23],"killed_by":"Gremlin Leader","ascension_level":4}