{"gold_per_floor":[216,230,19,31,45,45,80,93,119,119,119,134,162,182,182,282,282,301,321,321],"floor_reached":20,"playtime":1987,"items_purged":[],"score":226,"play_id":"f1856a2f-15d8-4f55-8303-d48e2b8dba09","local_time":"20190830212310","is_ascension_mode":true,"campfire_choices":[{"data":"Consume","floor":6,"key":"SMITH"},{"data":"Hologram","floor":11,"key":"SMITH"},{"data":"Fission","floor":15,"key":"SMITH"}],"neow_cost":"NONE","seed_source_timestamp":1368030098262700,"circlet_count":0,"master_deck":["Strike_B","Strike_B","Strike_B","Strike_B","Defend_B","Defend_B","Defend_B","Defend_B","Zap","Dualcast","Consume+1","Undo","Seek","Glacier","Cold Snap","Hologram+1","Go for the Eyes","Melter","Fission+1","Echo Form","Blizzard"],"relics":["Cracked Core","Matryoshka","Strawberry","Bag of Preparation","Boot","Lizard Tail"],"potions_floor_usage":[12,16,16,18],"damage_taken":[{"damage":7,"enemies":"Jaw Worm","floor":1,"turns":3},{"damage":1,"enemies":"Cultist","floor":2,"turns":4},{"damage":0,"enemies":"2 Louse","floor":4,"turns":3},{"damage":1,"enemies":"2 Fungi Beasts","floor":5,"turns":5},{"damage":3,"enemies":"Lagavulin","floor":7,"turns":9},{"damage":0,"enemies":"Blue Slaver","floor":8,"turns":7},{"damage":0,"enemies":"Lots of Slimes","floor":12,"turns":1},{"damage":12,"enemies":"3 Sentries","floor":13,"turns":10},{"damage":9,"enemies":"Large Slime","floor":14,"turns":8},{"damage":3,"enemies":"Slime Boss","floor":16,"turns":13},{"damage":10,"enemies":"2 Thieves","floor":18,"turns":5},{"damage":25,"enemies":"Chosen","floor":19,"turns":6},{"damage":107,"enemies":"3 Cultists","floor":20,"turns":5}],"seed_played":"-5126635451751578693","potions_obtained":[{"floor":4,"key":"Fire Potion"},{"floor":7,"key":"LiquidBronze"},{"floor":10,"key":"FocusPotion"},{"floor":13,"key":"SkillPotion"},{"floor":16,"key":"Poison Potion"},{"floor":19,"key":"GamblersBrew"}],"is_trial":false,"path_per_floor":["M","M","$","M","M","R","E","M","T","?","R","M","E","M","R","B",null,"M","M","M"],"character_chosen":"DEFECT","items_purchased":["Seek","Explosive Potion"],"campfire_rested":0,"item_purchase_floors":[3,3],"current_hp_per_floor":[68,67,67,67,66,66,63,63,70,70,70,70,58,49,49,46,82,72,47,0],"gold":321,"neow_bonus":"HUNDRED_GOLD","is_prod":false,"is_daily":false,"chose_seed":false,"campfire_upgraded":3,"win_rate":0,"timestamp":1567164190,"path_taken":["M","M","$","M","M","R","E","M","T","?","R","M","E","M","R","BOSS","M","?","M"],"build_version":"2019-07-17","purchased_purges":0,"victory":false,"max_hp_per_floor":[75,75,75,75,75,75,75,75,82,82,82,82,82,82,82,82,82,82,82,82],"card_choices":[{"not_picked":["Steam","Leap"],"picked":"Consume","floor":1},{"not_picked":["Steam","Reprogram"],"picked":"Undo","floor":2},{"not_picked":["Force Field","Compile Driver"],"picked":"Glacier","floor":4},{"not_picked":["Doom and Gloom","Hello World"],"picked":"Cold Snap","floor":5},{"not_picked":["Rainbow","Conserve Battery"],"picked":"Hologram","floor":7},{"not_picked":["Conserve Battery","Static Discharge"],"picked":"Go for the Eyes","floor":8},{"not_picked":["White Noise","Cold Snap"],"picked":"Melter","floor":12},{"not_picked":["Reinforced Body","Compile Driver","Coolheaded"],"picked":"SKIP","floor":13},{"not_picked":["Barrage","Conserve Battery"],"picked":"Fission","floor":14},{"not_picked":["Amplify","Seek"],"picked":"Echo Form","floor":16},{"not_picked":["Turbo","Gash+1","Hologram+1"],"picked":"SKIP","floor":18},{"not_picked":["Steam","Aggregate"],"picked":"Blizzard","floor":19}],"player_experience":474728,"relics_obtained":[{"floor":7,"key":"Matryoshka"},{"floor":9,"key":"Strawberry"},{"floor":9,"key":"Bag of Preparation"},{"floor":13,"key":"Boot"}],"event_choices":[{"damage_healed":0,"gold_gain":0,"player_choice":"Got Potions","damage_taken":0,"max_hp_gain":0,"max_hp_loss":0,"event_name":"Lab","floor":10,"gold_loss":0}],"is_beta":false,"boss_relics":[{"not_picked":["Ectoplasm","Nuclear Battery"],"picked":"Lizard Tail"}],"items_purged_floors":[],"is_endless":false,"potions_floor_spawned":[4,7,8,13,16,19],"killed_by":"3 Cultists","ascension_level":4}