{"gold_per_floor":[113,131,11,27,44,44,71,83,83,102,102,165,181,216,216,319,319,334,334,383,394,405,405,320,29,29,29,29,49,78,89,89,89],"floor_reached":33,"playtime":2304,"items_purged":[],"score":375,"play_id":"79d6a1b3-14ee-4d15-84f7-861d77c0fde3","local_time":"20190913214415","is_ascension_mode":true,"campfire_choices":[{"data":"White Noise","floor":6,"key":"SMITH"},{"floor":11,"key":"REST"},{"floor":15,"key":"REST"},{"floor":23,"key":"REST"},{"data":"Ghostly","floor":28,"key":"SMITH"},{"floor":32,"key":"REST"}],"neow_cost":"NONE","seed_source_timestamp":163672055716900,"circlet_count":0,"master_deck":["Strike_B","Defend_B","Defend_B","Defend_B","Zap","Dualcast","Conserve Battery+1","Heatsinks+1","Seek+1","Cold Snap","Rip and Tear","Biased Cognition","White Noise+1","Conserve Battery","Sweeping Beam","Gash","Gash","Go for the Eyes","Multi-Cast","Capacitor+1","Core Surge","Doom and Gloom+1","Ghostly","Ghostly","Ghostly+1","Ghostly","Ghostly","Chaos","Defragment+1","Echo Form+1","Barrage","Sadistic Nature+1","Compile Driver+1","Consume"],"relics":["Astrolabe","Bronze Scales","Letter Opener","Frozen Egg 2","Ancient Tea Set","Inserter","Bag of Marbles","Meat on the Bone","Bottled Lightning","Red Mask"],"potions_floor_usage":[14,16,21,30,31,33],"damage_taken":[{"damage":0,"enemies":"Cultist","floor":1,"turns":4},{"damage":3,"enemies":"Jaw Worm","floor":2,"turns":6},{"damage":4,"enemies":"Small Slimes","floor":4,"turns":4},{"damage":12,"enemies":"2 Fungi Beasts","floor":5,"turns":4},{"damage":13,"enemies":"3 Sentries","floor":7,"turns":9},{"damage":10,"enemies":"3 Louse","floor":8,"turns":3},{"damage":0,"enemies":"Blue Slaver","floor":10,"turns":4},{"damage":4,"enemies":"3 Sentries","floor":12,"turns":5},{"damage":2,"enemies":"Looter","floor":13,"turns":3},{"damage":16,"enemies":"Gremlin Nob","floor":14,"turns":4},{"damage":20,"enemies":"The Guardian","floor":16,"turns":10},{"damage":31,"enemies":"Shell Parasite","floor":18,"turns":6},{"damage":2,"enemies":"2 Thieves","floor":21,"turns":4},{"damage":11,"enemies":"Centurion and Healer","floor":22,"turns":8},{"damage":0,"enemies":"Shelled Parasite and Fungi","floor":29,"turns":7},{"damage":25,"enemies":"Masked Bandits","floor":30,"turns":4},{"damage":12,"enemies":"Snecko","floor":31,"turns":6},{"damage":61,"enemies":"Automaton","floor":33,"turns":6}],"seed_played":"-1496052764198351801","potions_obtained":[{"floor":5,"key":"Ancient Potion"},{"floor":7,"key":"FocusPotion"},{"floor":16,"key":"GamblersBrew"},{"floor":22,"key":"GamblersBrew"},{"floor":30,"key":"Ancient Potion"},{"floor":31,"key":"Block Potion"}],"is_trial":false,"path_per_floor":["M","M","$","M","M","R","E","M","T","M","R","?","M","E","R","B",null,"M","?","T","M","M","R","?","$","T","?","R","M","?","M","R","B"],"character_chosen":"DEFECT","items_purchased":["Biased Cognition","SpeedPotion","Echo Form+1","Barrage","Sadistic Nature+1"],"campfire_rested":4,"item_purchase_floors":[3,3,25,25,25],"current_hp_per_floor":[68,65,65,61,49,49,36,26,26,26,48,44,42,26,48,28,63,32,32,32,30,19,30,30,30,30,30,30,30,17,17,28,0],"gold":89,"neow_bonus":"BOSS_RELIC","is_prod":false,"is_daily":false,"chose_seed":false,"campfire_upgraded":2,"win_rate":0,"timestamp":1568375055,"path_taken":["M","?","$","M","M","R","E","M","T","?","R","?","M","E","R","BOSS","M","?","?","M","M","R","?","$","T","?","R","M","?","M","R","BOSS"],"build_version":"2019-07-17","purchased_purges":0,"victory":false,"max_hp_per_floor":[75,75,75,75,75,75,75,75,75,75,75,75,75,75,75,75,75,75,37,37,37,37,37,37,37,37,37,37,37,37,37,37,37],"card_choices":[{"not_picked":["Compile Driver","Conserve Battery"],"picked":"Cold Snap","floor":1},{"not_picked":["Redo","Chill"],"picked":"Rip and Tear","floor":2},{"not_picked":["Reinforced Body","Ball Lightning"],"picked":"White Noise","floor":4},{"not_picked":["Leap","Biased Cognition"],"picked":"Conserve Battery","floor":5},{"not_picked":["Steam Power","Tempest"],"picked":"Sweeping Beam","floor":7},{"not_picked":["Stack","Ball Lightning"],"picked":"Gash","floor":8},{"not_picked":["Cold Snap","Barrage"],"picked":"Gash","floor":10},{"not_picked":["Coolheaded","Consume"],"picked":"Go for the Eyes","floor":12},{"not_picked":["Redo","Sweeping Beam"],"picked":"Multi-Cast","floor":13},{"not_picked":["Hello World+1","Cold Snap"],"picked":"Capacitor+1","floor":14},{"not_picked":["Fission","Biased Cognition+1"],"picked":"Core Surge","floor":16},{"not_picked":["Cold Snap","Gash"],"picked":"Doom and Gloom+1","floor":18},{"not_picked":["Auto Shields","FTL"],"picked":"Chaos","floor":21},{"not_picked":["Streamline+1","Go for the Eyes"],"picked":"Defragment+1","floor":22},{"not_picked":["Redo","Hello World+1","Chaos"],"picked":"SKIP","floor":29},{"not_picked":["Recycle","Leap"],"picked":"Compile Driver+1","floor":30},{"not_picked":["Compile Driver","Sweeping Beam+1"],"picked":"Consume","floor":31}],"player_experience":654082,"relics_obtained":[{"floor":7,"key":"Bronze Scales"},{"floor":9,"key":"Letter Opener"},{"floor":12,"key":"Frozen Egg 2"},{"floor":14,"key":"Ancient Tea Set"},{"floor":20,"key":"Bag of Marbles"},{"floor":26,"key":"Bottled Lightning"},{"floor":30,"key":"Red Mask"}],"event_choices":[{"damage_healed":0,"gold_gain":30,"player_choice":"Searched \u00272\u0027 times","damage_taken":0,"max_hp_gain":0,"max_hp_loss":0,"event_name":"Dead Adventurer","floor":12,"gold_loss":0},{"damage_healed":0,"gold_gain":0,"player_choice":"Became a Ghost","damage_taken":0,"max_hp_gain":0,"max_hp_loss":38,"event_name":"Ghosts","floor":19,"gold_loss":0,"cards_obtained":["Ghostly","Ghostly","Ghostly","Ghostly","Ghostly"]},{"damage_healed":0,"gold_gain":0,"player_choice":"Obtained Relic","damage_taken":0,"relics_obtained":["Meat on the Bone"],"max_hp_gain":0,"max_hp_loss":0,"event_name":"Addict","floor":24,"gold_loss":85},{"cards_removed":["Strike_B"],"damage_healed":0,"gold_gain":0,"player_choice":"Elegance","damage_taken":0,"max_hp_gain":0,"max_hp_loss":0,"event_name":"Back to Basics","floor":27,"gold_loss":0},{"damage_healed":0,"gold_gain":0,"player_choice":"Fought Bandits","damage_taken":0,"max_hp_gain":0,"max_hp_loss":0,"event_name":"Masked Bandits","floor":30,"gold_loss":0}],"is_beta":false,"boss_relics":[{"not_picked":["Velvet Choker","Snecko Eye"],"picked":"Inserter"}],"items_purged_floors":[],"is_endless":false,"potions_floor_spawned":[5,7,8,10,16,22,30,31],"killed_by":"Automaton","ascension_level":7}