{"gold_per_floor":[214,214,229,229,239,265,34,34,34,34,53,53,128,143,143,241,291,307,0,0,12,30,30],"floor_reached":23,"playtime":727,"items_purged":["Decay"],"score":216,"play_id":"98f1a40f-3515-4df5-aa3b-3a56e18947e6","local_time":"20190306082048","is_ascension_mode":false,"campfire_choices":[{"data":"Bash","floor":8.0,"key":"SMITH"},{"floor":15.0,"key":"REST"}],"neow_cost":"NONE","seed_source_timestamp":0,"circlet_count":0,"master_deck":["Strike_R","Strike_R","Strike_R","Strike_R","Strike_R","Defend_R","Defend_R","Defend_R","Bash+1","Flex+1","Feed","Cleave","Flex","Limit Break","Heavy Blade","Heavy Blade"],"special_seed":0,"relics":["Burning Blood","Paper Frog","Bag of Preparation","Girya","Tiny House"],"potions_floor_usage":[],"damage_taken":[{"damage":0.0,"enemies":"2 Louse","floor":1.0,"turns":3.0},{"damage":8.0,"enemies":"Cultist","floor":3.0,"turns":3.0},{"damage":11.0,"enemies":"Jaw Worm","floor":5.0,"turns":3.0},{"damage":35.0,"enemies":"Lagavulin","floor":6.0,"turns":7.0},{"damage":0.0,"enemies":"Lots of Slimes","floor":11.0,"turns":1.0},{"damage":5.0,"enemies":"Exordium Thugs","floor":14.0,"turns":3.0},{"damage":50.0,"enemies":"Slime Boss","floor":16.0,"turns":12.0},{"damage":48,"enemies":"Spheric Guardian","floor":18,"turns":6},{"damage":10,"enemies":"Chosen","floor":21,"turns":4},{"damage":51,"enemies":"Centurion and Healer","floor":22,"turns":7},{"damage":16,"enemies":"Cultist and Chosen","floor":23,"turns":4}],"seed_played":"2126099138338259624","potions_obtained":[{"floor":1.0,"key":"SteroidPotion"},{"floor":6.0,"key":"GamblersBrew"},{"floor":11.0,"key":"BloodPotion"}],"is_trial":false,"path_per_floor":["M","?","M","?","M","E","$","R","T","$","M","$","?","M","R","B",null,"M","?","?","M","M","M"],"character_chosen":"IRONCLAD","items_purchased":["Bag of Preparation"],"campfire_rested":1,"item_purchase_floors":[7],"current_hp_per_floor":[80,80,78,78,73,47,47,47,47,47,53,53,42,46,71,27,91,52,52,52,51,9,0],"gold":30,"neow_bonus":"HUNDRED_GOLD","is_prod":false,"is_daily":false,"chose_seed":false,"campfire_upgraded":1,"win_rate":0,"timestamp":1551820848,"path_taken":["M","?","?","?","M","E","$","R","T","$","?","?","?","M","R","BOSS","BOSS","M","?","?","M","M","M"],"build_version":"2019-01-23","purchased_purges":1,"victory":false,"max_hp_per_floor":[80,80,80,80,80,83,83,83,83,83,83,83,83,86,86,86,91,94,94,94,97,100,100],"card_choices":[{"not_picked":["Battle Trance","Wild Strike","Headbutt"],"picked":"SKIP","floor":1.0},{"not_picked":["Disarm","Flame Barrier"],"picked":"Flex","floor":3.0},{"not_picked":["Headbutt","Twin Strike"],"picked":"Cleave","floor":5.0},{"not_picked":["Evolve","Second Wind"],"picked":"Flex","floor":6.0},{"not_picked":["Armaments","Dropkick","Perfected Strike"],"picked":"SKIP","floor":11.0},{"not_picked":["Seeing Red","Pummel","True Grit"],"picked":"SKIP","floor":14.0},{"not_picked":["Juggernaut","Barricade"],"picked":"Limit Break","floor":16},{"not_picked":["Body Slam","Havoc","Corruption+1"],"picked":"SKIP","floor":18},{"not_picked":["Shrug It Off","Fire Breathing"],"picked":"Heavy Blade","floor":21},{"not_picked":["Wild Strike","Headbutt"],"picked":"Heavy Blade","floor":22}],"player_experience":214236,"relics_obtained":[{"floor":6.0,"key":"Paper Frog"},{"floor":9.0,"key":"Girya"}],"event_choices":[{"damage_healed":0.0,"max_hp_gain":0.0,"max_hp_loss":0.0,"gold_gain":0.0,"event_name":"Wheel of Change","player_choice":"Cursed","floor":2.0,"gold_loss":0.0,"damage_taken":0.0,"cards_obtained":["Decay"]},{"damage_healed":0.0,"max_hp_gain":0.0,"max_hp_loss":0.0,"gold_gain":0.0,"cards_transformed":["Defend_R"],"event_name":"Transmorgrifier","player_choice":"Transformed","floor":4.0,"gold_loss":0.0,"damage_taken":0.0,"cards_obtained":["Feed"]},{"damage_healed":0.0,"max_hp_gain":0.0,"max_hp_loss":0.0,"gold_gain":75.0,"event_name":"World of Goop","player_choice":"Gather Gold","floor":13.0,"gold_loss":0.0,"damage_taken":11.0},{"damage_healed":0,"gold_gain":0,"player_choice":"Paid Fearfully","damage_taken":0,"max_hp_gain":0,"max_hp_loss":0,"event_name":"Masked Bandits","floor":19,"gold_loss":307},{"damage_healed":0,"gold_gain":0,"player_choice":"Ignored","damage_taken":0,"max_hp_gain":0,"max_hp_loss":0,"event_name":"Transmorgrifier","floor":20,"gold_loss":0}],"is_beta":false,"boss_relics":[{"not_picked":["Fusion Hammer","Pandora\u0027s Box"],"picked":"Tiny House"}],"items_purged_floors":[7],"is_endless":false,"potions_floor_spawned":[1,6,11,18,22],"killed_by":"Cultist and Chosen","ascension_level":0}