{"gold_per_floor":[119,132,149,161,161,195,195,220,220,231,62,72,72,98,98,169,169,179,179,17,17,37,37,64,64,64,64,78,97,12,43,55,146,158,182,204,227,239,251,263,275,287,299,323,335,36,55,68,68,68],"floor_reached":51,"playtime":6482,"items_purged":["Writhe","Injury"],"score":1645,"play_id":"d18b581d-6f7d-49ec-af1f-27a988ec87f9","local_time":"20190925013531","is_ascension_mode":true,"campfire_choices":[{"floor":7.0,"key":"REST"},{"data":"Buffer","floor":13.0,"key":"SMITH"},{"data":"Sunder","floor":15.0,"key":"SMITH"},{"data":"Multi-Cast","floor":23.0,"key":"SMITH"},{"data":"Reinforced Body","floor":25.0,"key":"SMITH"},{"data":"Conserve Battery","floor":27.0,"key":"SMITH"},{"data":"Glacier","floor":32.0,"key":"SMITH"},{"data":"Buffer","floor":40,"key":"SMITH"},{"data":"Loop","floor":42,"key":"SMITH"},{"data":"Reinforced Body","floor":45,"key":"SMITH"},{"data":"Redo","floor":49,"key":"SMITH"}],"neow_cost":"NONE","seed_source_timestamp":1388751513538940,"circlet_count":0,"master_deck":["AscendersBane","Strike_B+1","Strike_B+1","Strike_B+1","Defend_B+1","Defend_B+1","Defend_B+1","Defend_B+1","Zap","Dualcast","Sunder+1","Doom and Gloom+1","FTL","Ball Lightning+1","Biased Cognition","Buffer+1","Streamline","Conserve Battery+1","Seek","Multi-Cast+1","Genetic Algorithm","Genetic Algorithm","Reinforced Body+1","Streamline","Glacier+1","Buffer+1","Reinforced Body+1","Loop+1","Redo+1"],"special_seed":0,"relics":["Cursed Key","Happy Flower","Mercury Hourglass","Bottled Tornado","Omamori","Unceasing Top","Snecko Eye","Blood Vial","Whetstone","Meat on the Bone","MawBank","Runic Dome","Incense Burner","HandDrill"],"potions_floor_usage":[48,50],"damage_taken":[{"damage":2.0,"enemies":"Jaw Worm","floor":1.0,"turns":3.0},{"damage":7.0,"enemies":"Small Slimes","floor":2.0,"turns":3.0},{"damage":2.0,"enemies":"2 Louse","floor":3.0,"turns":3.0},{"damage":0.0,"enemies":"Large Slime","floor":4.0,"turns":4.0},{"damage":25.0,"enemies":"Lagavulin","floor":6.0,"turns":5.0},{"damage":10.0,"enemies":"Gremlin Nob","floor":8.0,"turns":3.0},{"damage":0.0,"enemies":"3 Louse","floor":10.0,"turns":2.0},{"damage":1.0,"enemies":"Looter","floor":12.0,"turns":3.0},{"damage":0.0,"enemies":"Lagavulin","floor":14.0,"turns":5.0},{"damage":0.0,"enemies":"Slime Boss","floor":16.0,"turns":5.0},{"damage":0.0,"enemies":"2 Thieves","floor":18.0,"turns":2.0},{"damage":0.0,"enemies":"Chosen","floor":22.0,"turns":4.0},{"damage":10.0,"enemies":"Gremlin Leader","floor":24.0,"turns":4.0},{"damage":0.0,"enemies":"Sentry and Sphere","floor":28.0,"turns":3.0},{"damage":0.0,"enemies":"Centurion and Healer","floor":29.0,"turns":6.0},{"damage":0.0,"enemies":"Cultist and Chosen","floor":31.0,"turns":5.0},{"damage":0.0,"enemies":"Champ","floor":33.0,"turns":8.0},{"damage":0.0,"enemies":"Orb Walker","floor":35.0,"turns":4.0},{"damage":11.0,"enemies":"3 Darklings","floor":36.0,"turns":5.0},{"damage":0.0,"enemies":"Writhing Mass","floor":37.0,"turns":5.0},{"damage":0,"enemies":"Maw","floor":44,"turns":7},{"damage":0,"enemies":"Jaw Worm Horde","floor":47,"turns":6},{"damage":0,"enemies":"Transient","floor":48,"turns":6},{"damage":0,"enemies":"Donu and Deca","floor":50,"turns":7}],"seed_played":"-3064388578285898589","potions_obtained":[{"floor":1.0,"key":"SkillPotion"},{"floor":3.0,"key":"Explosive Potion"},{"floor":8.0,"key":"Swift Potion"},{"floor":16.0,"key":"FocusPotion"},{"floor":22.0,"key":"GamblersBrew"},{"floor":29.0,"key":"SpeedPotion"},{"floor":31.0,"key":"AttackPotion"},{"floor":35.0,"key":"AttackPotion"},{"floor":37.0,"key":"Regen Potion"},{"floor":48,"key":"FocusPotion"}],"is_trial":false,"path_per_floor":["M","M","M","M","?","E","R","E","T","M","$","M","R","E","R","B",null,"M","?","$","?","M","R","E","R","T","R","M","M","?","M","R","B",null,"M","M","M","?","?","R","?","R","T","M","R","$","M","M","R","B",null],"character_chosen":"DEFECT","items_purchased":["Omamori","Genetic Algorithm","HandDrill"],"campfire_rested":1,"item_purchase_floors":[11,20,46],"current_hp_per_floor":[62,55,53,53,53,28,49,39,39,39,39,38,38,38,38,38,63,63,63,63,63,65,65,57,57,57,57,59,61,61,63,63,65,70,71,60,62,62,62,62,62,62,62,64,64,64,66,67,67,67],"gold":68,"neow_bonus":"BOSS_RELIC","is_prod":false,"is_daily":false,"chose_seed":false,"campfire_upgraded":10,"win_rate":0,"timestamp":1569389731,"path_taken":["M","M","M","M","?","E","R","E","T","M","$","M","R","E","R","BOSS","M","?","$","?","M","R","E","R","T","R","M","M","?","M","R","BOSS","M","M","M","?","?","R","?","R","T","?","R","$","M","M","R","BOSS"],"build_version":"2019-07-17","purchased_purges":2,"victory":true,"max_hp_per_floor":[71,71,71,71,71,71,71,71,71,71,71,71,71,71,71,71,71,71,71,71,71,71,71,71,71,71,71,71,71,71,71,71,71,71,71,71,71,67,67,67,67,67,67,67,67,67,67,67,67,67],"card_choices":[{"not_picked":["Auto Shields","Cold Snap"],"picked":"Sunder","floor":1.0},{"not_picked":["Compile Driver","Redo"],"picked":"Doom and Gloom","floor":2.0},{"not_picked":["Compile Driver","Hologram"],"picked":"FTL","floor":3.0},{"not_picked":["Heatsinks","Lockon"],"picked":"Ball Lightning","floor":4.0},{"not_picked":["Static Discharge","Sweeping Beam"],"picked":"Biased Cognition","floor":6.0},{"not_picked":["Go for the Eyes","Hello World"],"picked":"Buffer","floor":8.0},{"not_picked":["Aggregate","Coolheaded"],"picked":"Streamline","floor":10.0},{"not_picked":["Rebound","Ball Lightning"],"picked":"Conserve Battery","floor":12.0},{"not_picked":["Turbo","Rebound"],"picked":"Seek","floor":14.0},{"not_picked":["Creative AI","Hyperbeam"],"picked":"Multi-Cast","floor":16.0},{"not_picked":["Blizzard","Hello World","Rebound"],"picked":"SKIP","floor":18.0},{"not_picked":["Leap","Ball Lightning"],"picked":"Genetic Algorithm","floor":22.0},{"not_picked":["Reboot","Blizzard"],"picked":"Reinforced Body","floor":24.0},{"not_picked":["Ball Lightning","Beam Cell"],"picked":"Streamline","floor":28.0},{"not_picked":["Coolheaded","Rebound"],"picked":"Glacier","floor":29.0},{"not_picked":["Aggregate","Steam+1","Gash"],"picked":"SKIP","floor":31.0},{"not_picked":["Thunder Strike","All For One"],"picked":"Buffer","floor":33.0},{"not_picked":["Ball Lightning","Genetic Algorithm+1"],"picked":"Reinforced Body","floor":35.0},{"not_picked":["Cold Snap","Gash+1","Steam"],"picked":"SKIP","floor":36.0},{"not_picked":["Barrage","Conserve Battery"],"picked":"Loop","floor":37.0},{"not_picked":["Consume","Steam","Ball Lightning"],"picked":"SKIP","floor":44},{"not_picked":["Beam Cell","Stack","Compile Driver+1"],"picked":"SKIP","floor":47},{"not_picked":["Sweeping Beam","Gash+1"],"picked":"Redo","floor":48}],"player_experience":402002,"relics_obtained":[{"floor":6.0,"key":"Happy Flower"},{"floor":8.0,"key":"Mercury Hourglass"},{"floor":9.0,"key":"Bottled Tornado"},{"floor":14.0,"key":"Unceasing Top"},{"floor":24.0,"key":"Whetstone"},{"floor":26.0,"key":"Meat on the Bone"},{"floor":43,"key":"Incense Burner"}],"event_choices":[{"damage_healed":0.0,"max_hp_gain":0.0,"max_hp_loss":0.0,"gold_gain":0.0,"event_name":"Liars Game","player_choice":"Ignored","floor":5.0,"gold_loss":0.0,"damage_taken":0.0},{"damage_healed":0.0,"max_hp_gain":0.0,"max_hp_loss":0.0,"gold_gain":0.0,"event_name":"The Mausoleum","player_choice":"Opened","floor":19.0,"gold_loss":0.0,"damage_taken":0.0,"relics_obtained":["Blood Vial"],"cards_obtained":["Writhe"]},{"damage_healed":0.0,"max_hp_gain":0.0,"max_hp_loss":0.0,"gold_gain":0.0,"event_name":"Back to Basics","player_choice":"Simplicity","floor":21.0,"gold_loss":0.0,"damage_taken":0.0,"cards_upgraded":["Strike_B","Strike_B","Strike_B","Strike_B","Defend_B","Defend_B","Defend_B","Defend_B"]},{"damage_healed":0.0,"max_hp_gain":0.0,"max_hp_loss":0.0,"gold_gain":0.0,"event_name":"Addict","player_choice":"Obtained Relic","floor":30.0,"gold_loss":85.0,"damage_taken":0.0,"relics_obtained":["MawBank"]},{"damage_healed":0.0,"max_hp_gain":0.0,"max_hp_loss":4.0,"gold_gain":0.0,"event_name":"Winding Halls","player_choice":"Max HP","floor":38.0,"gold_loss":0.0,"damage_taken":0.0},{"damage_healed":0,"gold_gain":0,"player_choice":"Ignored","damage_taken":0,"max_hp_gain":0,"max_hp_loss":0,"event_name":"Tomb of Lord Red Mask","floor":39,"gold_loss":0},{"cards_removed":["Strike_B"],"damage_healed":0,"gold_gain":0,"player_choice":"Purged","damage_taken":0,"max_hp_gain":0,"max_hp_loss":0,"event_name":"Purifier","floor":41,"gold_loss":0}],"is_beta":false,"boss_relics":[{"not_picked":["Coffee Dripper","White Beast Statue"],"picked":"Snecko Eye"},{"not_picked":["Calling Bell","Tiny House"],"picked":"Runic Dome"}],"items_purged_floors":[20,46],"is_endless":false,"potions_floor_spawned":[1,3,8,16,22,29,31,35,37,48],"ascension_level":17}