{"gold_per_floor":[115,126,137,137,156,189,189,220,220,239,239,239,10,40,40,138,138,156,156,156,145,160,186,186,204,204,93,105,105,121,39,39,139,139,151,1150,1150,1164,238,238,253,266,266,301,301,301,45,45,45,45],"floor_reached":51,"playtime":8131,"items_purged":["Strike_R","Normality","Normality"],"score":851,"play_id":"4e5054e1-6497-4da0-acc9-7f925804503a","local_time":"20190916012620","is_ascension_mode":true,"campfire_choices":[{"floor":7,"key":"REST"},{"floor":15,"key":"REST"},{"floor":24,"key":"REST"},{"floor":29,"key":"REST"},{"floor":32,"key":"REST"},{"floor":40,"key":"REST"},{"floor":46,"key":"REST"},{"data":"Panacea","floor":49,"key":"SMITH"}],"neow_cost":"NONE","seed_source_timestamp":16869028985400,"circlet_count":0,"master_deck":["Strike_R","Strike_R","Strike_R","Strike_R","Defend_R","Defend_R","Defend_R","Defend_R","Bash","Heavy Blade","Intimidate","Cleave","Power Through","Metallicize","Inflame","Shrug It Off","Metallicize","Warcry","Barricade","Shrug It Off","Headbutt+1","Flex","Bloodletting","Armaments+1","Inflame","Metallicize","Ghostly Armor","Panacea+1","Demon Form","Combust+1","Cleave","Metallicize","Burning Pact+1","Infernal Blade+1","Flame Barrier","Trip","Writhe"],"relics":["Velvet Choker","GremlinMask","Bag of Marbles","FossilizedHelix","Girya","PreservedInsect","Bottled Tornado","Lizard Tail","Bronze Scales","Pocketwatch","Letter Opener","Sozu","Mango","Pear","Sling","Blue Candle","Incense Burner"],"potions_floor_usage":[5,30,33,33],"damage_taken":[{"damage":4,"enemies":"2 Louse","floor":1,"turns":3},{"damage":0,"enemies":"Cultist","floor":2,"turns":2},{"damage":0,"enemies":"Small Slimes","floor":3,"turns":3},{"damage":8,"enemies":"Exordium Thugs","floor":5,"turns":5},{"damage":52,"enemies":"Lagavulin","floor":6,"turns":9},{"damage":16,"enemies":"Gremlin Nob","floor":8,"turns":5},{"damage":0,"enemies":"Lots of Slimes","floor":10,"turns":3},{"damage":0,"enemies":"3 Sentries","floor":14,"turns":5},{"damage":39,"enemies":"The Guardian","floor":16,"turns":13},{"damage":10,"enemies":"Shell Parasite","floor":18,"turns":8},{"damage":9,"enemies":"2 Thieves","floor":21,"turns":4},{"damage":0,"enemies":"Chosen and Byrds","floor":22,"turns":6},{"damage":19,"enemies":"Gremlin Leader","floor":23,"turns":7},{"damage":0,"enemies":"Snecko","floor":25,"turns":9},{"damage":17,"enemies":"3 Cultists","floor":28,"turns":7},{"damage":0,"enemies":"Chosen and Byrds","floor":30,"turns":7},{"damage":53,"enemies":"Automaton","floor":33,"turns":17},{"damage":12,"enemies":"Orb Walker","floor":35,"turns":6},{"damage":14,"enemies":"3 Shapes","floor":38,"turns":7},{"damage":0,"enemies":"Maw","floor":41,"turns":8},{"damage":66,"enemies":"Transient","floor":42,"turns":5},{"damage":73,"enemies":"Reptomancer","floor":44,"turns":7},{"damage":51,"enemies":"Donu and Deca","floor":50,"turns":10}],"seed_played":"-8057315102974384974","potions_obtained":[{"floor":1,"key":"Explosive Potion"},{"floor":5,"key":"Ancient Potion"},{"floor":6,"key":"Swift Potion"},{"floor":10,"key":"Dexterity Potion"},{"floor":16,"key":"FearPotion"},{"floor":22,"key":"Weak Potion"},{"floor":23,"key":"Block Potion"},{"floor":25,"key":"EssenceOfSteel"}],"is_trial":false,"path_per_floor":["M","M","M","?","M","E","R","E","T","M","?","?","$","E","R","B",null,"M","?","?","M","M","E","R","M","T","$","M","R","M","$","R","B",null,"M","?","?","M","$","R","M","M","T","E","?","R","$","?","R","B",null],"character_chosen":"IRONCLAD","items_purchased":["PreservedInsect","Metallicize","Inflame","Panacea","Mango","Pear","Sling","Metallicize","Flame Barrier","Trip"],"campfire_rested":7,"item_purchase_floors":[13,13,27,31,39,39,39,39,47,47],"current_hp_per_floor":[76,76,76,76,68,16,40,24,24,24,44,37,37,37,60,21,77,67,53,53,44,44,25,49,49,49,49,32,56,56,56,80,27,82,70,70,70,56,80,106,106,40,40,44,44,75,75,102,102,51],"gold":45,"neow_bonus":"BOSS_RELIC","is_prod":false,"is_daily":false,"chose_seed":false,"campfire_upgraded":1,"win_rate":0,"timestamp":1568615180,"path_taken":["M","M","M","?","M","E","R","E","T","?","?","?","$","E","R","BOSS","M","?","?","?","M","E","R","M","T","?","M","R","M","$","R","BOSS","M","?","?","?","$","R","M","M","T","E","?","R","$","?","R","BOSS"],"build_version":"2019-07-17","purchased_purges":3,"victory":true,"max_hp_per_floor":[80,80,80,80,80,80,80,80,80,80,80,77,77,77,77,77,77,77,82,82,82,82,82,82,82,82,82,82,82,82,82,82,82,82,82,82,82,82,106,106,106,106,106,106,106,106,106,106,106,106],"card_choices":[{"not_picked":["Dropkick","Havoc"],"picked":"Heavy Blade","floor":1},{"not_picked":["Sword Boomerang","Warcry"],"picked":"Intimidate","floor":2},{"not_picked":["Battle Trance","Iron Wave"],"picked":"Cleave","floor":3},{"not_picked":["Body Slam","Warcry"],"picked":"Power Through","floor":5},{"not_picked":["Barricade","Double Tap"],"picked":"Metallicize","floor":6},{"not_picked":["Shrug It Off","Cleave"],"picked":"Inflame","floor":8},{"not_picked":["Heavy Blade","Wild Strike"],"picked":"Shrug It Off","floor":10},{"not_picked":["True Grit","Shrug It Off"],"picked":"Warcry","floor":14},{"not_picked":["Immolate","Offering"],"picked":"Barricade","floor":16},{"not_picked":["Clothesline+1","Burning Pact+1"],"picked":"Shrug It Off","floor":18},{"not_picked":["Whirlwind","Perfected Strike"],"picked":"Headbutt+1","floor":21},{"not_picked":["Pummel+1","Uppercut"],"picked":"Flex","floor":22},{"not_picked":["Clothesline","True Grit"],"picked":"Bloodletting","floor":23},{"not_picked":["Sever Soul+1","Perfected Strike"],"picked":"Armaments","floor":25},{"not_picked":["Perfected Strike","Burning Pact"],"picked":"Metallicize","floor":28},{"not_picked":["Flex+1","Brutality"],"picked":"Ghostly Armor","floor":30},{"not_picked":["Feed","Offering"],"picked":"Demon Form","floor":33},{"not_picked":["Uppercut","Disarm"],"picked":"Combust+1","floor":35},{"not_picked":["Feel No Pain+1","Sword Boomerang+1"],"picked":"Cleave","floor":38},{"not_picked":["Clash+1","Shrug It Off","Thunderclap"],"picked":"SKIP","floor":41},{"not_picked":["Clothesline","Wild Strike"],"picked":"Burning Pact+1","floor":42},{"not_picked":["Headbutt","Reckless Charge+1"],"picked":"Infernal Blade+1","floor":44}],"player_experience":211289,"relics_obtained":[{"floor":6,"key":"Bag of Marbles"},{"floor":8,"key":"FossilizedHelix"},{"floor":9,"key":"Girya"},{"floor":14,"key":"Bottled Tornado"},{"floor":23,"key":"Pocketwatch"},{"floor":26,"key":"Letter Opener"},{"floor":43,"key":"Blue Candle"},{"floor":44,"key":"Incense Burner"}],"event_choices":[{"damage_healed":0,"gold_gain":0,"player_choice":"Trade","damage_taken":0,"relics_obtained":["GremlinMask"],"max_hp_gain":0,"max_hp_loss":0,"event_name":"FaceTrader","floor":4,"gold_loss":0},{"damage_healed":20,"gold_gain":0,"player_choice":"Healed and dodged fight","damage_taken":0,"max_hp_gain":0,"max_hp_loss":0,"event_name":"Mushrooms","floor":11,"gold_loss":0,"cards_obtained":["Parasite"]},{"cards_removed":["Parasite"],"damage_healed":0,"gold_gain":0,"player_choice":"Card Removal","damage_taken":7,"max_hp_gain":0,"max_hp_loss":0,"event_name":"Golden Wing","floor":12,"gold_loss":0},{"damage_healed":0,"gold_gain":0,"player_choice":"Shed Blood","damage_taken":19,"max_hp_gain":5,"max_hp_loss":0,"event_name":"Forgotten Altar","floor":19,"gold_loss":0},{"damage_healed":0,"gold_gain":0,"player_choice":"Gave Potion","damage_taken":0,"relics_obtained":["Bronze Scales"],"max_hp_gain":0,"max_hp_loss":0,"event_name":"WeMeetAgain","floor":20,"gold_loss":0},{"damage_healed":0,"gold_gain":999,"player_choice":"Gold","damage_taken":0,"max_hp_gain":0,"max_hp_loss":0,"event_name":"MindBloom","floor":36,"gold_loss":0,"cards_obtained":["Normality","Normality"]},{"damage_healed":0,"gold_gain":0,"player_choice":"Upgraded","damage_taken":0,"max_hp_gain":0,"max_hp_loss":0,"event_name":"Upgrade Shrine","floor":37,"gold_loss":0,"cards_upgraded":["Armaments"]},{"damage_healed":0,"gold_gain":0,"player_choice":"Ignored","damage_taken":0,"max_hp_gain":0,"max_hp_loss":0,"event_name":"Tomb of Lord Red Mask","floor":45,"gold_loss":0},{"damage_healed":27,"gold_gain":0,"player_choice":"Writhe","damage_taken":0,"max_hp_gain":0,"max_hp_loss":0,"event_name":"Winding Halls","floor":48,"gold_loss":0,"cards_obtained":["Writhe"]}],"is_beta":false,"boss_relics":[{"not_picked":["White Beast Statue","Coffee Dripper"],"picked":"Lizard Tail"},{"not_picked":["Runic Dome","Runic Pyramid"],"picked":"Sozu"}],"items_purged_floors":[27,39,47],"is_endless":false,"potions_floor_spawned":[1,5,6,10,16,22,23,25,38,41,42],"ascension_level":1}