{"gold_per_floor":[116,116,116,64,64,64,92,105,105,105,125,125,142,176,176,279,279,298,308,308,308,328,346,359,376,428,440,462,38,48,81,81,180,180,190,45,63,82,82,82],"floor_reached":41,"playtime":2469,"items_purged":["Strike_G"],"score":625,"play_id":"de596f98-ab2a-469f-b686-e609860da1a4","local_time":"20190923182835","is_ascension_mode":false,"campfire_choices":[{"floor":6,"key":"REST"},{"data":"Well Laid Plans","floor":10,"key":"SMITH"},{"data":"Dodge and Roll","floor":15,"key":"SMITH"},{"data":"Blade Dance","floor":27,"key":"SMITH"},{"data":"Dash","floor":32,"key":"SMITH"}],"neow_cost":"NONE","seed_source_timestamp":927731017990800,"circlet_count":0,"master_deck":["Strike_G+1","Strike_G","Strike_G","Defend_G","Defend_G","Defend_G","Defend_G+1","Defend_G","Survivor","Neutralize+1","Dagger Throw","Slice","Well Laid Plans+1","Blade Dance+1","Dodge and Roll+1","Dash+1","After Image","Flying Knee","After Image","Writhe","Dodge and Roll+1","Caltrops+1","Dagger Spray","Skewer+1","Adrenaline","Cloak And Dagger+1","Tools of the Trade","Footwork"],"relics":["Ring of the Snake","Boot","Vajra","Nunchaku","Gremlin Horn","Mummified Hand","Coffee Dripper","Ninja Scroll","MawBank","Lee\u0027s Waffle","Ornamental Fan","Runic Pyramid","Bronze Scales"],"potions_floor_usage":[7,28,40,40],"damage_taken":[{"damage":2,"enemies":"Small Slimes","floor":1,"turns":5},{"damage":14,"enemies":"3 Sentries","floor":7,"turns":9},{"damage":0,"enemies":"Jaw Worm","floor":8,"turns":3},{"damage":0,"enemies":"2 Louse","floor":11,"turns":2},{"damage":0,"enemies":"Blue Slaver","floor":13,"turns":3},{"damage":6,"enemies":"Lagavulin","floor":14,"turns":6},{"damage":24,"enemies":"Hexaghost","floor":16,"turns":15},{"damage":0,"enemies":"3 Byrds","floor":18,"turns":5},{"damage":0,"enemies":"Shell Parasite","floor":19,"turns":5},{"damage":1,"enemies":"Snake Plant","floor":22,"turns":5},{"damage":6,"enemies":"Cultist and Chosen","floor":23,"turns":7},{"damage":0,"enemies":"Centurion and Healer","floor":24,"turns":8},{"damage":0,"enemies":"Sentry and Sphere","floor":25,"turns":5},{"damage":12,"enemies":"Snake Plant","floor":28,"turns":5},{"damage":2,"enemies":"Centurion and Healer","floor":30,"turns":5},{"damage":4,"enemies":"Book of Stabbing","floor":31,"turns":4},{"damage":56,"enemies":"Champ","floor":33,"turns":15},{"damage":0,"enemies":"3 Darklings","floor":35,"turns":4},{"damage":0,"enemies":"3 Shapes","floor":37,"turns":3},{"damage":3,"enemies":"Spire Growth","floor":38,"turns":5},{"damage":17,"enemies":"Awakened One","floor":40,"turns":18}],"seed_played":"-2170553374677527739","potions_obtained":[{"floor":1,"key":"Block Potion"},{"floor":8,"key":"Swift Potion"},{"floor":13,"key":"Swift Potion"},{"floor":19,"key":"Regen Potion"},{"floor":23,"key":"Ancient Potion"},{"floor":24,"key":"AttackPotion"},{"floor":25,"key":"GamblersBrew"},{"floor":37,"key":"Dexterity Potion"},{"floor":38,"key":"Explosive Potion"}],"is_trial":false,"path_per_floor":["M","?","?","$","?","R","E","M","T","R","M","?","M","E","R","B",null,"M","M","?","?","M","M","M","M","T","R","M","$","M","E","R","B",null,"M","$","M","M","?","B",null],"character_chosen":"THE_SILENT","items_purchased":["Slice","Lee\u0027s Waffle","Adrenaline","Bronze Scales"],"campfire_rested":1,"item_purchase_floors":[4,29,29,36],"current_hp_per_floor":[68,54,47,47,47,68,54,54,54,54,54,47,47,41,41,17,70,70,70,70,70,69,63,63,63,63,63,60,77,75,71,71,15,77,77,77,77,74,74,57],"gold":82,"neow_bonus":"RANDOM_COMMON_RELIC","is_prod":false,"is_daily":false,"chose_seed":false,"campfire_upgraded":4,"win_rate":0.0,"timestamp":1569227315,"path_taken":["M","?","?","$","?","R","E","?","T","R","M","?","M","E","R","BOSS","M","M","?","?","M","?","?","M","T","R","M","$","M","E","R","BOSS","M","$","M","M","?","BOSS"],"build_version":"2019-07-17","purchased_purges":1,"victory":true,"max_hp_per_floor":[70,70,70,70,70,70,70,70,70,70,70,70,70,70,70,70,70,70,70,70,70,70,70,70,70,70,70,70,77,77,77,77,77,77,77,77,77,77,77,77],"card_choices":[{"not_picked":["Concentrate","Sucker Punch"],"picked":"Dagger Throw","floor":1},{"not_picked":["Reflex","Setup","Slice"],"picked":"SKIP","floor":7},{"not_picked":["Dagger Throw","Accuracy"],"picked":"Well Laid Plans","floor":8},{"not_picked":["Outmaneuver","Underhanded Strike"],"picked":"Blade Dance","floor":11},{"not_picked":["Setup","Bane"],"picked":"Dodge and Roll","floor":13},{"not_picked":["Well Laid Plans","Bullet Time"],"picked":"Dash","floor":14},{"not_picked":["Storm of Steel","Envenom"],"picked":"After Image","floor":16},{"not_picked":["Prepared","Quick Slash"],"picked":"Flying Knee","floor":18},{"not_picked":["Slice","Underhanded Strike"],"picked":"After Image","floor":19},{"not_picked":["Blur+1","Blade Dance+1"],"picked":"Dodge and Roll+1","floor":22},{"not_picked":["Deadly Poison","Endless Agony"],"picked":"Caltrops+1","floor":23},{"not_picked":["Flying Knee","Catalyst"],"picked":"Dagger Spray","floor":24},{"not_picked":["Poisoned Stab","Dodge and Roll","Sucker Punch"],"picked":"SKIP","floor":25},{"not_picked":["Dagger Spray","Wraith Form v2"],"picked":"Skewer+1","floor":28},{"not_picked":["Prepared+1","Blur"],"picked":"Cloak And Dagger+1","floor":30},{"not_picked":["Quick Slash","Heel Hook+1","Sucker Punch"],"picked":"SKIP","floor":31},{"not_picked":["Corpse Explosion","Adrenaline"],"picked":"Tools of the Trade","floor":33},{"not_picked":["Quick Slash+1","Acrobatics","Blade Dance"],"picked":"SKIP","floor":35},{"not_picked":["Bane","Cloak And Dagger","Poisoned Stab"],"picked":"SKIP","floor":37},{"not_picked":["Choke+1","Predator+1"],"picked":"Footwork","floor":38}],"player_experience":253140,"relics_obtained":[{"floor":7,"key":"Vajra"},{"floor":9,"key":"Nunchaku"},{"floor":14,"key":"Mummified Hand"},{"floor":26,"key":"MawBank"},{"floor":31,"key":"Ornamental Fan"}],"event_choices":[{"damage_healed":0,"gold_gain":0,"player_choice":"Entered Light","damage_taken":14,"max_hp_gain":0,"max_hp_loss":0,"event_name":"Shining Light","floor":2,"gold_loss":0,"cards_upgraded":["Strike_G","Defend_G"]},{"cards_removed":["Strike_G"],"damage_healed":0,"gold_gain":0,"player_choice":"Card Removal","damage_taken":7,"max_hp_gain":0,"max_hp_loss":0,"event_name":"Golden Wing","floor":3,"gold_loss":0},{"damage_healed":0,"gold_gain":0,"player_choice":"Grow","damage_taken":0,"max_hp_gain":0,"max_hp_loss":0,"event_name":"Living Wall","floor":5,"gold_loss":0,"cards_upgraded":["Neutralize"]},{"damage_healed":0,"gold_gain":0,"player_choice":"Success","damage_taken":7,"relics_obtained":["Gremlin Horn"],"max_hp_gain":0,"max_hp_loss":0,"event_name":"Scrap Ooze","floor":12,"gold_loss":0},{"damage_healed":0,"gold_gain":0,"player_choice":"Ignored","damage_taken":0,"max_hp_gain":0,"max_hp_loss":0,"event_name":"Cursed Tome","floor":20,"gold_loss":0},{"damage_healed":0,"gold_gain":0,"player_choice":"Opened","damage_taken":0,"relics_obtained":["Ninja Scroll"],"max_hp_gain":0,"max_hp_loss":0,"event_name":"The Mausoleum","floor":21,"gold_loss":0,"cards_obtained":["Writhe"]},{"damage_healed":0,"gold_gain":0,"player_choice":"Took Portal","damage_taken":0,"max_hp_gain":0,"max_hp_loss":0,"event_name":"SecretPortal","floor":39,"gold_loss":0}],"is_beta":false,"boss_relics":[{"not_picked":["Eternal Feather","Busted Crown"],"picked":"Coffee Dripper"},{"not_picked":["Fusion Hammer","HoveringKite"],"picked":"Runic Pyramid"}],"items_purged_floors":[29],"is_endless":false,"potions_floor_spawned":[1,8,13,19,23,24,25,28,37,38],"ascension_level":0}