{"gold_per_floor":[112,131,131,206,46,77,27,27,51,61,95,95,112,147,147,223,223,240,165,165,180,200,200,216,242,242,47,47,58,58,77,77,77],"floor_reached":33,"playtime":1399,"items_purged":["Normality"],"score":670,"play_id":"a81a7b1a-4ade-458c-b751-5490d66f91b3","local_time":"20190924214701","is_ascension_mode":true,"campfire_choices":[{"data":"Bouncing Flask","floor":8,"key":"SMITH"},{"floor":12,"key":"REST"},{"data":"Neutralize","floor":15,"key":"SMITH"},{"floor":23,"key":"REST"},{"floor":32,"key":"REST"}],"neow_cost":"NONE","seed_source_timestamp":1164954266105000,"circlet_count":0,"master_deck":["AscendersBane","Strike_G","Strike_G","Defend_G","Defend_G","Defend_G","Defend_G","Defend_G","Survivor","Neutralize+1","Flying Knee","Footwork","Bouncing Flask+1","Dagger Throw","Noxious Fumes","Backflip","Corpse Explosion","Riddle With Holes","Leg Sweep","Dagger Throw","Dash","PiercingWail","Venomology","Backstab","PiercingWail","Dash"],"relics":["Ring of the Snake","NeowsBlessing","Snake Skull","Pocketwatch","Potion Belt","Smiling Mask","Kunai","Cursed Key","Orichalcum","PreservedInsect","Gremlin Horn"],"potions_floor_usage":[11,14,18,22,25,29,33,33,33],"damage_taken":[{"damage":0,"enemies":"2 Louse","floor":1,"turns":1},{"damage":0,"enemies":"Small Slimes","floor":2,"turns":1},{"damage":0,"enemies":"Gremlin Nob","floor":6,"turns":1},{"damage":0,"enemies":"Jaw Worm","floor":10,"turns":3},{"damage":15,"enemies":"3 Sentries","floor":11,"turns":7},{"damage":17,"enemies":"Large Slime","floor":13,"turns":4},{"damage":8,"enemies":"Gremlin Nob","floor":14,"turns":3},{"damage":9,"enemies":"Hexaghost","floor":16,"turns":6},{"damage":4,"enemies":"Chosen","floor":18,"turns":5},{"damage":9,"enemies":"Shell Parasite","floor":21,"turns":5},{"damage":16,"enemies":"Centurion and Healer","floor":22,"turns":5},{"damage":0,"enemies":"3 Cultists","floor":24,"turns":2},{"damage":28,"enemies":"Gremlin Leader","floor":25,"turns":6},{"damage":0,"enemies":"Snecko","floor":29,"turns":5},{"damage":7,"enemies":"Centurion and Healer","floor":31,"turns":6},{"damage":50,"enemies":"Collector","floor":33,"turns":7}],"seed_played":"5446455930826492894","potions_obtained":[{"floor":2,"key":"AttackPotion"},{"floor":11,"key":"Swift Potion"},{"floor":13,"key":"SkillPotion"},{"floor":16,"key":"SkillPotion"},{"floor":18,"key":"SkillPotion"},{"floor":21,"key":"Weak Potion"},{"floor":22,"key":"Weak Potion"},{"floor":24,"key":"Swift Potion"}],"is_trial":false,"path_per_floor":["M","M","?","?","$","E","$","R","T","M","E","R","M","E","R","B",null,"M","?","?","M","M","R","M","E","T","$","?","M","?","M","R","B"],"character_chosen":"THE_SILENT","items_purchased":["Snake Skull","Dagger Throw","Regen Potion","PiercingWail"],"campfire_rested":3,"item_purchase_floors":[5,7,27,27],"current_hp_per_floor":[59,59,59,48,48,48,48,48,48,48,33,52,35,27,27,18,54,50,50,50,41,25,44,44,16,16,16,16,31,31,24,43,0],"gold":77,"neow_bonus":"THREE_ENEMY_KILL","is_prod":false,"is_daily":false,"chose_seed":false,"campfire_upgraded":2,"win_rate":0,"timestamp":1569386821,"path_taken":["M","M","?","?","$","E","?","R","T","M","E","R","M","E","R","BOSS","M","?","?","M","M","R","?","E","T","$","?","M","?","M","R","BOSS"],"build_version":"2019-07-17","purchased_purges":1,"victory":false,"max_hp_per_floor":[66,66,66,66,66,66,66,66,66,66,66,66,66,66,66,66,66,66,66,66,66,66,66,66,66,66,66,66,66,66,66,66,66],"card_choices":[{"not_picked":["Deflect","Backstab"],"picked":"Flying Knee","floor":1},{"not_picked":["Underhanded Strike","Backflip"],"picked":"Footwork","floor":2},{"not_picked":["Caltrops","Calculated Gamble"],"picked":"Bouncing Flask","floor":6},{"not_picked":["Acrobatics","Terror","Underhanded Strike"],"picked":"SKIP","floor":10},{"not_picked":["Concentrate","Prepared","Terror"],"picked":"SKIP","floor":11},{"not_picked":["PiercingWail","Endless Agony"],"picked":"Noxious Fumes","floor":13},{"not_picked":["Tactician","Eviscerate"],"picked":"Backflip","floor":14},{"not_picked":["Unload","Phantasmal Killer"],"picked":"Corpse Explosion","floor":16},{"not_picked":["Heel Hook","Deflect"],"picked":"Riddle With Holes","floor":18},{"not_picked":["Expertise","Acrobatics"],"picked":"Leg Sweep","floor":21},{"not_picked":["Terror","Escape Plan"],"picked":"Dagger Throw","floor":22},{"not_picked":["Acrobatics","All Out Attack"],"picked":"Dash","floor":24},{"not_picked":["Outmaneuver","Reflex","Unload"],"picked":"SKIP","floor":25},{"not_picked":["Flying Knee","Dodge and Roll"],"picked":"PiercingWail","floor":29},{"not_picked":["Deflect","Quick Slash"],"picked":"Dash","floor":31}],"player_experience":1328186,"relics_obtained":[{"floor":6,"key":"Pocketwatch"},{"floor":9,"key":"Potion Belt"},{"floor":11,"key":"Smiling Mask"},{"floor":14,"key":"Kunai"},{"floor":25,"key":"PreservedInsect"},{"floor":26,"key":"Gremlin Horn"}],"event_choices":[{"damage_healed":0,"gold_gain":0,"player_choice":"Ignored","damage_taken":0,"max_hp_gain":0,"max_hp_loss":0,"event_name":"Golden Wing","floor":3,"gold_loss":0},{"damage_healed":0,"gold_gain":75,"player_choice":"Gather Gold","damage_taken":11,"max_hp_gain":0,"max_hp_loss":0,"event_name":"World of Goop","floor":4,"gold_loss":0},{"cards_removed":["Strike_G"],"damage_healed":0,"gold_gain":0,"player_choice":"Gave Gold","damage_taken":0,"max_hp_gain":0,"max_hp_loss":0,"event_name":"Beggar","floor":19,"gold_loss":75},{"damage_healed":0,"gold_gain":0,"player_choice":"Gave Potion","damage_taken":0,"relics_obtained":["Orichalcum"],"max_hp_gain":0,"max_hp_loss":0,"event_name":"WeMeetAgain","floor":20,"gold_loss":0},{"damage_healed":0,"gold_gain":0,"cards_transformed":["Strike_G","Strike_G"],"player_choice":"Became Test Subject","damage_taken":0,"max_hp_gain":0,"max_hp_loss":0,"event_name":"Drug Dealer","floor":28,"gold_loss":0,"cards_obtained":["Venomology","Backstab"]},{"damage_healed":0,"gold_gain":0,"player_choice":"Ignored","damage_taken":0,"max_hp_gain":0,"max_hp_loss":0,"event_name":"Vampires","floor":30,"gold_loss":0}],"is_beta":false,"boss_relics":[{"not_picked":["Lizard Tail","HoveringKite"],"picked":"Cursed Key"}],"items_purged_floors":[27],"is_endless":false,"potions_floor_spawned":[2,11,13,16,18,21,22,24],"killed_by":"Collector","ascension_level":20}