{"gold_per_floor":[141,141,216,235,235,235,271,290,290,290,313,338,332,376,376,376],"floor_reached":16,"playtime":496,"items_purged":[],"score":110,"play_id":"238f8eb0-ec7d-48ab-a6af-cfb346213c98","local_time":"20190306082915","is_ascension_mode":false,"campfire_choices":[{"floor":6,"key":"REST"},{"floor":10,"key":"REST"},{"floor":15,"key":"REST"}],"neow_cost":"NONE","seed_source_timestamp":133846494369377,"circlet_count":0,"master_deck":["Strike_R","Strike_R","Strike_R","Strike_R","Strike_R","Defend_R","Defend_R","Defend_R","Defend_R","Bash","Flex","Cleave","Feed"],"relics":["Burning Blood","Tiny Chest","Golden Idol","Paper Frog","Letter Opener","Potion Belt","Gremlin Horn"],"potions_floor_usage":[],"damage_taken":[{"damage":2,"enemies":"Small Slimes","floor":1,"turns":4},{"damage":3,"enemies":"2 Louse","floor":4,"turns":3},{"damage":47,"enemies":"3 Sentries","floor":7,"turns":13},{"damage":11,"enemies":"Jaw Worm","floor":8,"turns":3},{"damage":7,"enemies":"Exordium Wildlife","floor":11,"turns":3},{"damage":10,"enemies":"Exordium Thugs","floor":13,"turns":4},{"damage":30,"enemies":"Gremlin Nob","floor":14,"turns":4},{"damage":57,"enemies":"The Guardian","floor":16,"turns":9}],"seed_played":"-503501406966908323","potions_obtained":[{"floor":8,"key":"LiquidBronze"},{"floor":13,"key":"PowerPotion"}],"is_trial":false,"path_per_floor":["M","?","?","M","?","R","E","M","T","R","M","T","M","E","R","B"],"character_chosen":"IRONCLAD","items_purchased":[],"campfire_rested":3,"item_purchase_floors":[],"current_hp_per_floor":[80,80,69,72,52,76,35,30,30,54,56,56,55,31,56,0],"gold":376,"neow_bonus":"RANDOM_COMMON_RELIC","is_prod":false,"is_daily":false,"chose_seed":false,"campfire_upgraded":0,"win_rate":0,"timestamp":1551821355,"path_taken":["M","?","?","M","?","R","E","M","T","R","M","?","M","E","R","BOSS"],"build_version":"2019-01-23","purchased_purges":0,"victory":false,"max_hp_per_floor":[80,80,80,80,80,80,80,80,80,80,83,83,86,86,86,86],"card_choices":[{"not_picked":["Twin Strike","Clothesline"],"picked":"Flex","floor":1},{"not_picked":["Offering","Body Slam","Perfected Strike"],"picked":"SKIP","floor":4},{"not_picked":["Twin Strike","Headbutt"],"picked":"Cleave","floor":7},{"not_picked":["Twin Strike","Dual Wield"],"picked":"Feed","floor":8},{"not_picked":["Armaments","Shrug It Off","Headbutt"],"picked":"SKIP","floor":11},{"not_picked":["Evolve","Pommel Strike","Armaments"],"picked":"SKIP","floor":13},{"not_picked":["Whirlwind","Dropkick","Searing Blow"],"picked":"SKIP","floor":14}],"player_experience":214963,"relics_obtained":[{"floor":7,"key":"Paper Frog"},{"floor":9,"key":"Letter Opener"},{"floor":12,"key":"Potion Belt"},{"floor":14,"key":"Gremlin Horn"}],"event_choices":[{"damage_healed":0,"gold_gain":0,"player_choice":"Leave","damage_taken":0,"max_hp_gain":0,"max_hp_loss":0,"event_name":"The Cleric","floor":2,"gold_loss":0},{"damage_healed":0,"gold_gain":75,"player_choice":"Gather Gold","damage_taken":11,"max_hp_gain":0,"max_hp_loss":0,"event_name":"World of Goop","floor":3,"gold_loss":0},{"damage_healed":0,"gold_gain":0,"player_choice":"Take Damage","damage_taken":20,"relics_obtained":["Golden Idol"],"max_hp_gain":0,"max_hp_loss":0,"event_name":"Golden Idol","floor":5,"gold_loss":0}],"is_beta":false,"boss_relics":[],"items_purged_floors":[],"is_endless":false,"potions_floor_spawned":[8,13],"killed_by":"The Guardian","ascension_level":0}