{"gold_per_floor":[113,113,133,151,165,22,22,55,55,55,69,95,95,65,65,65],"floor_reached":16,"playtime":868,"items_purged":[],"score":154,"play_id":"37e0d7be-b323-48fa-8b16-58cddb452a50","local_time":"20190912180250","is_ascension_mode":true,"campfire_choices":[{"data":"Uppercut","floor":7.0,"key":"SMITH"},{"floor":10.0,"key":"REST"},{"floor":15.0,"key":"REST"}],"neow_cost":"TEN_PERCENT_HP_LOSS","seed_source_timestamp":0,"circlet_count":0,"master_deck":["Strike_R","Strike_R","Strike_R","Strike_R","Defend_R","Defend_R","Defend_R","Defend_R","Bash","Panacea","Deep Breath","Uppercut+1","Corruption","Power Through","Armaments","Searing Blow"],"special_seed":0,"relics":["Burning Blood","Juzu Bracelet","Omamori","Lantern","Mummified Hand"],"potions_floor_usage":[],"damage_taken":[{"damage":11.0,"enemies":"Jaw Worm","floor":1.0,"turns":5.0},{"damage":2.0,"enemies":"2 Louse","floor":3.0,"turns":3.0},{"damage":1.0,"enemies":"Small Slimes","floor":4.0,"turns":4.0},{"damage":12.0,"enemies":"3 Louse","floor":5.0,"turns":4.0},{"damage":50.0,"enemies":"3 Sentries","floor":8.0,"turns":14.0},{"damage":4.0,"enemies":"Exordium Wildlife","floor":11.0,"turns":4.0},{"damage":22.0,"enemies":"Gremlin Nob","floor":12.0,"turns":4.0},{"damage":2.0,"enemies":"Looter","floor":14.0,"turns":4.0},{"damage":60,"enemies":"Slime Boss","floor":16,"turns":10}],"seed_played":"-6314645444418748651","potions_obtained":[{"floor":5.0,"key":"AttackPotion"},{"floor":11.0,"key":"PowerPotion"},{"floor":12.0,"key":"SmokeBomb"}],"is_trial":false,"path_per_floor":["M","?","M","M","M","$","R","E","T","R","M","E","?","M","R","B"],"character_chosen":"IRONCLAD","items_purchased":["Juzu Bracelet"],"campfire_rested":2,"item_purchase_floors":[6],"current_hp_per_floor":[67,72,76,77,71,71,71,27,27,50,52,36,29,33,56,0],"gold":65,"neow_bonus":"RANDOM_COLORLESS_2","is_prod":false,"is_daily":false,"chose_seed":false,"campfire_upgraded":1,"win_rate":0,"timestamp":1568275370,"path_taken":["M","?","M","M","M","$","R","E","T","R","M","E","?","M","R","BOSS"],"build_version":"2019-07-17","purchased_purges":0,"victory":false,"max_hp_per_floor":[72,77,77,77,77,77,77,77,77,77,77,77,77,77,77,77],"card_choices":[{"not_picked":["Heavy Blade","Pommel Strike"],"picked":"Uppercut","floor":1.0},{"not_picked":["Flex","Pummel"],"picked":"Corruption","floor":3.0},{"not_picked":["Ghostly Armor","Shockwave"],"picked":"Power Through","floor":4.0},{"not_picked":["Clash","Flex","Sword Boomerang"],"picked":"SKIP","floor":5.0},{"not_picked":["Iron Wave","Uppercut","Twin Strike"],"picked":"SKIP","floor":8.0},{"not_picked":["Disarm","Intimidate"],"picked":"Armaments","floor":11.0},{"not_picked":["Anger","Ghostly Armor"],"picked":"Searing Blow","floor":12.0},{"not_picked":["Havoc","Clash","Reckless Charge"],"picked":"SKIP","floor":14.0}],"player_experience":641811,"relics_obtained":[{"floor":8.0,"key":"Omamori"},{"floor":9.0,"key":"Lantern"},{"floor":12.0,"key":"Mummified Hand"}],"event_choices":[{"damage_healed":0.0,"max_hp_gain":5.0,"max_hp_loss":0.0,"gold_gain":0.0,"event_name":"Big Fish","player_choice":"Donut","floor":2.0,"gold_loss":0.0,"damage_taken":0.0},{"cards_removed":["Strike_R"],"damage_healed":0.0,"max_hp_gain":0.0,"max_hp_loss":0.0,"gold_gain":0.0,"event_name":"Golden Wing","player_choice":"Card Removal","floor":13.0,"gold_loss":0.0,"damage_taken":7.0}],"is_beta":false,"boss_relics":[],"items_purged_floors":[],"is_endless":false,"potions_floor_spawned":[5,11,12],"killed_by":"Slime Boss","ascension_level":8}