{"gold_per_floor":[113,129,146,163,177,211,211,221,221,234,234,260,15,26,26,127,127,143,143,143,242,256,256],"floor_reached":23,"playtime":1397,"items_purged":[],"score":267,"play_id":"189b3992-b671-4eab-869a-c0425bcd8020","local_time":"20190907180040","is_ascension_mode":true,"campfire_choices":[{"floor":7.0,"key":"REST"},{"floor":11.0,"key":"REST"},{"data":"Streamline","floor":15.0,"key":"SMITH"}],"neow_cost":"TEN_PERCENT_HP_LOSS","seed_source_timestamp":0,"circlet_count":0,"master_deck":["Strike_B","Strike_B","Strike_B","Strike_B","Defend_B","Defend_B","Defend_B","Defend_B","Zap","Dualcast","Streamline+1","Ball Lightning","Sunder","Leap","Leap","Auto Shields","Cold Snap","Gash","Recycle","Biased Cognition","Melter","Gash"],"special_seed":0,"relics":["Cracked Core","Turnip","Gambling Chip","Singing Bowl","Bird Faced Urn","Membership Card","Black Star","Shuriken"],"potions_floor_usage":[18,22,23],"damage_taken":[{"damage":1.0,"enemies":"Cultist","floor":1.0,"turns":4.0},{"damage":5.0,"enemies":"Small Slimes","floor":2.0,"turns":2.0},{"damage":0.0,"enemies":"2 Louse","floor":3.0,"turns":2.0},{"damage":9.0,"enemies":"Lots of Slimes","floor":4.0,"turns":3.0},{"damage":8.0,"enemies":"Blue Slaver","floor":5.0,"turns":3.0},{"damage":27.0,"enemies":"3 Sentries","floor":6.0,"turns":6.0},{"damage":0.0,"enemies":"2 Fungi Beasts","floor":8.0,"turns":3.0},{"damage":1.0,"enemies":"Exordium Thugs","floor":10.0,"turns":4.0},{"damage":6.0,"enemies":"Gremlin Nob","floor":12.0,"turns":3.0},{"damage":0.0,"enemies":"Large Slime","floor":14.0,"turns":4.0},{"damage":15.0,"enemies":"The Guardian","floor":16.0,"turns":11.0},{"damage":4,"enemies":"Shell Parasite","floor":18,"turns":7},{"damage":8,"enemies":"3 Byrds","floor":22,"turns":3},{"damage":60,"enemies":"Slavers","floor":23,"turns":4}],"seed_played":"6141105812889702372","potions_obtained":[{"floor":4.0,"key":"Swift Potion"},{"floor":6.0,"key":"GamblersBrew"},{"floor":8.0,"key":"Explosive Potion"},{"floor":10.0,"key":"Ancient Potion"},{"floor":12.0,"key":"SteroidPotion"},{"floor":16.0,"key":"SkillPotion"}],"is_trial":false,"path_per_floor":["M","M","M","M","M","E","R","M","T","M","R","E","$","M","R","B",null,"M","?","?","?","M","E"],"character_chosen":"DEFECT","items_purchased":["Membership Card","LiquidBronze"],"campfire_rested":2,"item_purchase_floors":[13,13],"current_hp_per_floor":[67,62,62,53,45,18,38,38,38,37,57,53,53,53,53,38,62,62,62,62,62,54,0],"gold":256,"neow_bonus":"ONE_RARE_RELIC","is_prod":false,"is_daily":false,"chose_seed":false,"campfire_upgraded":1,"win_rate":0,"timestamp":1567843240,"path_taken":["M","M","M","?","M","E","R","M","T","M","R","E","?","M","R","BOSS","M","?","?","?","M","E"],"build_version":"2019-07-17","purchased_purges":0,"victory":false,"max_hp_per_floor":[68,68,68,68,68,68,68,68,68,68,68,70,70,70,70,70,70,72,72,72,72,72,72],"card_choices":[{"not_picked":["Ball Lightning","Loop"],"picked":"Streamline","floor":1.0},{"not_picked":["Steam","Barrage"],"picked":"Ball Lightning","floor":2.0},{"not_picked":["Chill","Ball Lightning"],"picked":"Sunder","floor":3.0},{"not_picked":["Turbo","Hello World"],"picked":"Leap","floor":4.0},{"not_picked":["Rebound","Storm"],"picked":"Leap","floor":5.0},{"not_picked":["Loop","Hologram"],"picked":"Auto Shields","floor":6.0},{"not_picked":["Fission","Beam Cell"],"picked":"Cold Snap","floor":8.0},{"not_picked":["Barrage","Chaos"],"picked":"Gash","floor":10.0},{"not_picked":["Streamline","Turbo","Barrage"],"picked":"Singing Bowl","floor":12.0},{"not_picked":["Redo","Barrage"],"picked":"Recycle","floor":14.0},{"not_picked":["Buffer","Hyperbeam"],"picked":"Biased Cognition","floor":16.0},{"not_picked":["Stack","Redo","Storm"],"picked":"Singing Bowl","floor":18},{"not_picked":["Coolheaded+1","Conserve Battery"],"picked":"Gash","floor":22}],"player_experience":574397,"relics_obtained":[{"floor":6.0,"key":"Gambling Chip"},{"floor":9.0,"key":"Singing Bowl"},{"floor":12.0,"key":"Bird Faced Urn"}],"event_choices":[{"damage_healed":0,"gold_gain":0,"player_choice":"Opened","damage_taken":0,"relics_obtained":["Shuriken"],"max_hp_gain":0,"max_hp_loss":0,"event_name":"The Mausoleum","floor":19,"gold_loss":0},{"damage_healed":0,"gold_gain":0,"player_choice":"Read","damage_taken":0,"max_hp_gain":0,"max_hp_loss":0,"event_name":"The Library","floor":20,"gold_loss":0,"cards_obtained":["Melter"]},{"damage_healed":0,"gold_gain":99,"player_choice":"Stole From Cult","damage_taken":0,"max_hp_gain":0,"max_hp_loss":0,"event_name":"Nest","floor":21,"gold_loss":0}],"is_beta":false,"boss_relics":[{"not_picked":["Snecko Eye","Philosopher\u0027s Stone"],"picked":"Black Star"}],"items_purged_floors":[],"is_endless":false,"potions_floor_spawned":[4,6,8,10,12,16],"killed_by":"Slavers","ascension_level":6}