{"gold_per_floor":[112,131,131,52,66,66,82,82,82,110,110],"floor_reached":11,"playtime":432,"items_purged":[],"score":146,"play_id":"4d085de7-be5b-408e-9a4d-b626cfbd663e","local_time":"20190605155206","is_ascension_mode":true,"campfire_choices":[{"data":"Cloak And Dagger","floor":6,"key":"SMITH"},{"floor":8,"key":"REST"}],"neow_cost":"NONE","seed_source_timestamp":409209697398798,"circlet_count":0,"master_deck":["AscendersBane","Defend_G","Defend_G","Defend_G","Defend_G","Defend_G","Strike_G","Strike_G","Strike_G","Strike_G","Strike_G","Survivor","Neutralize","Dagger Spray","Cloak And Dagger+1","Accuracy","Bouncing Flask","Bane","Blade Dance"],"relics":["Ring of the Snake","NeowsBlessing","Dodecahedron","Matryoshka","Bottled Lightning"],"potions_floor_usage":[11],"damage_taken":[{"damage":0,"enemies":"Cultist","floor":1,"turns":1},{"damage":0,"enemies":"Small Slimes","floor":2,"turns":1},{"damage":0,"enemies":"Jaw Worm","floor":5,"turns":1},{"damage":38,"enemies":"Gremlin Gang","floor":7,"turns":4},{"damage":26,"enemies":"Gremlin Nob","floor":10,"turns":4},{"damage":24,"enemies":"Exordium Wildlife","floor":11,"turns":3}],"seed_played":"-409513234316689921","potions_obtained":[{"floor":1,"key":"SkillPotion"}],"is_trial":false,"path_per_floor":["M","M","T","$","M","R","M","R","T","E","M"],"character_chosen":"THE_SILENT","items_purchased":["Accuracy"],"campfire_rested":1,"item_purchase_floors":[4],"current_hp_per_floor":[59,59,59,59,59,59,21,40,40,14,0],"gold":110,"neow_bonus":"THREE_ENEMY_KILL","is_prod":false,"is_daily":false,"chose_seed":false,"campfire_upgraded":1,"win_rate":0,"timestamp":1559742726,"path_taken":["M","M","?","$","M","R","M","R","T","E","M"],"build_version":"2019-01-23","purchased_purges":0,"victory":false,"max_hp_per_floor":[66,66,66,66,66,66,66,66,66,66,66],"card_choices":[{"not_picked":["Reflex","Outmaneuver"],"picked":"Dagger Spray","floor":1},{"not_picked":["Quick Slash","Backflip"],"picked":"Cloak And Dagger","floor":2},{"not_picked":["Riddle With Holes","Quick Slash"],"picked":"Bouncing Flask","floor":5},{"not_picked":["Underhanded Strike","Sucker Punch"],"picked":"Bane","floor":7},{"not_picked":["Bane","Deadly Poison"],"picked":"Blade Dance","floor":10}],"player_experience":455590,"relics_obtained":[{"floor":3,"key":"Dodecahedron"},{"floor":9,"key":"Matryoshka"},{"floor":10,"key":"Bottled Lightning"}],"event_choices":[],"is_beta":false,"boss_relics":[],"items_purged_floors":[],"is_endless":false,"potions_floor_spawned":[1],"killed_by":"Exordium Wildlife","ascension_level":20}