{"gold_per_floor":[115,129,139,16,27,56,73,89,135,135,154,154,182,198,198,300,300,300,300,300,52,52,52,52,52,52,52,52,52,52,52,52,52,52,52,52,52,52,52,52,52,52,52,52,52,52,52,52,52,52,52,52,52,52,52],"floor_reached":56,"playtime":4198,"items_purged":["Strike_R"],"score":1233,"play_id":"a7071562-d7dc-4b68-9a45-8ed5cb0c2f2c","local_time":"20190528202855","is_ascension_mode":false,"campfire_choices":[{"data":"Anger","floor":10.0,"key":"SMITH"},{"data":"Fiend Fire","floor":12.0,"key":"SMITH"},{"data":"Bash","floor":15.0,"key":"SMITH"},{"data":"Demon Form","floor":28,"key":"SMITH"},{"data":"Barricade","floor":32,"key":"SMITH"},{"floor":42,"key":"RECALL"},{"data":"True Grit","floor":44,"key":"SMITH"},{"data":"Power Through","floor":49,"key":"SMITH"},{"data":"Power Through","floor":52,"key":"SMITH"}],"neow_cost":"NONE","seed_source_timestamp":666808125351634,"circlet_count":0,"master_deck":["Strike_R","Strike_R","Defend_R","Defend_R","Defend_R","Defend_R","Bash+1","Power Through+1","Anger+1","Sentinel","True Grit+1","Shrug It Off","Fiend Fire+1","Shockwave","Metallicize","Demon Form+1","Sword Boomerang+1","RitualDagger","Power Through+1","Evolve","Rage+1","Barricade+1","Reaper","Sword Boomerang","Body Slam+1","Burning Pact+1"],"special_seed":0,"relics":["Burning Blood","Bag of Marbles","Ancient Tea Set","Pen Nib","Incense Burner","Ectoplasm","Kunai","Gremlin Horn","Happy Flower","Shuriken","Ice Cream","Bag of Preparation","Empty Cage","StoneCalendar","Pantograph","Mango","MawBank","Blood Vial"],"potions_floor_usage":[23,39,55,55],"damage_taken":[{"damage":1.0,"enemies":"Cultist","floor":1.0,"turns":3.0},{"damage":0.0,"enemies":"Jaw Worm","floor":2.0,"turns":3.0},{"damage":1.0,"enemies":"2 Louse","floor":3.0,"turns":3.0},{"damage":11.0,"enemies":"Exordium Wildlife","floor":5.0,"turns":5.0},{"damage":30.0,"enemies":"Gremlin Nob","floor":6.0,"turns":6.0},{"damage":5.0,"enemies":"Gremlin Gang","floor":7.0,"turns":4.0},{"damage":0.0,"enemies":"3 Louse","floor":8.0,"turns":3.0},{"damage":0.0,"enemies":"Looter","floor":11.0,"turns":3.0},{"damage":6.0,"enemies":"Lagavulin","floor":13.0,"turns":5.0},{"damage":0.0,"enemies":"Gremlin Gang","floor":14.0,"turns":6.0},{"damage":4,"enemies":"Slime Boss","floor":16,"turns":8},{"damage":7,"enemies":"3 Byrds","floor":18,"turns":6},{"damage":1,"enemies":"Chosen","floor":20,"turns":3},{"damage":0,"enemies":"Centurion and Healer","floor":22,"turns":6},{"damage":9,"enemies":"Slavers","floor":23,"turns":4},{"damage":0,"enemies":"Snake Plant","floor":24,"turns":4},{"damage":12,"enemies":"Gremlin Leader","floor":25,"turns":6},{"damage":35,"enemies":"Slavers","floor":29,"turns":5},{"damage":1,"enemies":"Snecko","floor":30,"turns":3},{"damage":0,"enemies":"3 Cultists","floor":31,"turns":5},{"damage":5,"enemies":"Champ","floor":33,"turns":11},{"damage":0,"enemies":"Orb Walker","floor":35,"turns":2},{"damage":4,"enemies":"3 Darklings","floor":37,"turns":6},{"damage":21,"enemies":"Transient","floor":38,"turns":5},{"damage":17,"enemies":"Mind Bloom Boss Battle","floor":39,"turns":7},{"damage":48,"enemies":"Reptomancer","floor":40,"turns":16},{"damage":17,"enemies":"2 Orb Walkers","floor":41,"turns":5},{"damage":0,"enemies":"Maw","floor":45,"turns":7},{"damage":13,"enemies":"Nemesis","floor":46,"turns":11},{"damage":15,"enemies":"3 Darklings","floor":48,"turns":7},{"damage":19,"enemies":"Awakened One","floor":50,"turns":9},{"damage":8,"enemies":"Shield and Spear","floor":54,"turns":6},{"damage":60,"enemies":"The Heart","floor":55,"turns":11}],"seed_played":"5231920564450405474","potions_obtained":[{"floor":1.0,"key":"Poison Potion"},{"floor":5.0,"key":"Poison Potion"},{"floor":7.0,"key":"Swift Potion"},{"floor":8.0,"key":"Weak Potion"},{"floor":18,"key":"SpeedPotion"},{"floor":22,"key":"AttackPotion"},{"floor":29,"key":"FearPotion"},{"floor":36,"key":"EssenceOfSteel"},{"floor":39,"key":"Dexterity Potion"}],"is_trial":false,"path_per_floor":["M","M","M","$","M","E","M","M","T","R","M","R","E","M","R","B",null,"M","?","M","$","M","E","M","E","T","?","R","E","M","M","R","B",null,"M","?","M","M","?","E","?","R","T","R","M","E","$","M","R","B",null,"R","$","E","B",null],"character_chosen":"IRONCLAD","items_purchased":["True Grit","Kunai"],"campfire_rested":0,"item_purchase_floors":[4,21],"current_hp_per_floor":[80,80,80,80,75,51,52,58,58,58,64,64,64,70,70,72,80,79,73,78,78,80,77,80,74,74,74,74,45,50,56,56,57,80,80,80,80,80,80,80,83,83,83,83,94,94,94,94,94,94,94,94,94,94,54],"gold":52,"neow_bonus":"RANDOM_COMMON_RELIC","is_prod":false,"is_daily":false,"chose_seed":false,"campfire_upgraded":8,"win_rate":0,"timestamp":1559089735,"path_taken":["M","?","?","$","M","E","M","M","T","R","M","R","E","M","R","BOSS","M","?","M","$","M","E","M","E","T","?","R","E","M","M","R","BOSS","M","?","?","M","?","E","?","R","T","R","M","E","?","M","R","BOSS","R","$","E","BOSS"],"build_version":"2019-01-23","purchased_purges":1,"victory":true,"max_hp_per_floor":[80,80,80,80,80,80,80,80,80,80,80,80,80,80,80,80,80,80,80,80,80,80,80,80,80,80,80,80,80,80,80,80,80,80,80,80,80,80,80,80,94,94,94,94,94,94,94,94,94,94,94,94,94,94,94],"card_choices":[{"not_picked":["Evolve","Havoc"],"picked":"Power Through","floor":1.0},{"not_picked":["Headbutt","Iron Wave"],"picked":"Anger","floor":2.0},{"not_picked":["Berserk","Clash"],"picked":"Sentinel","floor":3.0},{"not_picked":["Warcry","Thunderclap"],"picked":"Shrug It Off","floor":5.0},{"not_picked":["Heavy Blade","Hemokinesis"],"picked":"Fiend Fire","floor":6.0},{"not_picked":["Clothesline","Body Slam","Rupture"],"picked":"SKIP","floor":7.0},{"not_picked":["Dropkick","Thunderclap"],"picked":"Shockwave","floor":8.0},{"not_picked":["Havoc","Corruption","Blood for Blood"],"picked":"SKIP","floor":11.0},{"not_picked":["Sword Boomerang","Clash"],"picked":"Metallicize","floor":13.0},{"not_picked":["Anger","Intimidate","Clothesline"],"picked":"SKIP","floor":14.0},{"not_picked":["Berserk","Impervious"],"picked":"Demon Form","floor":16},{"not_picked":["Wild Strike+1","Dual Wield"],"picked":"Sword Boomerang+1","floor":18},{"not_picked":["Warcry","Rampage"],"picked":"Power Through","floor":20},{"not_picked":["Perfected Strike+1","Uppercut","Infernal Blade"],"picked":"SKIP","floor":22},{"not_picked":["Twin Strike","Shrug It Off","Body Slam"],"picked":"SKIP","floor":23},{"not_picked":["Intimidate+1","Power Through+1"],"picked":"Evolve","floor":24},{"not_picked":["Heavy Blade","Iron Wave"],"picked":"Rage+1","floor":25},{"not_picked":["Shrug It Off","Feel No Pain"],"picked":"Barricade","floor":29},{"not_picked":["Infernal Blade","Cleave","Corruption"],"picked":"SKIP","floor":30},{"not_picked":["Pommel Strike","Dual Wield+1","Berserk"],"picked":"SKIP","floor":31},{"not_picked":["Pommel Strike","Dual Wield+1","Berserk"],"picked":"SKIP","floor":31},{"not_picked":["Pommel Strike","Dual Wield+1","Berserk"],"picked":"SKIP","floor":31},{"not_picked":["Exhume","Bludgeon"],"picked":"Reaper","floor":33},{"not_picked":["Warcry","Flame Barrier"],"picked":"Sword Boomerang","floor":35},{"not_picked":["Searing Blow+1","Perfected Strike+1","Rupture+1"],"picked":"SKIP","floor":37},{"not_picked":["Cleave","Clothesline+1","Blood for Blood+1"],"picked":"SKIP","floor":38},{"not_picked":["Reckless Charge","Impervious"],"picked":"Body Slam+1","floor":40},{"not_picked":["Fire Breathing+1","Flex","Heavy Blade+1"],"picked":"SKIP","floor":45},{"not_picked":["Anger+1","Iron Wave+1","Thunderclap"],"picked":"SKIP","floor":46},{"not_picked":["Armaments+1","Body Slam+1"],"picked":"Burning Pact+1","floor":48},{"not_picked":["Burning Pact","Body Slam+1","Havoc"],"picked":"SKIP","floor":54}],"player_experience":933724,"relics_obtained":[{"floor":6.0,"key":"Ancient Tea Set"},{"floor":9.0,"key":"Pen Nib"},{"floor":13.0,"key":"Incense Burner"},{"floor":23,"key":"Gremlin Horn"},{"floor":25,"key":"Happy Flower"},{"floor":26,"key":"Shuriken"},{"floor":29,"key":"Bag of Preparation"},{"floor":39,"key":"StoneCalendar"},{"floor":40,"key":"Pantograph"},{"floor":41,"key":"Mango"},{"floor":46,"key":"MawBank"},{"floor":54,"key":"Blood Vial"}],"event_choices":[{"damage_healed":0,"gold_gain":0,"player_choice":"Joined the Cult","damage_taken":6,"max_hp_gain":0,"max_hp_loss":0,"event_name":"Nest","floor":19,"gold_loss":0,"cards_obtained":["RitualDagger"]},{"damage_healed":0,"gold_gain":0,"player_choice":"Opened","damage_taken":0,"relics_obtained":["Ice Cream"],"max_hp_gain":0,"max_hp_loss":0,"event_name":"The Mausoleum","floor":27,"gold_loss":0},{"damage_healed":0,"gold_gain":0,"player_choice":"Got Potions","damage_taken":0,"max_hp_gain":0,"max_hp_loss":0,"event_name":"Lab","floor":36,"gold_loss":0},{"damage_healed":0,"gold_gain":0,"player_choice":"Fight","damage_taken":0,"max_hp_gain":0,"max_hp_loss":0,"event_name":"MindBloom","floor":39,"gold_loss":0},{"damage_healed":0,"gold_gain":0,"player_choice":"Fight","damage_taken":0,"max_hp_gain":0,"max_hp_loss":0,"event_name":"Mysterious Sphere","floor":41,"gold_loss":0}],"is_beta":false,"boss_relics":[{"not_picked":["Astrolabe","Orrery"],"picked":"Ectoplasm"},{"not_picked":["Cursed Key","Snecko Eye"],"picked":"Empty Cage"}],"items_purged_floors":[4],"is_endless":false,"potions_floor_spawned":[1,5,7,8,11,18,20,22,29,31,37,38,39,40],"ascension_level":0}