{"gold_per_floor":[217,237,248,248,26,61,85,120,194,267,302,302,333,346,346,436,436,451,451,451,474,544,582,582,108,108,147,147,147,180,201,201,290,290,309,327,10,23,23,62,122,162,188,224,238,238,272,272,272,272,272,272,47,87,87],"floor_reached":55,"playtime":3132,"items_purged":["Injury","Strike_B"],"score":1718,"play_id":"abeaad14-171a-41b4-bbb2-c77310ffda50","local_time":"20190818182825","is_ascension_mode":true,"campfire_choices":[{"data":"Sunder","floor":12.0,"key":"SMITH"},{"data":"Undo","floor":15.0,"key":"SMITH"},{"data":"Buffer","floor":24.0,"key":"SMITH"},{"floor":29.0,"key":"REST"},{"floor":32.0,"key":"REST"},{"floor":46.0,"key":"RECALL"},{"floor":49.0,"key":"REST"},{"floor":52.0,"key":"REST"}],"neow_cost":"NONE","seed_source_timestamp":167662130186820,"circlet_count":0,"master_deck":["AscendersBane","Strike_B","Strike_B","Strike_B","Defend_B","Defend_B","Defend_B","Defend_B","Zap","Dualcast","Streamline","Sweeping Beam","Undo+1","Steam","Coolheaded","Core Surge","Ball Lightning","Sunder+1","Core Surge","Steam","Buffer+1","Glacier","Coolheaded","Injury","FTL+1","Capacitor+1","Chill","Coolheaded","Shame","Compile Driver","White Noise","Buffer+1","Creative AI+1","Defragment+1","Storm+1","Barrage","Gash","Coolheaded+1","Core Surge","Defragment+1","FTL","Undo+1","Barrage+1","Core Surge","Clumsy","White Noise","Loop+1","Glacier","Coolheaded"],"special_seed":0,"relics":["Cracked Core","Golden Idol","PreservedInsect","Potion Belt","FossilizedHelix","Kunai","Ancient Tea Set","Smiling Mask","Calipers","Cursed Key","Frozen Egg 2","Regal Pillow","Mercury Hourglass","Bag of Marbles","Question Card","Centennial Puzzle","Orrery","Mummified Hand","Symbiotic Virus","Thread and Needle","Unceasing Top","DataDisk","Sundial","Art of War","Pantograph"],"potions_floor_usage":[54,55,55],"damage_taken":[{"damage":1.0,"enemies":"Cultist","floor":1.0,"turns":4.0},{"damage":3.0,"enemies":"2 Louse","floor":2.0,"turns":3.0},{"damage":3.0,"enemies":"Small Slimes","floor":3.0,"turns":3.0},{"damage":16.0,"enemies":"Gremlin Nob","floor":6.0,"turns":3.0},{"damage":7.0,"enemies":"3 Louse","floor":7.0,"turns":4.0},{"damage":10.0,"enemies":"3 Sentries","floor":8.0,"turns":7.0},{"damage":8.0,"enemies":"3 Sentries","floor":10.0,"turns":5.0},{"damage":0.0,"enemies":"Gremlin Nob","floor":11.0,"turns":3.0},{"damage":0.0,"enemies":"3 Sentries","floor":13.0,"turns":3.0},{"damage":0.0,"enemies":"Exordium Wildlife","floor":14.0,"turns":2.0},{"damage":12.0,"enemies":"Hexaghost","floor":16.0,"turns":12.0},{"damage":0.0,"enemies":"Chosen","floor":18.0,"turns":5.0},{"damage":0.0,"enemies":"3 Byrds","floor":21.0,"turns":5.0},{"damage":26.0,"enemies":"Slavers","floor":23.0,"turns":7.0},{"damage":19.0,"enemies":"Book of Stabbing","floor":27.0,"turns":7.0},{"damage":0.0,"enemies":"Snake Plant","floor":28.0,"turns":1.0},{"damage":44.0,"enemies":"Gremlin Leader","floor":30.0,"turns":8.0},{"damage":0.0,"enemies":"Snecko","floor":31.0,"turns":6.0},{"damage":8.0,"enemies":"Automaton","floor":33.0,"turns":17.0},{"damage":0.0,"enemies":"3 Darklings","floor":35.0,"turns":6.0},{"damage":0.0,"enemies":"Orb Walker","floor":36.0,"turns":3.0},{"damage":0.0,"enemies":"Transient","floor":38.0,"turns":5.0},{"damage":3.0,"enemies":"Reptomancer","floor":40.0,"turns":5.0},{"damage":5.0,"enemies":"2 Orb Walkers","floor":41.0,"turns":3.0},{"damage":0.0,"enemies":"Giant Head","floor":42.0,"turns":7.0},{"damage":16.0,"enemies":"Reptomancer","floor":44.0,"turns":5.0},{"damage":0.0,"enemies":"Sphere and 2 Shapes","floor":45.0,"turns":4.0},{"damage":7.0,"enemies":"Nemesis","floor":47.0,"turns":5.0},{"damage":51.0,"enemies":"Donu and Deca","floor":50.0,"turns":7.0},{"damage":52,"enemies":"Shield and Spear","floor":54,"turns":4},{"damage":63,"enemies":"The Heart","floor":55,"turns":2}],"seed_played":"7331481404118338020","potions_obtained":[{"floor":3.0,"key":"Dexterity Potion"},{"floor":6.0,"key":"FocusPotion"},{"floor":8.0,"key":"Dexterity Potion"},{"floor":10.0,"key":"Ancient Potion"},{"floor":11.0,"key":"Fire Potion"},{"floor":14.0,"key":"EssenceOfSteel"},{"floor":21.0,"key":"SmokeBomb"},{"floor":27.0,"key":"LiquidBronze"},{"floor":30.0,"key":"SpeedPotion"},{"floor":31.0,"key":"Fire Potion"},{"floor":35.0,"key":"Swift Potion"},{"floor":41.0,"key":"Regen Potion"}],"is_trial":false,"path_per_floor":["M","M","M","?","$","E","M","E","T","?","E","R","E","M","R","B",null,"M","?","?","M","T","E","R","$","T","E","M","R","E","M","R","B",null,"M","M","$","M","$","E","?","E","T","E","M","R","E","T","R","B",null,"R","$","E","B"],"character_chosen":"DEFECT","items_purchased":["PreservedInsect","Mercury Hourglass","Capacitor+1","Chill","Coolheaded","Defragment+1","Mummified Hand","Art of War","Glacier"],"campfire_rested":4,"item_purchase_floors":[5,25,25,25,25,37,37,53,53],"current_hp_per_floor":[63,60,57,57,57,41,34,24,24,16,16,16,16,16,16,4,54,54,54,54,54,54,28,28,28,28,9,9,45,1,1,37,29,61,61,61,61,61,61,58,53,53,53,37,37,37,30,30,66,15,57,71,71,24,0],"gold":87,"neow_bonus":"HUNDRED_GOLD","is_prod":false,"is_daily":false,"chose_seed":false,"campfire_upgraded":3,"win_rate":0,"timestamp":1566145705,"path_taken":["M","?","M","?","$","E","M","E","T","?","E","R","E","M","R","BOSS","M","?","?","M","?","E","R","$","T","E","M","R","E","M","R","BOSS","M","M","$","M","$","E","?","E","T","E","M","R","E","?","R","BOSS","R","$","E","BOSS"],"build_version":"2019-07-17","purchased_purges":2,"victory":false,"max_hp_per_floor":[71,71,71,71,71,71,71,71,71,71,71,71,71,71,71,71,71,71,71,71,71,71,71,71,71,71,71,71,71,71,71,71,71,71,71,71,71,71,71,71,71,71,71,71,71,71,71,71,71,71,71,71,71,71,71],"card_choices":[{"not_picked":["Barrage","Auto Shields"],"picked":"Streamline","floor":1.0},{"not_picked":["Streamline","Beam Cell"],"picked":"Sweeping Beam","floor":2.0},{"not_picked":["Ball Lightning","Stack"],"picked":"Undo","floor":3.0},{"not_picked":["Turbo","Rip and Tear"],"picked":"Steam","floor":6.0},{"not_picked":["Rainbow","Reinforced Body"],"picked":"Coolheaded","floor":7.0},{"not_picked":["Compile Driver","Self Repair"],"picked":"Core Surge","floor":8.0},{"not_picked":["Reinforced Body","BootSequence"],"picked":"Ball Lightning","floor":10.0},{"not_picked":["Fusion","Stack"],"picked":"Sunder","floor":11.0},{"not_picked":["Redo","Rip and Tear"],"picked":"Core Surge","floor":13.0},{"not_picked":["Leap","Recycle"],"picked":"Steam","floor":14.0},{"not_picked":["All For One","Core Surge"],"picked":"Buffer","floor":16.0},{"not_picked":["Sweeping Beam","Static Discharge"],"picked":"Glacier","floor":18.0},{"not_picked":["Conserve Battery","Gash"],"picked":"Coolheaded","floor":21.0},{"not_picked":["Cold Snap","Storm+1"],"picked":"FTL+1","floor":23.0},{"not_picked":["BootSequence","Leap"],"picked":"Compile Driver","floor":27.0},{"not_picked":["Force Field","Streamline+1","Conserve Battery"],"picked":"White Noise","floor":30.0},{"not_picked":["Hologram","Gash","Sunder"],"picked":"Buffer+1","floor":31.0},{"not_picked":["Thunder Strike","Core Surge","Buffer+1"],"picked":"Creative AI+1","floor":33.0},{"not_picked":["Rebound","Reinforced Body","BootSequence"],"picked":"Defragment+1","floor":34.0},{"not_picked":["Stack","Ball Lightning","Sunder"],"picked":"Storm+1","floor":34.0},{"not_picked":["Sweeping Beam","Heatsinks+1","Lockon"],"picked":"Barrage","floor":34.0},{"not_picked":["Beam Cell","Steam Power","Stack"],"picked":"Gash","floor":34.0},{"not_picked":["Barrage","Melter+1","Static Discharge+1"],"picked":"Coolheaded+1","floor":35.0},{"not_picked":["Redo","Cold Snap","Storm+1"],"picked":"Core Surge","floor":36.0},{"not_picked":["Blizzard+1","Cold Snap","Beam Cell+1"],"picked":"FTL","floor":38.0},{"not_picked":["Sweeping Beam","Compile Driver","White Noise"],"picked":"Undo+1","floor":40.0},{"not_picked":["Go for the Eyes","Rebound","Cold Snap"],"picked":"Barrage+1","floor":41.0},{"not_picked":["Sweeping Beam","Lockon","Steam"],"picked":"Core Surge","floor":42.0},{"not_picked":["Beam Cell","Cold Snap","Creative AI+1","Darkness"],"picked":"SKIP","floor":44.0},{"not_picked":["Undo","Skim","Force Field"],"picked":"White Noise","floor":45.0},{"not_picked":["Beam Cell","Tempest","Genetic Algorithm"],"picked":"Loop+1","floor":47.0},{"not_picked":["Hologram","Stack+1","Sweeping Beam"],"picked":"Coolheaded","floor":54}],"player_experience":742856,"relics_obtained":[{"floor":6.0,"key":"Potion Belt"},{"floor":8.0,"key":"FossilizedHelix"},{"floor":9.0,"key":"Kunai"},{"floor":11.0,"key":"Smiling Mask"},{"floor":13.0,"key":"Calipers"},{"floor":22.0,"key":"Frozen Egg 2"},{"floor":23.0,"key":"Regal Pillow"},{"floor":26.0,"key":"Bag of Marbles"},{"floor":27.0,"key":"Question Card"},{"floor":30.0,"key":"Centennial Puzzle"},{"floor":40.0,"key":"Symbiotic Virus"},{"floor":41.0,"key":"Thread and Needle"},{"floor":42.0,"key":"Unceasing Top"},{"floor":44.0,"key":"DataDisk"},{"floor":47.0,"key":"Sundial"},{"floor":54,"key":"Pantograph"}],"event_choices":[{"damage_healed":0.0,"max_hp_gain":0.0,"max_hp_loss":0.0,"gold_gain":0.0,"event_name":"Golden Idol","player_choice":"Take Wound","floor":4.0,"gold_loss":0.0,"damage_taken":0.0,"relics_obtained":["Golden Idol"],"cards_obtained":["Injury"]},{"damage_healed":0.0,"max_hp_gain":0.0,"max_hp_loss":0.0,"gold_gain":0.0,"event_name":"Dead Adventurer","player_choice":"Searched \u00273\u0027 times","floor":10.0,"gold_loss":0.0,"damage_taken":0.0,"relics_obtained":["Ancient Tea Set"]},{"damage_healed":0.0,"max_hp_gain":0.0,"max_hp_loss":0.0,"gold_gain":0.0,"event_name":"Beggar","player_choice":"Ignored","floor":19.0,"gold_loss":0.0,"damage_taken":0.0},{"damage_healed":0.0,"max_hp_gain":0.0,"max_hp_loss":0.0,"gold_gain":0.0,"event_name":"Ghosts","player_choice":"Ignored","floor":20.0,"gold_loss":0.0,"damage_taken":0.0},{"damage_healed":0.0,"max_hp_gain":0.0,"max_hp_loss":0.0,"gold_gain":0.0,"event_name":"Mysterious Sphere","player_choice":"Fight","floor":41.0,"gold_loss":0.0,"damage_taken":0.0}],"is_beta":false,"boss_relics":[{"not_picked":["White Beast Statue","Empty Cage"],"picked":"Cursed Key"},{"not_picked":["Velvet Choker","Nuclear Battery"],"picked":"Orrery"}],"items_purged_floors":[5,25],"is_endless":false,"potions_floor_spawned":[3,6,8,10,11,14,21,27,28,30,31,35,36,41,47],"killed_by":"The Heart","ascension_level":15}