{"gold_per_floor":[109,184,8,19,33,33,63,84,132,432,432,448,448,463,463,567,567,579,596,44,61,73,104,104,203,203,216,216],"floor_reached":28,"playtime":2043,"items_purged":["Strike_R"],"score":240,"play_id":"637e596d-82a9-428d-ad72-70ab438908eb","local_time":"20191004002018","is_ascension_mode":false,"campfire_choices":[{"data":"Fire Breathing","floor":6,"key":"SMITH"},{"floor":11,"key":"REST"},{"data":"Bloodletting","floor":13,"key":"SMITH"},{"data":"Bash","floor":15,"key":"SMITH"},{"floor":24,"key":"REST"}],"neow_cost":"NONE","seed_source_timestamp":1855562925977200,"circlet_count":0,"master_deck":["Strike_R","Strike_R","Strike_R","Defend_R","Defend_R","Defend_R","Defend_R","Bash+1","Flex","Shrug It Off","Anger","Pommel Strike","Fire Breathing+1","Pommel Strike","Rampage","Bloodletting+1","Inflame","Limit Break","Iron Wave+1","Headbutt","Feel No Pain","Purity","Spot Weakness","Shrug It Off+1","Warcry+1","Pommel Strike"],"relics":["Burning Blood","Juzu Bracelet","Odd Mushroom","Red Skull","Old Coin","Lizard Tail","Boot","Sundial","Self Forming Clay","Kunai"],"potions_floor_usage":[8,8,16,22,22,27],"damage_taken":[{"damage":19,"enemies":"Jaw Worm","floor":1,"turns":4},{"damage":0,"enemies":"2 Louse","floor":4,"turns":3},{"damage":0,"enemies":"Small Slimes","floor":5,"turns":4},{"damage":26,"enemies":"Lagavulin","floor":7,"turns":8},{"damage":16,"enemies":"The Mushroom Lair","floor":8,"turns":3},{"damage":2,"enemies":"Looter","floor":12,"turns":3},{"damage":8,"enemies":"Exordium Wildlife","floor":14,"turns":4},{"damage":11,"enemies":"Slime Boss","floor":16,"turns":8},{"damage":6,"enemies":"Chosen","floor":18,"turns":6},{"damage":29,"enemies":"2 Thieves","floor":19,"turns":4},{"damage":55,"enemies":"Sentry and Sphere","floor":21,"turns":6},{"damage":17,"enemies":"3 Cultists","floor":22,"turns":5},{"damage":39,"enemies":"Book of Stabbing","floor":23,"turns":4},{"damage":24,"enemies":"Centurion and Healer","floor":27,"turns":4},{"damage":19,"enemies":"Slavers","floor":28,"turns":1}],"seed_played":"-1629028046728315935","potions_obtained":[{"floor":1,"key":"PowerPotion"},{"floor":7,"key":"Explosive Potion"},{"floor":14,"key":"EssenceOfSteel"},{"floor":16,"key":"SpeedPotion"},{"floor":21,"key":"SteroidPotion"},{"floor":23,"key":"SteroidPotion"}],"is_trial":false,"path_per_floor":["M","?","$","M","M","R","E","?","T","?","R","M","R","M","R","B",null,"M","M","$","M","M","E","R","?","T","M","E"],"character_chosen":"IRONCLAD","items_purchased":["Shrug It Off","Anger","Boot","Sundial","Feel No Pain","Purity"],"campfire_rested":2,"item_purchase_floors":[3,3,20,20,20,20],"current_hp_per_floor":[67,56,56,62,68,68,48,38,38,35,59,63,63,61,61,56,80,80,57,57,8,46,13,37,37,37,19,0],"gold":216,"neow_bonus":"REMOVE_CARD","is_prod":false,"is_daily":false,"chose_seed":false,"campfire_upgraded":3,"win_rate":0.0,"timestamp":1570162818,"path_taken":["M","?","$","M","M","R","E","?","T","?","R","M","R","M","R","BOSS","M","M","$","M","M","E","R","?","T","M","E"],"build_version":"2019-07-17","purchased_purges":1,"victory":false,"max_hp_per_floor":[80,80,80,80,80,80,80,80,80,80,80,80,80,80,80,80,80,80,80,80,80,80,80,80,80,80,80,80],"card_choices":[{"not_picked":["Spot Weakness","Headbutt"],"picked":"Flex","floor":1},{"not_picked":["Reckless Charge","Twin Strike"],"picked":"Pommel Strike","floor":4},{"not_picked":["Thunderclap","Rupture"],"picked":"Fire Breathing","floor":5},{"not_picked":["Clash","Rupture"],"picked":"Pommel Strike","floor":7},{"not_picked":["Dropkick","Clash"],"picked":"Rampage","floor":8},{"not_picked":["Whirlwind","Disarm"],"picked":"Bloodletting","floor":12},{"not_picked":["Warcry","Clash"],"picked":"Inflame","floor":14},{"not_picked":["Barricade","Fiend Fire"],"picked":"Limit Break","floor":16},{"not_picked":["Dual Wield","Anger"],"picked":"Iron Wave+1","floor":18},{"not_picked":["Power Through","Anger"],"picked":"Headbutt","floor":19},{"not_picked":["Twin Strike","Thunderclap"],"picked":"Spot Weakness","floor":21},{"not_picked":["Iron Wave","Thunderclap"],"picked":"Shrug It Off+1","floor":22},{"not_picked":["Limit Break","Offering"],"picked":"Warcry+1","floor":23},{"not_picked":["Corruption","Disarm"],"picked":"Pommel Strike","floor":27}],"player_experience":15596,"relics_obtained":[{"floor":7,"key":"Juzu Bracelet"},{"floor":8,"key":"Odd Mushroom"},{"floor":9,"key":"Red Skull"},{"floor":23,"key":"Self Forming Clay"},{"floor":26,"key":"Kunai"}],"event_choices":[{"damage_healed":0,"gold_gain":75,"player_choice":"Gather Gold","damage_taken":11,"max_hp_gain":0,"max_hp_loss":0,"event_name":"World of Goop","floor":2,"gold_loss":0},{"damage_healed":0,"gold_gain":0,"player_choice":"Fought Mushrooms","damage_taken":0,"max_hp_gain":0,"max_hp_loss":0,"event_name":"Mushrooms","floor":8,"gold_loss":0},{"damage_healed":0,"gold_gain":0,"player_choice":"Success","damage_taken":3,"relics_obtained":["Old Coin"],"max_hp_gain":0,"max_hp_loss":0,"event_name":"Scrap Ooze","floor":10,"gold_loss":0},{"damage_healed":0,"gold_gain":99,"player_choice":"Stole From Cult","damage_taken":0,"max_hp_gain":0,"max_hp_loss":0,"event_name":"Nest","floor":25,"gold_loss":0}],"is_beta":false,"boss_relics":[{"not_picked":["Coffee Dripper","Ectoplasm"],"picked":"Lizard Tail"}],"items_purged_floors":[3],"is_endless":false,"potions_floor_spawned":[1,7,14,16,21,23],"killed_by":"Slavers","ascension_level":0}