{"gold_per_floor":[116,133,5,80,80,80,106,106,106,139,151,170,205,220,220,318,318,318,318,318,288,288,288,288,48,48,48,48,48,48,48,48,48,48,48,48,48,48,48,48,48,48,48,48,48,48,48,48,48,48,48,48,48,48,48],"floor_reached":56,"playtime":5407,"items_purged":["Defend_G"],"score":1096,"play_id":"4e021bfd-9690-46bc-a5be-2852a8c89c4b","local_time":"20190107200828","is_ascension_mode":false,"campfire_choices":[{"data":"Terror","floor":6.0,"key":"SMITH"},{"data":"Glass Knife","floor":8.0,"key":"SMITH"},{"data":"Deflect","floor":15.0,"key":"SMITH"},{"data":"Burst","floor":23,"key":"SMITH"},{"floor":27,"key":"RECALL"},{"data":"Neutralize","floor":29,"key":"SMITH"},{"data":"Deflect","floor":32,"key":"SMITH"},{"floor":40,"key":"REST"},{"floor":42,"key":"REST"},{"data":"Predator","floor":44,"key":"SMITH"},{"data":"Dagger Spray","floor":49,"key":"SMITH"},{"data":"Deadly Poison","floor":52,"key":"SMITH"}],"neow_cost":"NONE","seed_source_timestamp":784701516056991,"circlet_count":0,"master_deck":["Defend_G","Defend_G","Defend_G","Defend_G","Strike_G","Strike_G","Strike_G","Strike_G","Strike_G","Survivor","Neutralize+1","Glass Knife+1","Deadly Poison+1","Terror+1","Deflect+1","Deflect+1","Outmaneuver","PiercingWail","All Out Attack","Backstab","Adrenaline","Predator+1","Burst+1","Glass Knife+1","Dagger Spray+1","After Image","Well Laid Plans+1","Caltrops+1","Backflip+1","Sucker Punch+1","Malaise"],"special_seed":0,"relics":["Ring of the Snake","Question Card","Mango","Boot","Ectoplasm","Nilry\u0027s Codex","Kunai","Lantern","Busted Crown","Thread and Needle","Ornamental Fan","Nunchaku","Incense Burner"],"potions_floor_usage":[33,38,55,55,55],"damage_taken":[{"damage":0.0,"enemies":"Cultist","floor":1.0,"turns":3.0},{"damage":0.0,"enemies":"Small Slimes","floor":2.0,"turns":2.0},{"damage":11.0,"enemies":"Gremlin Nob","floor":7.0,"turns":3.0},{"damage":9.0,"enemies":"Lagavulin","floor":10.0,"turns":5.0},{"damage":0.0,"enemies":"2 Louse","floor":11.0,"turns":3.0},{"damage":1.0,"enemies":"Lots of Slimes","floor":12.0,"turns":4.0},{"damage":5.0,"enemies":"3 Sentries","floor":13.0,"turns":10.0},{"damage":1.0,"enemies":"Blue Slaver","floor":14.0,"turns":3.0},{"damage":33.0,"enemies":"The Guardian","floor":16.0,"turns":9.0},{"damage":0.0,"enemies":"3 Byrds","floor":18.0,"turns":4.0},{"damage":6,"enemies":"2 Thieves","floor":21,"turns":3},{"damage":1,"enemies":"Centurion and Healer","floor":22,"turns":5},{"damage":6,"enemies":"Shelled Parasite and Fungi","floor":28,"turns":4},{"damage":0,"enemies":"Cultist and Chosen","floor":30,"turns":4},{"damage":0,"enemies":"3 Cultists","floor":31,"turns":3},{"damage":47,"enemies":"Automaton","floor":33,"turns":9},{"damage":0,"enemies":"3 Shapes","floor":35,"turns":4},{"damage":0,"enemies":"3 Darklings","floor":37,"turns":7},{"damage":56,"enemies":"2 Orb Walkers","floor":38,"turns":5},{"damage":22,"enemies":"Jaw Worm Horde","floor":39,"turns":4},{"damage":0,"enemies":"Maw","floor":41,"turns":7},{"damage":0,"enemies":"Transient","floor":45,"turns":5},{"damage":1,"enemies":"3 Darklings","floor":46,"turns":5},{"damage":4,"enemies":"Mind Bloom Boss Battle","floor":47,"turns":6},{"damage":1,"enemies":"Spire Growth","floor":48,"turns":3},{"damage":16,"enemies":"Awakened One","floor":50,"turns":18},{"damage":10,"enemies":"Shield and Spear","floor":54,"turns":7},{"damage":54,"enemies":"The Heart","floor":55,"turns":11}],"seed_played":"-4498440052278433330","potions_obtained":[{"floor":1.0,"key":"SteroidPotion"},{"floor":10.0,"key":"EssenceOfSteel"},{"floor":14.0,"key":"Swift Potion"},{"floor":16.0,"key":"LiquidBronze"},{"floor":31,"key":"Ancient Potion"},{"floor":37,"key":"Weak Potion"},{"floor":39,"key":"Energy Potion"},{"floor":48,"key":"Swift Potion"}],"is_trial":false,"path_per_floor":["M","M","$","?","?","R","E","R","T","E","M","M","E","M","R","B",null,"M","?","$","M","M","R","?","$","T","R","M","R","M","M","R","B",null,"M","$","M","?","M","R","M","R","T","R","M","M","?","M","R","B",null,"R","$","E","B",null],"character_chosen":"THE_SILENT","items_purchased":["Deflect","Kunai"],"campfire_rested":2,"item_purchase_floors":[3,25],"current_hp_per_floor":[70,70,70,59,59,59,48,48,48,53,53,52,47,46,46,13,84,84,68,68,62,61,61,61,61,61,61,55,55,55,55,55,8,84,84,84,84,28,6,31,31,56,56,56,56,55,51,50,50,34,84,84,84,74,20],"gold":48,"neow_bonus":"ONE_RANDOM_RARE_CARD","is_prod":false,"is_daily":false,"chose_seed":false,"campfire_upgraded":9,"win_rate":0,"timestamp":1546909708,"path_taken":["M","?","?","?","?","R","E","R","T","E","M","M","E","M","R","BOSS","M","?","$","M","M","R","?","$","T","R","M","R","M","M","R","BOSS","M","?","M","?","M","R","M","R","T","R","M","M","?","?","R","BOSS","R","$","E","BOSS"],"build_version":"2019-01-03v4","purchased_purges":1,"victory":true,"max_hp_per_floor":[70,70,70,70,70,70,70,70,70,84,84,84,84,84,84,84,84,84,84,84,84,84,84,84,84,84,84,84,84,84,84,84,84,84,84,84,84,84,84,84,84,84,84,84,84,84,84,84,84,84,84,84,84,84,84],"card_choices":[{"not_picked":["Noxious Fumes","Calculated Gamble"],"picked":"Deadly Poison","floor":1.0},{"not_picked":["Finisher","Noxious Fumes"],"picked":"Terror","floor":2.0},{"not_picked":["Blade Dance","Predator"],"picked":"Deflect","floor":7.0},{"not_picked":["Terror","Slice","Poisoned Stab"],"picked":"Outmaneuver","floor":10.0},{"not_picked":["After Image","Cloak And Dagger","Tactician"],"picked":"PiercingWail","floor":11.0},{"not_picked":["Outmaneuver","Slice","Underhanded Strike","PiercingWail"],"picked":"SKIP","floor":12.0},{"not_picked":["Noxious Fumes","Dash","Acrobatics"],"picked":"All Out Attack","floor":13.0},{"not_picked":["Prepared","Infinite Blades","Deadly Poison"],"picked":"Backstab","floor":14.0},{"not_picked":["Venomology","Doppelganger","Phantasmal Killer"],"picked":"Adrenaline","floor":16.0},{"not_picked":["Reflex","Flying Knee","Dagger Throw"],"picked":"Predator","floor":18.0},{"not_picked":["Quick Slash","Blade Dance","Poisoned Stab+1","Outmaneuver+1"],"picked":"SKIP","floor":21},{"not_picked":["Deflect","Slice","Outmaneuver"],"picked":"Burst","floor":22},{"not_picked":["Cloak And Dagger","Deadly Poison","Infinite Blades"],"picked":"Dagger Spray","floor":28},{"not_picked":["Quick Slash","Finisher","Noxious Fumes","Concentrate"],"picked":"SKIP","floor":30},{"not_picked":["Escape Plan","Blade Dance","Accuracy","Quick Slash"],"picked":"SKIP","floor":31},{"not_picked":["Adrenaline","A Thousand Cuts","Unload"],"picked":"After Image","floor":33},{"not_picked":["Poisoned Stab"],"picked":"Well Laid Plans+1","floor":35},{"not_picked":["PiercingWail","Sucker Punch"],"picked":"SKIP","floor":37},{"not_picked":["Dagger Spray+1"],"picked":"Caltrops+1","floor":38},{"not_picked":["Storm of Steel"],"picked":"Backflip+1","floor":39},{"not_picked":["Masterful Stab+1","Endless Agony+1"],"picked":"SKIP","floor":41},{"not_picked":["Dagger Throw+1"],"picked":"Sucker Punch+1","floor":45},{"not_picked":["Slice","Dagger Throw+1"],"picked":"SKIP","floor":46},{"not_picked":["Flying Knee","A Thousand Cuts"],"picked":"SKIP","floor":48},{"not_picked":["Riddle With Holes"],"picked":"Malaise","floor":54}],"player_experience":612766,"relics_obtained":[{"floor":7.0,"key":"Question Card"},{"floor":10.0,"key":"Mango"},{"floor":13.0,"key":"Boot"},{"floor":19.0,"key":"Nilry\u0027s Codex"},{"floor":26,"key":"Lantern"},{"floor":38,"key":"Thread and Needle"},{"floor":43,"key":"Ornamental Fan"},{"floor":47,"key":"Nunchaku"},{"floor":54,"key":"Incense Burner"}],"event_choices":[{"damage_healed":0.0,"max_hp_gain":0.0,"max_hp_loss":0.0,"gold_gain":75.0,"event_name":"World of Goop","player_choice":"Gather Gold","floor":4.0,"gold_loss":0.0,"damage_taken":11.0},{"damage_healed":0.0,"max_hp_gain":0.0,"max_hp_loss":0.0,"gold_gain":0.0,"event_name":"Liars Game","player_choice":"Ignored","floor":5.0,"gold_loss":0.0,"damage_taken":0.0},{"damage_healed":0.0,"max_hp_gain":0.0,"max_hp_loss":0.0,"gold_gain":0.0,"event_name":"Cursed Tome","player_choice":"Obtained Book","floor":19.0,"gold_loss":0.0,"damage_taken":16.0},{"damage_healed":0,"gold_gain":0,"player_choice":"Copied","damage_taken":0,"max_hp_gain":0,"max_hp_loss":0,"event_name":"Duplicator","floor":24,"gold_loss":0,"cards_obtained":["Glass Knife"]},{"damage_healed":0,"gold_gain":0,"player_choice":"Fight","damage_taken":0,"max_hp_gain":0,"max_hp_loss":0,"event_name":"Mysterious Sphere","floor":38,"gold_loss":0},{"damage_healed":0,"gold_gain":0,"player_choice":"Fight","damage_taken":0,"max_hp_gain":0,"max_hp_loss":0,"event_name":"MindBloom","floor":47,"gold_loss":0}],"is_beta":false,"boss_relics":[{"not_picked":["Velvet Choker","Snecko Eye"],"picked":"Ectoplasm"},{"not_picked":["Pandora\u0027s Box","Orrery"],"picked":"Busted Crown"}],"items_purged_floors":[3],"is_endless":false,"potions_floor_spawned":[1,10,14,16,18,28,31,37,39,41,48],"ascension_level":0}