{"gold_per_floor":[109,119,129,129,26,26,61,61,61,61,90,90,90,100,100,172,172,182,182,92,116,128,128,162,177,177,177,77,95,126,143,143,220,220,237,145,156,156,172,172,199,74,74,74,93,93,93,93,93,93],"floor_reached":51,"playtime":2805,"items_purged":["Strike_B","Injury","Defend_B"],"score":1395,"play_id":"3ad98aeb-b7e6-4800-8206-9166aef895f9","local_time":"20190706155910","is_ascension_mode":true,"campfire_choices":[{"data":"Defragment","floor":6,"key":"SMITH"},{"data":"Zap","floor":8,"key":"SMITH"},{"data":"Coolheaded","floor":13,"key":"SMITH"},{"data":"Capacitor","floor":15,"key":"SMITH"},{"data":"Defragment","floor":23,"key":"SMITH"},{"data":"Chaos","floor":27,"key":"SMITH"},{"floor":32,"key":"REST"},{"floor":40,"key":"REST"},{"floor":44,"key":"REST"},{"floor":46,"key":"REST"},{"floor":49,"key":"REST"}],"neow_cost":"NONE","seed_source_timestamp":522627192946803,"circlet_count":0,"master_deck":["AscendersBane","Strike_B","Strike_B","Strike_B+1","Defend_B","Defend_B","Zap+1","Dualcast","Cold Snap","FTL","Defragment+1","Steam","Reinforced Body","Coolheaded+1","Capacitor+1","Machine Learning","Auto Shields","Sweeping Beam+1","Defragment+1","Barrage","Doom and Gloom","Chaos+1","Clumsy","Defragment","Steam","Biased Cognition","Panacea+1"],"special_seed":0,"relics":["Cracked Core","Mercury Hourglass","Meat on the Bone","Vajra","Cursed Key","Whetstone","Bronze Scales","Oddly Smooth Stone","Bag of Marbles","Busted Crown","Omamori","Ancient Tea Set"],"potions_floor_usage":[24,24,33,35,45,50,50,50],"damage_taken":[{"damage":1.0,"enemies":"2 Louse","floor":1.0,"turns":3.0},{"damage":1.0,"enemies":"Small Slimes","floor":2.0,"turns":4.0},{"damage":0.0,"enemies":"Cultist","floor":3.0,"turns":3.0},{"damage":13,"enemies":"Lagavulin","floor":7,"turns":6},{"damage":8,"enemies":"3 Sentries","floor":11,"turns":5},{"damage":4,"enemies":"Lots of Slimes","floor":14,"turns":3},{"damage":0,"enemies":"The Guardian","floor":16,"turns":11},{"damage":0,"enemies":"Spheric Guardian","floor":18,"turns":4},{"damage":8,"enemies":"3 Byrds","floor":22,"turns":4},{"damage":34,"enemies":"Book of Stabbing","floor":24,"turns":5},{"damage":0,"enemies":"Centurion and Healer","floor":25,"turns":7},{"damage":6,"enemies":"Snecko","floor":29,"turns":6},{"damage":33,"enemies":"Slavers","floor":30,"turns":4},{"damage":10,"enemies":"Chosen and Byrds","floor":31,"turns":4},{"damage":35,"enemies":"Collector","floor":33,"turns":9},{"damage":17,"enemies":"3 Darklings","floor":35,"turns":4},{"damage":11,"enemies":"3 Shapes","floor":37,"turns":4},{"damage":7,"enemies":"Transient","floor":39,"turns":6},{"damage":59,"enemies":"Nemesis","floor":41,"turns":9},{"damage":28,"enemies":"Writhing Mass","floor":45,"turns":6},{"damage":34,"enemies":"Awakened One","floor":50,"turns":11}],"seed_played":"5588708381273163562","potions_obtained":[{"floor":2.0,"key":"Fire Potion"},{"floor":11,"key":"GamblersBrew"},{"floor":16,"key":"Explosive Potion"},{"floor":22,"key":"FocusPotion"},{"floor":24,"key":"SkillPotion"},{"floor":33,"key":"SneckoOil"},{"floor":39,"key":"Explosive Potion"},{"floor":41,"key":"Fire Potion"},{"floor":45,"key":"EntropicBrew"}],"is_trial":false,"path_per_floor":["M","M","M","?","$","R","E","R","T","?","E","?","R","M","R","B",null,"M","?","$","T","M","R","E","M","T","R","$","M","E","M","R","B",null,"M","$","M","?","M","R","E","$","T","R","M","R","?","?","R","B",null],"character_chosen":"DEFECT","items_purchased":["Steam","Defragment","Barrage","Panacea"],"campfire_rested":5,"item_purchase_floors":[5,20,20,36],"current_hp_per_floor":[70,69,69,74,74,74,61,61,61,61,53,53,53,49,49,49,75,75,75,75,75,67,67,45,45,45,45,45,51,30,32,56,33,71,54,54,43,43,48,72,25,25,25,49,33,57,57,57,79,45],"gold":93,"neow_bonus":"TEN_PERCENT_HP_BONUS","is_prod":false,"is_daily":false,"chose_seed":false,"campfire_upgraded":6,"win_rate":0,"timestamp":1562443150,"path_taken":["M","M","M","?","$","R","E","R","T","?","E","?","R","M","R","BOSS","M","?","$","?","M","R","E","M","T","R","$","M","E","?","R","BOSS","M","?","M","?","?","R","E","$","T","R","M","R","?","?","R","BOSS"],"build_version":"2019-07-05","purchased_purges":3,"victory":true,"max_hp_per_floor":[78,78,78,83,83,83,83,83,83,83,83,83,83,83,83,83,83,83,83,83,83,83,83,83,83,83,83,83,83,83,83,83,83,83,83,83,83,83,83,83,83,83,83,83,83,83,83,79,79,79],"card_choices":[{"not_picked":["Coolheaded","Reprogram"],"picked":"Cold Snap","floor":1.0},{"not_picked":["Beam Cell","Gash"],"picked":"FTL","floor":2.0},{"not_picked":["All For One","Coolheaded"],"picked":"Defragment","floor":3.0},{"not_picked":["Hyperbeam","Amplify"],"picked":"Reinforced Body","floor":7},{"not_picked":["Hologram","Darkness"],"picked":"Coolheaded","floor":11},{"not_picked":["Blizzard","Self Repair"],"picked":"Capacitor","floor":14},{"not_picked":["All For One","Fission"],"picked":"Machine Learning","floor":16},{"not_picked":["Recycle+1","Gash+1"],"picked":"Auto Shields","floor":18},{"not_picked":["Stack","Conserve Battery"],"picked":"Doom and Gloom","floor":22},{"not_picked":["Streamline","Tempest","Gash"],"picked":"SKIP","floor":24},{"not_picked":["Steam","Go for the Eyes"],"picked":"Chaos","floor":25},{"not_picked":["Turbo","Rebound","Leap"],"picked":"SKIP","floor":29},{"not_picked":["Gash","Echo Form"],"picked":"Defragment","floor":30},{"not_picked":["Turbo","Rebound"],"picked":"Steam","floor":31},{"not_picked":["Hyperbeam","Buffer"],"picked":"Biased Cognition","floor":33},{"not_picked":["Sweeping Beam"],"picked":"SKIP","floor":35},{"not_picked":["Ball Lightning"],"picked":"SKIP","floor":37},{"not_picked":["Stack"],"picked":"SKIP","floor":39},{"not_picked":["Aggregate"],"picked":"SKIP","floor":41},{"not_picked":["Fusion"],"picked":"SKIP","floor":45}],"player_experience":1117492,"relics_obtained":[{"floor":7,"key":"Mercury Hourglass"},{"floor":9,"key":"Meat on the Bone"},{"floor":11,"key":"Vajra"},{"floor":21,"key":"Whetstone"},{"floor":24,"key":"Bronze Scales"},{"floor":26,"key":"Oddly Smooth Stone"},{"floor":30,"key":"Bag of Marbles"},{"floor":41,"key":"Omamori"},{"floor":43,"key":"Ancient Tea Set"}],"event_choices":[{"damage_healed":0.0,"max_hp_gain":5.0,"max_hp_loss":0.0,"gold_gain":0.0,"event_name":"Big Fish","player_choice":"Donut","floor":4.0,"gold_loss":0.0,"damage_taken":0.0},{"damage_healed":0,"gold_gain":0,"player_choice":"Ignored","damage_taken":0,"max_hp_gain":0,"max_hp_loss":0,"event_name":"Liars Game","floor":10,"gold_loss":0},{"cards_removed":["Defend_B"],"damage_healed":0,"gold_gain":0,"player_choice":"Forget","damage_taken":0,"max_hp_gain":0,"max_hp_loss":0,"event_name":"Living Wall","floor":12,"gold_loss":0},{"damage_healed":0,"gold_gain":0,"player_choice":"1 cards matched","damage_taken":0,"max_hp_gain":0,"max_hp_loss":0,"event_name":"Match and Keep!","floor":19,"gold_loss":0,"cards_obtained":["Sweeping Beam"]},{"damage_healed":0,"gold_gain":0,"player_choice":"Upgraded","damage_taken":0,"max_hp_gain":0,"max_hp_loss":0,"event_name":"Upgrade Shrine","floor":38,"gold_loss":0,"cards_upgraded":["Panacea"]},{"damage_healed":0,"gold_gain":0,"player_choice":"Ignored","damage_taken":0,"max_hp_gain":0,"max_hp_loss":0,"event_name":"Mysterious Sphere","floor":47,"gold_loss":0},{"damage_healed":0,"gold_gain":0,"player_choice":"Max HP","damage_taken":0,"max_hp_gain":0,"max_hp_loss":4,"event_name":"Winding Halls","floor":48,"gold_loss":0}],"is_beta":false,"boss_relics":[{"not_picked":["Velvet Choker","Empty Cage"],"picked":"Cursed Key"},{"not_picked":["Philosopher\u0027s Stone","Sozu"],"picked":"Busted Crown"}],"items_purged_floors":[5,28,42],"is_endless":false,"potions_floor_spawned":[2,11,16,18,22,24,33,39,41,45],"ascension_level":18}