{"gold_per_floor":[111,186,1,1,19,52,52,93,93,93,107,107,122,147,147,237,237,250,250,175,175,193,193],"floor_reached":23,"playtime":1048,"items_purged":[],"score":392,"play_id":"13ae1b78-26f2-4fcc-ba91-0d617fe5d0d1","local_time":"20190708070208","is_ascension_mode":true,"campfire_choices":[{"floor":10,"key":"REST"},{"data":"Whirlwind","floor":12,"key":"SMITH"},{"data":"Shrug It Off","floor":15,"key":"SMITH"}],"neow_cost":"NONE","seed_source_timestamp":1231877090193499,"circlet_count":0,"master_deck":["AscendersBane","Bash","Clothesline","Whirlwind+1","Offering","Twin Strike","Immolate","Shrug It Off+1","Uppercut+1","Sword Boomerang+1","Uppercut+1","Feed+1","Combust","Rampage+1","Sever Soul+1","Flame Barrier","Armaments","Rampage+1","Power Through","Corruption","Evolve","J.A.X.","Flame Barrier"],"relics":["Burning Blood","NeowsBlessing","Golden Idol","Shuriken","Molten Egg 2","Dodecahedron","Pandora\u0027s Box"],"potions_floor_usage":[16],"damage_taken":[{"damage":0,"enemies":"2 Louse","floor":1,"turns":1},{"damage":0,"enemies":"Jaw Worm","floor":5,"turns":1},{"damage":0,"enemies":"Gremlin Nob","floor":6,"turns":1},{"damage":52,"enemies":"Lagavulin","floor":8,"turns":9},{"damage":5,"enemies":"Small Slimes","floor":11,"turns":2},{"damage":0,"enemies":"2 Fungi Beasts","floor":13,"turns":2},{"damage":15,"enemies":"Large Slime","floor":14,"turns":4},{"damage":32,"enemies":"Hexaghost","floor":16,"turns":9},{"damage":16,"enemies":"3 Byrds","floor":18,"turns":6},{"damage":22,"enemies":"2 Thieves","floor":22,"turns":2},{"damage":31,"enemies":"Gremlin Leader","floor":23,"turns":4}],"seed_played":"831961364603273351","potions_obtained":[{"floor":1,"key":"Poison Potion"},{"floor":5,"key":"FairyPotion"},{"floor":6,"key":"Weak Potion"}],"is_trial":false,"path_per_floor":["M","?","$","?","M","E","?","E","T","R","M","R","M","M","R","B",null,"M","?","?","?","M","E"],"character_chosen":"IRONCLAD","items_purchased":["Whirlwind","Offering"],"campfire_rested":1,"item_purchase_floors":[3,3],"current_hp_per_floor":[74,63,63,63,68,68,61,15,15,35,36,36,42,33,33,7,53,47,47,47,47,31,0],"gold":193,"neow_bonus":"THREE_ENEMY_KILL","is_prod":false,"is_daily":false,"chose_seed":false,"campfire_upgraded":2,"win_rate":0,"timestamp":1562562128,"path_taken":["M","?","?","?","M","E","?","E","T","R","M","R","M","M","R","BOSS","M","?","?","?","M","E"],"build_version":"2019-07-05","purchased_purges":0,"victory":false,"max_hp_per_floor":[75,75,75,68,68,68,68,68,68,68,68,68,68,68,68,68,68,72,72,72,72,72,72],"card_choices":[{"not_picked":["Evolve","Warcry"],"picked":"Clothesline","floor":1},{"not_picked":["Wild Strike","Thunderclap"],"picked":"Twin Strike","floor":5},{"not_picked":["Anger","Sword Boomerang"],"picked":"Immolate","floor":6},{"not_picked":["Twin Strike","Havoc"],"picked":"Shrug It Off","floor":8},{"not_picked":["Armaments","Iron Wave+1"],"picked":"Uppercut+1","floor":11},{"not_picked":["Wild Strike+1","True Grit"],"picked":"Sword Boomerang+1","floor":13},{"not_picked":["Perfected Strike+1","Sever Soul+1"],"picked":"Uppercut+1","floor":14},{"not_picked":["Double Tap","Bludgeon+1"],"picked":"Feed+1","floor":16},{"not_picked":["Body Slam+1","Whirlwind+1"],"picked":"Corruption","floor":18},{"not_picked":["Pommel Strike+1","Sever Soul+1"],"picked":"Flame Barrier","floor":22}],"player_experience":634063,"relics_obtained":[{"floor":6,"key":"Shuriken"},{"floor":8,"key":"Molten Egg 2"},{"floor":9,"key":"Dodecahedron"}],"event_choices":[{"damage_healed":0,"gold_gain":75,"player_choice":"Gather Gold","damage_taken":11,"max_hp_gain":0,"max_hp_loss":0,"event_name":"World of Goop","floor":2,"gold_loss":0},{"damage_healed":0,"gold_gain":0,"player_choice":"Lose Max HP","damage_taken":0,"relics_obtained":["Golden Idol"],"max_hp_gain":0,"max_hp_loss":7,"event_name":"Golden Idol","floor":4,"gold_loss":0},{"cards_removed":["Strike_R"],"damage_healed":0,"gold_gain":0,"player_choice":"Card Removal","damage_taken":7,"max_hp_gain":0,"max_hp_loss":0,"event_name":"Golden Wing","floor":7,"gold_loss":0},{"damage_healed":0,"gold_gain":0,"player_choice":"Read","damage_taken":0,"max_hp_gain":0,"max_hp_loss":0,"event_name":"The Library","floor":19,"gold_loss":0,"cards_obtained":["Evolve"]},{"cards_removed":["Rage"],"damage_healed":0,"gold_gain":0,"player_choice":"Gave Gold","damage_taken":0,"max_hp_gain":0,"max_hp_loss":0,"event_name":"Beggar","floor":20,"gold_loss":75},{"damage_healed":0,"gold_gain":0,"player_choice":"Obtain J.A.X.","damage_taken":0,"max_hp_gain":0,"max_hp_loss":0,"event_name":"Drug Dealer","floor":21,"gold_loss":0,"cards_obtained":["J.A.X."]}],"is_beta":false,"boss_relics":[{"not_picked":["Astrolabe","Orrery"],"picked":"Pandora\u0027s Box"}],"items_purged_floors":[],"is_endless":false,"potions_floor_spawned":[1,5,6],"killed_by":"Gremlin Leader","ascension_level":15}