{"gold_per_floor":[114,114,129,204,18,18,48,48,73,73,103,118,148,163,163,263,263,278,293,293,143,158,188,188,218,218,233,233,248,248,278,278,378,378,393,393,408,40,55,55,155,185,210,240,570,585,615,87,87,87],"floor_reached":51,"playtime":4182,"items_purged":[],"score":1316,"play_id":"b27f241f-b9ea-490a-a884-8b3a4c12fd2c","local_time":"20190619110044","daily_mods":["Shiny","Hoarder","DeadlyEvents"],"is_ascension_mode":false,"campfire_choices":[{"data":"Offering","floor":6,"key":"SMITH"},{"data":"Double Tap","floor":8,"key":"SMITH"},{"data":"Immolate","floor":10,"key":"SMITH"},{"floor":15,"key":"DIG"},{"floor":24,"key":"DIG"},{"floor":28,"key":"DIG"},{"floor":32,"key":"DIG"},{"floor":40,"key":"DIG"},{"floor":49,"key":"DIG"}],"neow_cost":"","seed_source_timestamp":0,"circlet_count":0,"master_deck":["Double Tap+1","Demon Form","Bludgeon","Feed","Limit Break","Barricade","Fiend Fire","Dark Embrace","Berserk","Impervious+1","Juggernaut","Reaper","Exhume","Offering+1","Immolate+1","Shockwave","Shockwave+1","Shockwave","Shrug It Off","Shrug It Off","Shrug It Off","Feel No Pain","Feel No Pain","Feel No Pain","Metallicize","Metallicize","Metallicize","Armaments","Armaments","Armaments","Shrug It Off","Shrug It Off","Shrug It Off","Impervious","Impervious","Impervious","Corruption","Corruption","Corruption","Barricade","Barricade","Barricade","Body Slam+1","Body Slam+1","Body Slam+1","Spot Weakness","Spot Weakness","Spot Weakness","Ghostly Armor+1","Ghostly Armor+1","Ghostly Armor+1","Berserk+1","Berserk+1","Berserk+1","Ghostly Armor+1","Ghostly Armor+1","Ghostly Armor+1","Spot Weakness","Spot Weakness","Spot Weakness","Shrug It Off+1","Shrug It Off+1","Shrug It Off+1","Shrug It Off","Shrug It Off","Shrug It Off","Feel No Pain+1","Feel No Pain+1","Feel No Pain+1","Regret","Regret","Regret","Impervious","Impervious","Impervious","Shockwave","Shockwave","Shockwave"],"special_seed":18066,"relics":["Burning Blood","War Paint","Strawberry","Vajra","Shovel","Omamori","Boot","Cursed Key","PreservedInsect","Bronze Scales","Frozen Egg 2","Regal Pillow","Bag of Marbles","Happy Flower","Anchor","Pen Nib","Magic Flower","Black Star","WingedGreaves","Blood Vial","Turnip","Potion Belt","Meat on the Bone","Dream Catcher","Ornamental Fan","Art of War","Letter Opener","Old Coin","Lantern","Bottled Lightning","Medical Kit","Dodecahedron","Blue Candle"],"potions_floor_usage":[19,50,50,50],"damage_taken":[{"damage":0,"enemies":"2 Louse","floor":1,"turns":1},{"damage":6,"enemies":"Cultist","floor":3,"turns":2},{"damage":16,"enemies":"Gremlin Nob","floor":7,"turns":4},{"damage":19,"enemies":"3 Sentries","floor":11,"turns":6},{"damage":11,"enemies":"Jaw Worm","floor":12,"turns":7},{"damage":6,"enemies":"Gremlin Nob","floor":13,"turns":2},{"damage":21,"enemies":"Looter","floor":14,"turns":4},{"damage":6,"enemies":"The Guardian","floor":16,"turns":10},{"damage":14,"enemies":"2 Thieves","floor":18,"turns":4},{"damage":6,"enemies":"Shell Parasite","floor":19,"turns":14},{"damage":6,"enemies":"Cultist and Chosen","floor":22,"turns":8},{"damage":50,"enemies":"Slavers","floor":23,"turns":13},{"damage":20,"enemies":"Book of Stabbing","floor":25,"turns":4},{"damage":11,"enemies":"Centurion and Healer","floor":27,"turns":10},{"damage":0,"enemies":"Snake Plant","floor":29,"turns":7},{"damage":8,"enemies":"Gremlin Leader","floor":31,"turns":9},{"damage":1,"enemies":"Champ","floor":33,"turns":11},{"damage":50,"enemies":"3 Darklings","floor":35,"turns":9},{"damage":8,"enemies":"Orb Walker","floor":37,"turns":4},{"damage":24,"enemies":"Sphere and 2 Shapes","floor":39,"turns":7},{"damage":7,"enemies":"Mind Bloom Boss Battle","floor":41,"turns":9},{"damage":4,"enemies":"Giant Head","floor":42,"turns":8},{"damage":120,"enemies":"Reptomancer","floor":44,"turns":10},{"damage":30,"enemies":"Nemesis","floor":45,"turns":15},{"damage":38,"enemies":"Writhing Mass","floor":46,"turns":8},{"damage":2,"enemies":"Giant Head","floor":47,"turns":7},{"damage":23,"enemies":"Donu and Deca","floor":50,"turns":6}],"seed_played":"6170826981099357843","potions_obtained":[{"floor":1,"key":"Weak Potion"},{"floor":11,"key":"SpeedPotion"},{"floor":13,"key":"LiquidBronze"},{"floor":14,"key":"FearPotion"},{"floor":23,"key":"Ancient Potion"},{"floor":29,"key":"Dexterity Potion"},{"floor":44,"key":"Swift Potion"},{"floor":45,"key":"Block Potion"}],"is_trial":false,"path_per_floor":["M","?","M","?","$","R","E","R","T","R","E","M","E","M","R","B",null,"M","M","?","$","M","E","R","E","T","M","R","M","?","E","R","B",null,"M","?","M","$","M","R","?","E","T","E","E","M","E","$","R","B",null],"character_chosen":"IRONCLAD","items_purchased":["Feel No Pain","War Paint","PreservedInsect","Spot Weakness","WingedGreaves","Medical Kit","Dodecahedron","Shockwave"],"campfire_rested":0,"item_purchase_floors":[5,5,21,38,38,48,48,48],"current_hp_per_floor":[80,90,93,82,82,82,85,85,85,85,72,103,103,88,88,106,106,98,107,107,107,107,97,97,86,86,106,106,112,112,113,113,125,125,129,129,132,132,117,117,131,136,136,84,89,119,129,129,129,123],"gold":87,"neow_bonus":"","is_prod":false,"is_daily":true,"chose_seed":false,"campfire_upgraded":3,"win_rate":0,"timestamp":1560934844,"path_taken":["M","?","?","?","$","R","E","R","T","R","?","M","E","M","R","BOSS","M","M","?","$","M","E","R","E","T","M","R","M","?","E","R","BOSS","M","?","M","$","M","R","?","E","T","E","E","M","E","$","R","BOSS"],"build_version":"2019-01-23","purchased_purges":0,"victory":true,"max_hp_per_floor":[80,90,93,93,93,93,100,100,100,100,100,103,103,103,103,106,106,106,110,110,110,110,113,113,116,116,119,119,119,119,122,122,125,125,129,129,132,132,132,132,132,136,136,136,139,142,142,142,142,145],"card_choices":[{"not_picked":["Iron Wave","Sentinel"],"picked":"Shockwave","floor":1},{"not_picked":["Reckless Charge","Hemokinesis"],"picked":"Shrug It Off","floor":3},{"not_picked":["True Grit","Rupture"],"picked":"Metallicize","floor":7},{"not_picked":["Barricade","Havoc"],"picked":"Armaments","floor":11},{"not_picked":["Evolve","Headbutt"],"picked":"Shrug It Off","floor":12},{"not_picked":["Spot Weakness","Entrench"],"picked":"Impervious","floor":13},{"not_picked":["Iron Wave","Entrench"],"picked":"Corruption","floor":14},{"not_picked":["Impervious","Reaper"],"picked":"Barricade","floor":16},{"not_picked":["Clash","Power Through","Hemokinesis"],"picked":"SKIP","floor":18},{"not_picked":["Hemokinesis","Pommel Strike"],"picked":"Body Slam+1","floor":19},{"not_picked":["Combust","True Grit","Anger+1"],"picked":"SKIP","floor":22},{"not_picked":["Intimidate","Infernal Blade","Dropkick"],"picked":"SKIP","floor":23},{"not_picked":["Clothesline+1","Wild Strike+1","Clash"],"picked":"SKIP","floor":25},{"not_picked":["Corruption+1","Headbutt"],"picked":"Ghostly Armor+1","floor":27},{"not_picked":["Flex","Heavy Blade","Rampage"],"picked":"SKIP","floor":29},{"not_picked":["Sever Soul","Pommel Strike","Whirlwind+1"],"picked":"SKIP","floor":31},{"not_picked":["Feed","Immolate"],"picked":"Berserk+1","floor":33},{"not_picked":["Twin Strike+1","Perfected Strike+1","Sever Soul"],"picked":"SKIP","floor":35},{"not_picked":["Perfected Strike","Ghostly Armor+1","Bloodletting+1"],"picked":"SKIP","floor":37},{"not_picked":["Perfected Strike","Bloodletting+1"],"picked":"Ghostly Armor+1","floor":37},{"not_picked":["Combust+1","Heavy Blade"],"picked":"Shrug It Off+1","floor":39},{"not_picked":["Iron Wave","Twin Strike+1"],"picked":"Shrug It Off","floor":41},{"not_picked":["Seeing Red","Sword Boomerang+1"],"picked":"Feel No Pain+1","floor":42},{"not_picked":["Battle Trance+1","Disarm"],"picked":"Impervious","floor":44},{"not_picked":["Combust+1","Whirlwind","Sever Soul"],"picked":"SKIP","floor":45},{"not_picked":["Pommel Strike+1","Wild Strike","Heavy Blade+1"],"picked":"SKIP","floor":46},{"not_picked":["Clash+1","Perfected Strike+1","Flex+1"],"picked":"SKIP","floor":47}],"player_experience":561500,"relics_obtained":[{"floor":7,"key":"Strawberry"},{"floor":9,"key":"Vajra"},{"floor":11,"key":"Shovel"},{"floor":13,"key":"Omamori"},{"floor":15,"key":"Boot"},{"floor":23,"key":"Bronze Scales"},{"floor":24,"key":"Frozen Egg 2"},{"floor":25,"key":"Regal Pillow"},{"floor":26,"key":"Bag of Marbles"},{"floor":28,"key":"Happy Flower"},{"floor":31,"key":"Pen Nib"},{"floor":32,"key":"Magic Flower"},{"floor":40,"key":"Blood Vial"},{"floor":41,"key":"Turnip"},{"floor":42,"key":"Potion Belt"},{"floor":42,"key":"Meat on the Bone"},{"floor":43,"key":"Dream Catcher"},{"floor":44,"key":"Ornamental Fan"},{"floor":44,"key":"Art of War"},{"floor":45,"key":"Letter Opener"},{"floor":45,"key":"Old Coin"},{"floor":47,"key":"Lantern"},{"floor":47,"key":"Bottled Lightning"},{"floor":49,"key":"Blue Candle"}],"event_choices":[{"cards_removed":["Brutality"],"damage_healed":0,"gold_gain":0,"player_choice":"Offered Rare","damage_taken":0,"max_hp_gain":10,"max_hp_loss":0,"event_name":"Bonfire Elementals","floor":2,"gold_loss":0},{"damage_healed":0,"gold_gain":75,"player_choice":"Gather Gold","damage_taken":11,"max_hp_gain":0,"max_hp_loss":0,"event_name":"World of Goop","floor":4,"gold_loss":0},{"damage_healed":0,"gold_gain":0,"player_choice":"Read","damage_taken":0,"max_hp_gain":0,"max_hp_loss":0,"event_name":"The Library","floor":20,"gold_loss":0,"cards_obtained":["Spot Weakness"]},{"damage_healed":0,"gold_gain":0,"player_choice":"Stole Relic","damage_taken":0,"relics_obtained":["Anchor"],"max_hp_gain":0,"max_hp_loss":0,"event_name":"Addict","floor":30,"gold_loss":0,"cards_obtained":["Shame"]},{"damage_healed":0,"gold_gain":0,"player_choice":"Ignored","damage_taken":0,"max_hp_gain":0,"max_hp_loss":0,"event_name":"Tomb of Lord Red Mask","floor":36,"gold_loss":0},{"damage_healed":0,"gold_gain":0,"player_choice":"Fight","damage_taken":0,"max_hp_gain":0,"max_hp_loss":0,"event_name":"MindBloom","floor":41,"gold_loss":0}],"is_beta":false,"boss_relics":[{"not_picked":["Runic Cube","Ectoplasm"],"picked":"Cursed Key"},{"not_picked":["Busted Crown","Orrery"],"picked":"Black Star"}],"items_purged_floors":[],"is_endless":false,"potions_floor_spawned":[1,11,13,14,16,18,23,27,29,35,39,44,45],"ascension_level":0}