{"gold_per_floor":[112,112,127,142,0,34,34,69,140,140],"floor_reached":10,"playtime":432,"items_purged":["Injury"],"score":133,"play_id":"077f662c-343a-40f4-8eea-4801debf5709","local_time":"20191006230741","is_ascension_mode":true,"campfire_choices":[{"data":"Bouncing Flask","floor":7,"key":"SMITH"}],"neow_cost":"NONE","seed_source_timestamp":1155662345331500,"circlet_count":0,"master_deck":["AscendersBane","Strike_G","Strike_G","Strike_G","Strike_G","Strike_G","Defend_G","Defend_G","Defend_G","Defend_G","Defend_G","Survivor","Neutralize","Flying Knee","Backflip","Deadly Poison","Bouncing Flask+1","Envenom","Poisoned Stab"],"relics":["Ring of the Snake","NeowsBlessing","Golden Idol","StoneCalendar","Smiling Mask","Bottled Tornado"],"potions_floor_usage":[6],"damage_taken":[{"damage":0,"enemies":"Jaw Worm","floor":1,"turns":1},{"damage":0,"enemies":"Small Slimes","floor":3,"turns":1},{"damage":0,"enemies":"Cultist","floor":4,"turns":1},{"damage":36,"enemies":"3 Sentries","floor":6,"turns":11},{"damage":35,"enemies":"Gremlin Nob","floor":8,"turns":5},{"damage":7,"enemies":"Exordium Wildlife","floor":10,"turns":3}],"seed_played":"-3427741183122698485","potions_obtained":[{"floor":3,"key":"Regen Potion"}],"is_trial":false,"path_per_floor":["M","?","M","M","$","E","R","E","T","M"],"character_chosen":"THE_SILENT","items_purchased":["Bouncing Flask"],"campfire_rested":0,"item_purchase_floors":[5],"current_hp_per_floor":[59,59,59,59,59,38,38,3,3,0],"gold":140,"neow_bonus":"THREE_ENEMY_KILL","is_prod":false,"is_daily":false,"chose_seed":false,"campfire_upgraded":1,"win_rate":0,"timestamp":1570396061,"path_taken":["M","?","M","M","$","E","R","E","T","M"],"build_version":"2019-10-04","purchased_purges":1,"victory":false,"max_hp_per_floor":[66,66,66,66,66,66,66,66,66,66],"card_choices":[{"not_picked":["Blade Dance","Cloak And Dagger"],"picked":"Flying Knee","floor":1},{"not_picked":["Prepared","Setup"],"picked":"Backflip","floor":3},{"not_picked":["Masterful Stab","Endless Agony"],"picked":"Deadly Poison","floor":4},{"not_picked":["Prepared","Dagger Throw"],"picked":"Envenom","floor":6},{"not_picked":["Terror","Masterful Stab"],"picked":"Poisoned Stab","floor":8}],"player_experience":942724,"relics_obtained":[{"floor":6,"key":"StoneCalendar"},{"floor":8,"key":"Smiling Mask"},{"floor":9,"key":"Bottled Tornado"}],"event_choices":[{"damage_healed":0,"gold_gain":0,"player_choice":"Take Wound","damage_taken":0,"relics_obtained":["Golden Idol"],"max_hp_gain":0,"max_hp_loss":0,"event_name":"Golden Idol","floor":2,"gold_loss":0,"cards_obtained":["Injury"]}],"is_beta":true,"boss_relics":[],"items_purged_floors":[5],"is_endless":false,"potions_floor_spawned":[3],"killed_by":"Exordium Wildlife","ascension_level":15}