{"gold_per_floor":[216,229,179,7,7,40,50,50,50,78,89,89,12,32,32,131,131,151,151,9,108,120,120,149,149,175,193,34,46,56,73,73,172,172,191,23,42,60,8,8,18,28,54,64,76,76],"floor_reached":46,"playtime":4302,"items_purged":["Strike_R","Rupture+1"],"score":481,"play_id":"0056d640-884b-4ce1-bf82-78402a459e50","local_time":"20191003144038","is_ascension_mode":false,"campfire_choices":[{"data":"Body Slam","floor":8,"key":"SMITH"},{"data":"Armaments","floor":12,"key":"SMITH"},{"data":"Shrug It Off","floor":15,"key":"SMITH"},{"data":"Body Slam","floor":23,"key":"SMITH"},{"data":"Metallicize","floor":25,"key":"SMITH"},{"data":"Barricade","floor":32,"key":"SMITH"},{"data":"Shrug It Off","floor":40,"key":"SMITH"}],"neow_cost":"NONE","seed_source_timestamp":1818527703108700,"circlet_count":0,"master_deck":["Defend_R","Defend_R","Bash","Body Slam+1","Shrug It Off+1","Inflame","Armaments+1","Metallicize+1","Spot Weakness","Thunderclap","Shrug It Off+1","Flame Barrier","Juggernaut","Body Slam+1","Bite","Bite","Bite","Bite","Bite","Heavy Blade+1","Body Slam","Pommel Strike+1","Barricade+1","True Grit+1","Pommel Strike","Cleave+1","Ghostly Armor+1","Flame Barrier+1","Armaments+1","Inflame","Heavy Blade+1","Warcry+1","Dual Wield+1","Pommel Strike+1"],"relics":["Burning Blood","Blood Vial","Bottled Flame","Bottled Tornado","Philosopher\u0027s Stone","Pen Nib","Bag of Preparation","Astrolabe","Potion Belt"],"potions_floor_usage":[10,10,24,37,38,38,44,45,46,46],"damage_taken":[{"damage":7,"enemies":"2 Louse","floor":1,"turns":3},{"damage":12,"enemies":"Small Slimes","floor":2,"turns":3},{"damage":20,"enemies":"Lagavulin","floor":6,"turns":11},{"damage":1,"enemies":"Cultist","floor":7,"turns":5},{"damage":30,"enemies":"Gremlin Nob","floor":10,"turns":6},{"damage":12,"enemies":"Exordium Thugs","floor":11,"turns":7},{"damage":0,"enemies":"Blue Slaver","floor":14,"turns":4},{"damage":31,"enemies":"The Guardian","floor":16,"turns":12},{"damage":29,"enemies":"Chosen","floor":18,"turns":7},{"damage":16,"enemies":"Spheric Guardian","floor":22,"turns":4},{"damage":7,"enemies":"Book of Stabbing","floor":24,"turns":5},{"damage":24,"enemies":"Snecko","floor":27,"turns":6},{"damage":3,"enemies":"Cultist and Chosen","floor":29,"turns":6},{"damage":11,"enemies":"Centurion and Healer","floor":30,"turns":6},{"damage":33,"enemies":"Shelled Parasite and Fungi","floor":31,"turns":5},{"damage":34,"enemies":"Automaton","floor":33,"turns":9},{"damage":6,"enemies":"3 Shapes","floor":35,"turns":4},{"damage":16,"enemies":"3 Darklings","floor":37,"turns":4},{"damage":37,"enemies":"Spire Growth","floor":38,"turns":5},{"damage":13,"enemies":"Maw","floor":41,"turns":7},{"damage":7,"enemies":"4 Shapes","floor":42,"turns":3},{"damage":47,"enemies":"Spire Growth","floor":44,"turns":5},{"damage":5,"enemies":"Sphere and 2 Shapes","floor":45,"turns":9},{"damage":48,"enemies":"Reptomancer","floor":46,"turns":2}],"seed_played":"7122481812762785170","potions_obtained":[{"floor":2,"key":"Strength Potion"},{"floor":6,"key":"Weak Potion"},{"floor":10,"key":"Fruit Juice"},{"floor":24,"key":"Strength Potion"},{"floor":27,"key":"Energy Potion"},{"floor":29,"key":"Weak Potion"},{"floor":33,"key":"Energy Potion"},{"floor":38,"key":"Dexterity Potion"},{"floor":41,"key":"BloodPotion"},{"floor":44,"key":"Fire Potion"}],"is_trial":false,"path_per_floor":["M","M","?","$","?","E","M","R","T","E","M","R","$","M","R","B",null,"M","?","$","?","M","R","E","R","T","M","$","M","M","M","R","B",null,"M","$","M","M","$","R","M","M","T","M","M","E"],"character_chosen":"IRONCLAD","items_purchased":["Shrug It Off","Inflame","Shrug It Off","Weak Potion","Feed","Barricade","Inflame","Swift Potion"],"campfire_rested":0,"item_purchase_floors":[4,4,13,13,20,28,36,39],"current_hp_per_floor":[79,73,73,73,73,59,66,66,66,49,45,45,45,53,53,30,85,62,59,59,59,49,49,59,59,59,51,51,59,59,35,35,20,59,59,59,53,29,29,29,24,30,30,11,22,0],"gold":76,"neow_bonus":"HUNDRED_GOLD","is_prod":false,"is_daily":false,"chose_seed":false,"campfire_upgraded":7,"win_rate":0.0,"timestamp":1570128038,"path_taken":["M","M","?","$","?","E","?","R","T","E","M","R","$","M","R","BOSS","M","?","$","?","M","R","E","R","T","M","$","M","M","M","R","BOSS","M","$","M","M","$","R","M","M","T","M","M","E"],"build_version":"2019-07-17","purchased_purges":2,"victory":false,"max_hp_per_floor":[80,80,80,80,80,80,80,80,80,85,85,85,85,85,85,85,85,85,59,59,59,59,59,59,59,59,59,59,59,59,59,59,59,59,59,59,59,59,59,59,59,59,59,59,59,59],"card_choices":[{"not_picked":["True Grit","Warcry"],"picked":"Body Slam","floor":1},{"not_picked":["Sever Soul","Clash","Pummel"],"picked":"SKIP","floor":2},{"not_picked":["Rampage","Second Wind"],"picked":"Metallicize","floor":6},{"not_picked":["Disarm","Sword Boomerang","Perfected Strike"],"picked":"SKIP","floor":7},{"not_picked":["Heavy Blade","Armaments"],"picked":"Spot Weakness","floor":10},{"not_picked":["Pommel Strike","Bloodletting"],"picked":"Thunderclap","floor":11},{"not_picked":["Cleave","Offering"],"picked":"Flame Barrier","floor":14},{"not_picked":["Feed","Reaper"],"picked":"Juggernaut","floor":16},{"not_picked":["Warcry","Flex+1"],"picked":"Body Slam","floor":18},{"not_picked":["Searing Blow","Shrug It Off+1"],"picked":"Heavy Blade+1","floor":22},{"not_picked":["Power Through","Iron Wave+1"],"picked":"Body Slam","floor":24},{"not_picked":["Blood for Blood","Thunderclap"],"picked":"Pommel Strike+1","floor":27},{"not_picked":["Clothesline","Thunderclap"],"picked":"True Grit+1","floor":29},{"not_picked":["Bloodletting","Shockwave"],"picked":"Pommel Strike","floor":30},{"not_picked":["Anger","Thunderclap"],"picked":"Cleave+1","floor":31},{"not_picked":["Clothesline","True Grit+1"],"picked":"Armaments+1","floor":35},{"not_picked":["Corruption+1","Twin Strike+1"],"picked":"Heavy Blade+1","floor":37},{"not_picked":["Pommel Strike","Perfected Strike"],"picked":"Warcry+1","floor":38},{"not_picked":["Clash","Clothesline+1"],"picked":"Dual Wield+1","floor":41},{"not_picked":["Warcry","Rampage","Perfected Strike"],"picked":"SKIP","floor":42},{"not_picked":["Spot Weakness","Cleave"],"picked":"Pommel Strike+1","floor":44},{"not_picked":["Heavy Blade","Twin Strike+1","Headbutt"],"picked":"SKIP","floor":45}],"player_experience":8352,"relics_obtained":[{"floor":6,"key":"Blood Vial"},{"floor":9,"key":"Bottled Flame"},{"floor":10,"key":"Bottled Tornado"},{"floor":24,"key":"Pen Nib"},{"floor":26,"key":"Bag of Preparation"},{"floor":43,"key":"Potion Belt"}],"event_choices":[{"cards_removed":["Strike_R"],"damage_healed":0,"gold_gain":0,"player_choice":"Card Removal","damage_taken":0,"max_hp_gain":0,"max_hp_loss":0,"event_name":"The Cleric","floor":3,"gold_loss":50},{"damage_healed":0,"gold_gain":0,"cards_transformed":["Strike_R"],"player_choice":"Transformed","damage_taken":0,"max_hp_gain":0,"max_hp_loss":0,"event_name":"Transmorgrifier","floor":5,"gold_loss":0,"cards_obtained":["Armaments"]},{"damage_healed":0,"gold_gain":0,"player_choice":"Became a vampire","damage_taken":0,"max_hp_gain":0,"max_hp_loss":26,"event_name":"Vampires","floor":19,"gold_loss":0,"cards_obtained":["Bite","Bite","Bite","Bite","Bite"]},{"damage_healed":0,"gold_gain":99,"player_choice":"Stole From Cult","damage_taken":0,"max_hp_gain":0,"max_hp_loss":0,"event_name":"Nest","floor":21,"gold_loss":0}],"is_beta":false,"boss_relics":[{"not_picked":["Snecko Eye","Fusion Hammer"],"picked":"Philosopher\u0027s Stone"},{"not_picked":["Orrery","Eternal Feather"],"picked":"Astrolabe"}],"items_purged_floors":[4,36],"is_endless":false,"potions_floor_spawned":[2,6,10,24,27,29,33,38,41,42,44],"killed_by":"Reptomancer","ascension_level":0}