{"gold_per_floor":[414,59,71,87,87,120,139,139,165,165,180,198,231,247,247,344,344,357,209,209,226,74,74,108,108,108,108,125,125,142,153,153,248,248,264,364,375,392,392,426,426,453,503,503,537,550,568,568,568,568,568,568,57,90,90],"floor_reached":55,"playtime":3163,"items_purged":[],"score":814,"play_id":"4b8e40a7-2b60-4a6b-9930-fc6a3973dfa1","local_time":"20190315231321","is_ascension_mode":false,"campfire_choices":[{"data":"Body Slam","floor":8,"key":"SMITH"},{"data":"Body Slam","floor":10,"key":"SMITH"},{"data":"Rupture","floor":15,"key":"SMITH"},{"data":"Entrench","floor":23,"key":"SMITH"},{"data":"Barricade","floor":25,"key":"SMITH"},{"data":"Uppercut","floor":29,"key":"SMITH"},{"data":"Rage","floor":32,"key":"SMITH"},{"floor":41,"key":"RECALL"},{"data":"Impervious","floor":49,"key":"SMITH"},{"data":"Shrug It Off","floor":52,"key":"SMITH"}],"neow_cost":"PERCENT_DAMAGE","seed_source_timestamp":4585603128218848,"circlet_count":0,"master_deck":["Strike_R","Strike_R","Strike_R","Strike_R","Strike_R+1","Defend_R","Defend_R","Defend_R","Defend_R","Bash","Body Slam+1","Hemokinesis","Metallicize","Body Slam+1","Heavy Blade","Regret","Iron Wave","Ghostly Armor","Rupture+1","True Grit","Sword Boomerang+1","Rage+1","Barricade+1","Metallicize+1","Entrench+1","Uppercut+1","Cleave+1","Shrug It Off+1","Injury","Ghostly Armor","Disarm","Impervious+1","Pommel Strike+1","Sword Boomerang","Entrench+1","Writhe","Chrysalis","Shrug It Off+1","Headbutt","Flame Barrier+1"],"relics":["Burning Blood","Old Coin","Mercury Hourglass","Red Skull","Centennial Puzzle","Lantern","Anchor","Cursed Key","Pen Nib","Magic Flower","Sozu","Du-Vu Doll","Meat on the Bone","Whetstone","Art of War","Oddly Smooth Stone","Shuriken","Toolbox","Strawberry"],"potions_floor_usage":[16,55,55],"damage_taken":[{"damage":3,"enemies":"2 Louse","floor":1,"turns":3},{"damage":0,"enemies":"Jaw Worm","floor":3,"turns":3},{"damage":4,"enemies":"Small Slimes","floor":4,"turns":3},{"damage":28,"enemies":"Lagavulin","floor":6,"turns":6},{"damage":9,"enemies":"2 Fungi Beasts","floor":7,"turns":3},{"damage":9,"enemies":"Large Slime","floor":11,"turns":4},{"damage":0,"enemies":"Exordium Thugs","floor":12,"turns":2},{"damage":13,"enemies":"3 Sentries","floor":13,"turns":6},{"damage":0,"enemies":"Looter","floor":14,"turns":2},{"damage":24,"enemies":"Hexaghost","floor":16,"turns":5},{"damage":16,"enemies":"3 Byrds","floor":18,"turns":4},{"damage":0,"enemies":"Colosseum Slavers","floor":20,"turns":4},{"damage":9,"enemies":"2 Thieves","floor":21,"turns":4},{"damage":9,"enemies":"Gremlin Leader","floor":24,"turns":5},{"damage":14,"enemies":"Cultist and Chosen","floor":28,"turns":7},{"damage":7,"enemies":"Shelled Parasite and Fungi","floor":30,"turns":5},{"damage":7,"enemies":"Sentry and Sphere","floor":31,"turns":4},{"damage":29,"enemies":"Champ","floor":33,"turns":10},{"damage":8,"enemies":"Orb Walker","floor":35,"turns":3},{"damage":4,"enemies":"Mind Bloom Boss Battle","floor":36,"turns":9},{"damage":3,"enemies":"3 Darklings","floor":37,"turns":3},{"damage":5,"enemies":"Sphere and 2 Shapes","floor":38,"turns":3},{"damage":5,"enemies":"Nemesis","floor":40,"turns":7},{"damage":34,"enemies":"Reptomancer","floor":42,"turns":5},{"damage":19,"enemies":"Nemesis","floor":45,"turns":9},{"damage":3,"enemies":"Jaw Worm Horde","floor":46,"turns":4},{"damage":15,"enemies":"Transient","floor":47,"turns":5},{"damage":61,"enemies":"Awakened One","floor":50,"turns":13},{"damage":5,"enemies":"Shield and Spear","floor":54,"turns":4},{"damage":110,"enemies":"The Heart","floor":55,"turns":6}],"seed_played":"7702657097742055917","potions_obtained":[{"floor":1,"key":"Energy Potion"},{"floor":4,"key":"Strength Potion"},{"floor":11,"key":"FearPotion"},{"floor":21,"key":"Ancient Potion"}],"is_trial":false,"path_per_floor":["M","$","M","M","?","E","M","R","T","R","M","M","E","M","R","B",null,"M","$","?","M","$","R","E","R","T","?","M","R","M","M","R","B",null,"M","?","M","M","?","E","R","E","T","?","E","M","M","?","R","B",null,"R","$","E","B"],"character_chosen":"IRONCLAD","items_purchased":["Hemokinesis","Mercury Hourglass","Metallicize","Entrench","Uppercut","Pen Nib","Shuriken","Headbutt","Toolbox"],"campfire_rested":0,"item_purchase_floors":[2,2,2,19,19,22,53,53,53],"current_hp_per_floor":[59,59,65,67,67,45,42,42,42,42,39,45,38,44,44,26,80,70,70,76,73,73,73,70,70,70,70,65,65,67,69,69,49,80,80,80,80,80,80,80,80,55,55,55,63,69,63,63,63,29,80,80,80,87,0],"gold":90,"neow_bonus":"ONE_RARE_RELIC","is_prod":false,"is_daily":false,"chose_seed":false,"campfire_upgraded":9,"win_rate":0,"timestamp":1552706001,"path_taken":["M","$","M","M","?","E","M","R","T","R","M","M","E","M","R","BOSS","M","$","?","M","$","R","E","R","T","?","M","R","M","M","R","BOSS","M","?","M","M","?","E","R","E","T","?","E","?","M","?","R","BOSS","R","$","E","BOSS"],"build_version":"2019-01-23","purchased_purges":0,"victory":false,"max_hp_per_floor":[80,80,80,80,80,80,80,80,80,80,80,80,80,80,80,80,80,80,80,80,80,80,80,80,80,80,80,80,80,80,80,80,80,80,80,80,80,80,80,80,80,80,80,80,80,80,80,80,80,80,80,80,80,87,87],"card_choices":[{"not_picked":["Seeing Red","Flex"],"picked":"Body Slam","floor":1},{"not_picked":["Feel No Pain","Carnage"],"picked":"Body Slam","floor":3},{"not_picked":["Sever Soul","Warcry"],"picked":"Heavy Blade","floor":4},{"not_picked":["True Grit","Flex"],"picked":"Iron Wave","floor":6},{"not_picked":["Dark Embrace","Heavy Blade"],"picked":"Ghostly Armor","floor":7},{"not_picked":["Body Slam","Armaments"],"picked":"Rupture","floor":11},{"not_picked":["Carnage","Body Slam"],"picked":"True Grit","floor":12},{"not_picked":["Bloodletting","Thunderclap"],"picked":"Sword Boomerang","floor":13},{"not_picked":["Armaments","Sentinel"],"picked":"Rage","floor":14},{"not_picked":["Bludgeon","Offering"],"picked":"Barricade","floor":16},{"not_picked":["Dual Wield","Searing Blow"],"picked":"Metallicize+1","floor":18},{"not_picked":["Blood for Blood","Intimidate"],"picked":"Cleave+1","floor":21},{"not_picked":["Spot Weakness","Intimidate"],"picked":"Shrug It Off","floor":24},{"not_picked":["Dropkick","Warcry"],"picked":"Ghostly Armor","floor":28},{"not_picked":["Clothesline","Ghostly Armor"],"picked":"Disarm","floor":30},{"not_picked":["Pommel Strike","Bloodletting","Ghostly Armor"],"picked":"SKIP","floor":31},{"not_picked":["Immolate","Barricade"],"picked":"Impervious","floor":33},{"not_picked":["Cleave+1","Sentinel+1","Corruption+1"],"picked":"SKIP","floor":35},{"not_picked":["Warcry","Immolate"],"picked":"Pommel Strike+1","floor":36},{"not_picked":["True Grit","Dropkick+1"],"picked":"Sword Boomerang","floor":37},{"not_picked":["Sword Boomerang","Havoc","Rage+1"],"picked":"SKIP","floor":38},{"not_picked":["Perfected Strike+1","Shrug It Off"],"picked":"Entrench+1","floor":40},{"not_picked":["Body Slam","Pommel Strike+1","Pummel+1"],"picked":"SKIP","floor":42},{"not_picked":["Discovery","Bandage Up"],"picked":"Chrysalis","floor":44},{"not_picked":["Ghostly Armor+1","Metallicize","Thunderclap"],"picked":"SKIP","floor":45},{"not_picked":["Pummel","Armaments"],"picked":"Shrug It Off+1","floor":46},{"not_picked":["Twin Strike","Warcry","Thunderclap"],"picked":"SKIP","floor":47},{"not_picked":["Juggernaut","Shrug It Off+1"],"picked":"Flame Barrier+1","floor":54}],"player_experience":722360,"relics_obtained":[{"floor":6,"key":"Centennial Puzzle"},{"floor":9,"key":"Lantern"},{"floor":13,"key":"Anchor"},{"floor":24,"key":"Magic Flower"},{"floor":36,"key":"Du-Vu Doll"},{"floor":40,"key":"Meat on the Bone"},{"floor":42,"key":"Whetstone"},{"floor":43,"key":"Art of War"},{"floor":45,"key":"Oddly Smooth Stone"},{"floor":54,"key":"Strawberry"}],"event_choices":[{"damage_healed":0,"gold_gain":0,"player_choice":"Box","damage_taken":0,"relics_obtained":["Red Skull"],"max_hp_gain":0,"max_hp_loss":0,"event_name":"Big Fish","floor":5,"gold_loss":0,"cards_obtained":["Regret"]},{"damage_healed":0,"gold_gain":0,"player_choice":"Fight","damage_taken":0,"max_hp_gain":0,"max_hp_loss":0,"event_name":"Colosseum","floor":20,"gold_loss":0},{"damage_healed":0,"gold_gain":0,"player_choice":"Fled From Nobs","damage_taken":0,"max_hp_gain":0,"max_hp_loss":0,"event_name":"Colosseum","floor":20,"gold_loss":0},{"damage_healed":0,"gold_gain":0,"player_choice":"Ignored","damage_taken":0,"max_hp_gain":0,"max_hp_loss":0,"event_name":"Ghosts","floor":27,"gold_loss":0},{"damage_healed":0,"gold_gain":0,"player_choice":"Fight","damage_taken":0,"max_hp_gain":0,"max_hp_loss":0,"event_name":"MindBloom","floor":36,"gold_loss":0},{"damage_healed":0,"gold_gain":0,"player_choice":"Ignored","damage_taken":0,"max_hp_gain":0,"max_hp_loss":0,"event_name":"Tomb of Lord Red Mask","floor":39,"gold_loss":0},{"damage_healed":0,"gold_gain":0,"player_choice":"Memory 1","damage_taken":0,"max_hp_gain":0,"max_hp_loss":0,"event_name":"SensoryStone","floor":44,"gold_loss":0},{"damage_healed":0,"gold_gain":0,"player_choice":"Ignored","damage_taken":0,"max_hp_gain":0,"max_hp_loss":0,"event_name":"Mysterious Sphere","floor":48,"gold_loss":0}],"is_beta":false,"boss_relics":[{"not_picked":["Runic Dome","White Beast Statue"],"picked":"Cursed Key"},{"not_picked":["Fusion Hammer","Black Star"],"picked":"Sozu"}],"items_purged_floors":[],"is_endless":false,"potions_floor_spawned":[1,4,11,13,14,20,21,33,35,40,42,46],"killed_by":"The Heart","ascension_level":0}