{"gold_per_floor":[115,115,115,40,61,61,104,104,173,208,233,248,423,442,442,566,566,586,599,45,45,66,66,89,129,202,241,260,304,325,349,349,469,469,488,94,117,117,64,64,104,104,150,150,170,170,193,218,218,218],"floor_reached":51,"playtime":7624,"items_purged":["Normality","Doubt","Injury"],"score":824,"play_id":"22bab7b7-ccd7-4cf8-8123-5624d843464e","local_time":"20180714145923","is_ascension_mode":false,"campfire_choices":[{"floor":6,"key":"REST"},{"data":"Neutralize","floor":8,"key":"SMITH"},{"data":"Noxious Fumes","floor":15,"key":"SMITH"},{"floor":23,"key":"REST"},{"floor":32,"key":"REST"},{"data":"Envenom","floor":40,"key":"SMITH"},{"floor":42,"key":"REST"},{"data":"Noxious Fumes","floor":44,"key":"SMITH"},{"floor":49,"key":"REST"}],"neow_cost":"CURSE","seed_source_timestamp":0,"circlet_count":0,"master_deck":["Defend_G","Defend_G","Defend_G","Defend_G","Defend_G","Strike_G","Strike_G","Survivor","Neutralize+1","Well Laid Plans","Outmaneuver","Noxious Fumes+1","Catalyst+1","Deadly Poison+1","Backflip+1","Venomology+1","Dagger Spray","Deflect+1","Apotheosis+1","Doppelganger+1","Deep Breath+1","Noxious Fumes+1","Envenom+1","Quick Slash+1","Dagger Spray","Deadly Poison+1","Prepared+1","PiercingWail+1","Outmaneuver+1","Heel Hook+1","Dash+1","Leg Sweep+1","Acrobatics+1","Deadly Poison+1","Flechettes+1","Prepared+1","Parasite","Bane+1","After Image","Catalyst+1"],"special_seed":17726,"relics":["Ring of the Snake","Calipers","Incense Burner","Golden Idol","Meat on the Bone","Toxic Egg 2","Pen Nib","Cursed Key","Shuriken","Matryoshka","Dodecahedron","Gambling Chip","Astrolabe","Gremlin Horn","Smiling Mask","Vajra","Boot"],"potions_floor_usage":[7,16,18,25,27,29,33,33,37,48,50,50,50,50],"damage_taken":[{"damage":5,"enemies":"2 Louse","floor":1,"turns":4},{"damage":0,"enemies":"Small Slimes","floor":5,"turns":4},{"damage":16,"enemies":"Lagavulin","floor":7,"turns":11},{"damage":28,"enemies":"Gremlin Nob","floor":10,"turns":6},{"damage":4,"enemies":"Cultist","floor":11,"turns":4},{"damage":4,"enemies":"Large Slime","floor":12,"turns":7},{"damage":7,"enemies":"2 Fungi Beasts","floor":14,"turns":4},{"damage":0,"enemies":"The Guardian","floor":16,"turns":7},{"damage":23,"enemies":"Spheric Guardian","floor":18,"turns":6},{"damage":9,"enemies":"Shell Parasite","floor":19,"turns":3},{"damage":1,"enemies":"Cultist and Chosen","floor":22,"turns":8},{"damage":11,"enemies":"Slaver and Parasite","floor":24,"turns":6},{"damage":7,"enemies":"Gremlin Leader","floor":25,"turns":5},{"damage":7,"enemies":"Book of Stabbing","floor":27,"turns":5},{"damage":15,"enemies":"Centurion and Healer","floor":28,"turns":5},{"damage":33,"enemies":"Slavers","floor":29,"turns":5},{"damage":0,"enemies":"Snecko","floor":30,"turns":3},{"damage":0,"enemies":"Chosen and Byrds","floor":31,"turns":4},{"damage":4,"enemies":"Automaton","floor":33,"turns":5},{"damage":2,"enemies":"Orb Walker","floor":35,"turns":3},{"damage":14,"enemies":"3 Shapes","floor":37,"turns":5},{"damage":4,"enemies":"Giant Head","floor":41,"turns":7},{"damage":8,"enemies":"Transient","floor":45,"turns":5},{"damage":1,"enemies":"Maw","floor":47,"turns":4},{"damage":20,"enemies":"Flame Bruiser 2 Orb","floor":48,"turns":4},{"damage":46,"enemies":"Awakened One","floor":50,"turns":9}],"seed_played":"-1557900698408723444","potions_obtained":[{"floor":1,"key":"Strength Potion"},{"floor":11,"key":"Poison Potion"},{"floor":25,"key":"Dexterity Potion"},{"floor":28,"key":"Poison Potion"}],"is_trial":false,"path_per_floor":["M","?","?","$","M","R","E","R","T","E","M","M","?","M","R","B",null,"M","M","$","?","M","R","M","E","T","E","M","E","M","M","R","B",null,"M","$","M","?","$","R","E","R","T","R","M","?","M","M","R","B"],"character_chosen":"THE_SILENT","items_purchased":["Apotheosis+1","Doppelganger+1","Deep Breath+1","Gremlin Horn","Deadly Poison+1","Prepared+1"],"campfire_rested":5,"item_purchase_floors":[20,20,20,36,36,39],"current_hp_per_floor":[65,53,36,36,36,57,41,41,41,25,33,41,41,46,46,46,70,47,38,38,38,37,58,47,40,40,45,42,21,33,45,66,62,70,68,68,54,54,54,54,50,70,70,70,62,62,61,41,62,28],"gold":218,"neow_bonus":"ONE_RARE_RELIC","is_prod":false,"is_daily":false,"chose_seed":false,"campfire_upgraded":4,"win_rate":0,"timestamp":1531594763,"path_taken":["M","?","?","$","M","R","E","R","T","E","M","M","?","?","R","BOSS","M","M","$","?","M","R","M","E","T","E","M","E","M","M","R","BOSS","M","$","M","?","$","R","E","R","T","R","M","?","M","M","R","BOSS"],"build_version":"2018-07-12","purchased_purges":3,"victory":true,"max_hp_per_floor":[70,70,70,70,70,70,70,70,70,70,70,70,70,70,70,70,70,70,70,70,70,70,70,70,70,70,70,70,70,70,70,70,70,70,70,70,70,70,70,70,70,70,70,70,70,70,70,70,70,70],"card_choices":[{"not_picked":["Masterful Stab","Quick Slash"],"picked":"Well Laid Plans","floor":1},{"not_picked":["Prepared","Eviscerate"],"picked":"Outmaneuver","floor":5},{"not_picked":["Slice","Sucker Punch"],"picked":"Noxious Fumes","floor":7},{"not_picked":["Burst+1","Dodge and Roll+1"],"picked":"Catalyst+1","floor":10},{"not_picked":["Masterful Stab","Outmaneuver+1"],"picked":"Deadly Poison+1","floor":11},{"not_picked":["Sucker Punch","Poisoned Stab"],"picked":"Backflip+1","floor":12},{"not_picked":["Masterful Stab","Flying Knee","Sucker Punch"],"picked":"SKIP","floor":14},{"not_picked":["After Image","Glass Knife"],"picked":"Venomology+1","floor":16},{"not_picked":["Dagger Throw+1","Quick Slash+1"],"picked":"Dagger Spray","floor":18},{"not_picked":["Flechettes","Sucker Punch"],"picked":"Deflect+1","floor":19},{"not_picked":["Heel Hook","Sucker Punch"],"picked":"Noxious Fumes","floor":22},{"not_picked":["Sucker Punch","Poisoned Stab+1"],"picked":"Envenom","floor":24},{"not_picked":["Phantasmal Killer+1","Outmaneuver+1"],"picked":"Quick Slash+1","floor":25},{"not_picked":["Poisoned Stab","Flying Knee"],"picked":"Dagger Spray","floor":27},{"not_picked":["Flying Knee","Endless Agony"],"picked":"Deadly Poison+1","floor":28},{"not_picked":["Well Laid Plans","Calculated Gamble+1"],"picked":"Prepared+1","floor":29},{"not_picked":["Dagger Throw","Dodge and Roll+1"],"picked":"PiercingWail+1","floor":30},{"not_picked":["Slice","Well Laid Plans+1"],"picked":"Outmaneuver+1","floor":31},{"not_picked":["Wraith Form v2","Bullet Time+1"],"picked":"Tactician+1","floor":33},{"not_picked":["Sucker Punch","Backstab+1"],"picked":"Acrobatics+1","floor":35},{"not_picked":["Blur+1","Dagger Spray+1"],"picked":"Flechettes+1","floor":37},{"not_picked":["Noxious Fumes","Sucker Punch","Deflect+1"],"picked":"SKIP","floor":41},{"not_picked":["Backflip+1","Dodge and Roll+1"],"picked":"Bane+1","floor":45},{"not_picked":["Underhanded Strike+1","Escape Plan+1"],"picked":"After Image","floor":47},{"not_picked":["Bane","All Out Attack+1"],"picked":"Catalyst+1","floor":48}],"player_experience":131112,"relics_obtained":[{"floor":7,"key":"Meat on the Bone"},{"floor":9,"key":"Toxic Egg 2"},{"floor":10,"key":"Pen Nib"},{"floor":25,"key":"Shuriken"},{"floor":26,"key":"Matryoshka"},{"floor":27,"key":"Dodecahedron"},{"floor":29,"key":"Gambling Chip"},{"floor":41,"key":"Smiling Mask"},{"floor":43,"key":"Vajra"},{"floor":43,"key":"Boot"}],"event_choices":[{"event_name":"Scrap Ooze","player_choice":"success","floor":2,"damage_taken":12},{"event_name":"Golden Idol","player_choice":"Take Damage","floor":3,"damage_taken":0},{"event_name":"Liars Game","player_choice":"agreed","floor":13,"damage_taken":0},{"event_name":"Drug Dealer","player_choice":"Ignored","floor":21,"damage_taken":0},{"event_name":"Purifier","player_choice":"One Purge","floor":38,"damage_taken":0},{"event_name":"The Moai Head","player_choice":"Ignored","floor":46,"damage_taken":0}],"boss_relics":[{"not_picked":["Eternal Feather","Runic Pyramid"],"picked":"Cursed Key"},{"not_picked":["Coffee Dripper","Velvet Choker"],"picked":"Astrolabe"}],"items_purged_floors":[4,20,36],"is_endless":false,"potions_floor_spawned":[1,11,25,27,28,29,30,41,45],"ascension_level":0}