{"gold_per_floor":[119,135,135,151,151,177,177,212,280,299,299,17,50,64,64,168,168,155,255,255,273,86,120,120,120,144,175,207,236,252,278,278,375,375,393,242,242,253,263,263,292,308,333,352,377,377,411,422,422,422],"floor_reached":51,"playtime":3747,"items_purged":["Strike_B"],"score":1181,"play_id":"1ff58e77-f150-450b-b239-c24b8989d14f","local_time":"20190619095020","is_ascension_mode":true,"campfire_choices":[{"floor":7.0,"key":"REST"},{"floor":11.0,"key":"REST"},{"data":"Defragment","floor":15.0,"key":"SMITH"},{"floor":24.0,"key":"REST"},{"floor":25.0,"key":"REST"},{"data":"Seek","floor":32.0,"key":"SMITH"},{"data":"Sunder","floor":40.0,"key":"SMITH"},{"data":"Chill","floor":46.0,"key":"SMITH"},{"data":"Go for the Eyes","floor":49,"key":"SMITH"}],"neow_cost":"PERCENT_DAMAGE","seed_source_timestamp":0,"circlet_count":0,"master_deck":["Strike_B","Strike_B","Defend_B","Defend_B","Defend_B","Defend_B","Zap","Dualcast","Leap","Conserve Battery","Sunder+1","Hologram","Defragment+1","Go for the Eyes+1","Hologram","Undo+1","Core Surge+1","White Noise+1","Compile Driver+1","Core Surge","Chill+1","Conserve Battery+1","Defragment+1","Static Discharge+1","Loop+1","Seek+1","Biased Cognition+1","Ball Lightning+1","Sweeping Beam","Darkness+1","Defragment+1","Echo Form+1","Force Field+1","White Noise+1"],"special_seed":0,"relics":["Cracked Core","Du-Vu Doll","WingedGreaves","Vajra","Gambling Chip","FossilizedHelix","Bottled Flame","ClockworkSouvenir","Juzu Bracelet","Astrolabe","Emotion Chip","Pantograph","MutagenicStrength","DataDisk","Darkstone Periapt","Bronze Scales","Frozen Egg 2","Strawberry","Happy Flower","Omamori","Sozu","Art of War","Blood Vial","Smiling Mask","Meat on the Bone","Bottled Tornado"],"potions_floor_usage":[50],"damage_taken":[{"damage":6.0,"enemies":"Jaw Worm","floor":1.0,"turns":3.0},{"damage":0.0,"enemies":"Cultist","floor":2.0,"turns":3.0},{"damage":0.0,"enemies":"2 Louse","floor":4.0,"turns":3.0},{"damage":23.0,"enemies":"Gremlin Nob","floor":6.0,"turns":4.0},{"damage":32.0,"enemies":"Lagavulin","floor":8.0,"turns":7.0},{"damage":0.0,"enemies":"Large Slime","floor":10.0,"turns":5.0},{"damage":15.0,"enemies":"3 Sentries","floor":13.0,"turns":9.0},{"damage":0.0,"enemies":"Looter","floor":14.0,"turns":3.0},{"damage":1.0,"enemies":"Hexaghost","floor":16.0,"turns":13.0},{"damage":6.0,"enemies":"2 Thieves","floor":18.0,"turns":4.0},{"damage":13.0,"enemies":"Colosseum Slavers","floor":19.0,"turns":4.0},{"damage":15.0,"enemies":"Colosseum Nobs","floor":19.0,"turns":7.0},{"damage":8.0,"enemies":"3 Byrds","floor":21.0,"turns":5.0},{"damage":13.0,"enemies":"Slavers","floor":23.0,"turns":7.0},{"damage":0.0,"enemies":"Book of Stabbing","floor":27.0,"turns":6.0},{"damage":0.0,"enemies":"Gremlin Leader","floor":28.0,"turns":6.0},{"damage":25.0,"enemies":"Slavers","floor":29.0,"turns":4.0},{"damage":12.0,"enemies":"Snake Plant","floor":30.0,"turns":4.0},{"damage":0.0,"enemies":"Gremlin Leader","floor":31.0,"turns":7.0},{"damage":0.0,"enemies":"Automaton","floor":33.0,"turns":11.0},{"damage":0.0,"enemies":"Orb Walker","floor":35.0,"turns":3.0},{"damage":0.0,"enemies":"3 Darklings","floor":38.0,"turns":5.0},{"damage":0.0,"enemies":"Jaw Worm Horde","floor":39.0,"turns":4.0},{"damage":12.0,"enemies":"Nemesis","floor":41.0,"turns":5.0},{"damage":19.0,"enemies":"Spire Growth","floor":42.0,"turns":4.0},{"damage":0.0,"enemies":"4 Shapes","floor":44.0,"turns":5.0},{"damage":0.0,"enemies":"Giant Head","floor":45.0,"turns":7.0},{"damage":0.0,"enemies":"Reptomancer","floor":47.0,"turns":6.0},{"damage":0.0,"enemies":"Sphere and 2 Shapes","floor":48.0,"turns":4.0},{"damage":0,"enemies":"Time Eater","floor":50,"turns":7}],"seed_played":"1747694899104845344","potions_obtained":[{"floor":2.0,"key":"GamblersBrew"},{"floor":4.0,"key":"SmokeBomb"},{"floor":6.0,"key":"Regen Potion"},{"floor":13.0,"key":"Weak Potion"},{"floor":14.0,"key":"Fruit Juice"},{"floor":18.0,"key":"AttackPotion"},{"floor":21.0,"key":"Dexterity Potion"}],"is_trial":false,"path_per_floor":["M","M","?","M","?","E","R","E","T","M","R","$","E","M","R","B",null,"M","?","?","M","$","E","R","R","T","E","E","E","M","E","R","B",null,"M","$","?","M","M","R","E","M","T","M","E","R","E","M","R","B",null],"character_chosen":"DEFECT","items_purchased":["ClockworkSouvenir","DataDisk","Chill","Art of War"],"campfire_rested":4,"item_purchase_floors":[12,22,22,36],"current_hp_per_floor":[48,48,48,48,41,18,40,22,22,22,44,44,29,29,29,33,80,74,46,46,38,38,25,49,73,73,73,80,55,43,43,43,68,87,87,87,83,83,83,83,71,54,54,56,58,58,60,62,62,83],"gold":422,"neow_bonus":"ONE_RARE_RELIC","is_prod":false,"is_daily":false,"chose_seed":false,"campfire_upgraded":5,"win_rate":0,"timestamp":1560930620,"path_taken":["M","M","?","?","?","E","R","E","T","M","R","$","E","M","R","BOSS","M","?","?","M","?","E","R","R","T","E","E","E","M","E","R","BOSS","M","?","?","M","M","R","E","M","T","M","E","R","E","M","R","BOSS"],"build_version":"2019-01-23","purchased_purges":1,"victory":true,"max_hp_per_floor":[75,75,75,75,75,75,75,75,75,75,75,75,75,75,75,80,80,80,80,80,80,80,80,80,80,80,80,87,87,87,87,87,87,87,87,87,83,83,83,83,83,83,83,83,83,83,83,83,83,83],"card_choices":[{"not_picked":["Rebound","Auto Shields"],"picked":"Leap","floor":1.0},{"not_picked":["Recycle","Steam Power"],"picked":"Conserve Battery","floor":2.0},{"not_picked":["Redo","Lockon"],"picked":"Cold Snap","floor":4.0},{"not_picked":["Skim","Hologram"],"picked":"Sunder","floor":6.0},{"not_picked":["Reprogram","Ball Lightning"],"picked":"Hologram","floor":8.0},{"not_picked":["Seek","Aggregate"],"picked":"Defragment","floor":10.0},{"not_picked":["Cold Snap","Steam Power"],"picked":"Go for the Eyes","floor":13.0},{"not_picked":["Force Field","Consume"],"picked":"Hologram","floor":14.0},{"not_picked":["Multi-Cast","Creative AI"],"picked":"Rainbow","floor":16.0},{"not_picked":["Reprogram","Skim","Stack"],"picked":"SKIP","floor":18.0},{"not_picked":["Scrape","Hologram"],"picked":"Compile Driver+1","floor":19.0},{"not_picked":["Rebound","Go for the Eyes+1"],"picked":"Core Surge","floor":21.0},{"not_picked":["Ball Lightning","Redo+1"],"picked":"Conserve Battery+1","floor":23.0},{"not_picked":["All For One","Doom and Gloom"],"picked":"Defragment+1","floor":27.0},{"not_picked":["Barrage","Rebound","Streamline"],"picked":"SKIP","floor":28.0},{"not_picked":["Barrage","Stack+1"],"picked":"Static Discharge+1","floor":29.0},{"not_picked":["Ball Lightning+1","Stack"],"picked":"Loop+1","floor":30.0},{"not_picked":["Creative AI+1","Cold Snap"],"picked":"Seek","floor":31.0},{"not_picked":["Rainbow","Amplify"],"picked":"Biased Cognition+1","floor":33.0},{"not_picked":["Chaos","Redo"],"picked":"Ball Lightning+1","floor":35.0},{"not_picked":["Turbo+1","Compile Driver+1"],"picked":"Sweeping Beam","floor":38.0},{"not_picked":["Barrage","Beam Cell+1"],"picked":"Darkness+1","floor":39.0},{"not_picked":["Stack","Rebound","Storm+1"],"picked":"SKIP","floor":41.0},{"not_picked":["Stack","Steam"],"picked":"Defragment+1","floor":42.0},{"not_picked":["Recycle+1","Stack+1","Gash"],"picked":"SKIP","floor":44.0},{"not_picked":["Leap+1","Defragment+1"],"picked":"Echo Form+1","floor":45.0},{"not_picked":["Chaos+1","Gash+1"],"picked":"Force Field+1","floor":47.0},{"not_picked":["Heatsinks+1","Steam"],"picked":"White Noise+1","floor":48}],"player_experience":557753,"relics_obtained":[{"floor":6.0,"key":"Gambling Chip"},{"floor":8.0,"key":"FossilizedHelix"},{"floor":9.0,"key":"Bottled Flame"},{"floor":13.0,"key":"Juzu Bracelet"},{"floor":19.0,"key":"Emotion Chip"},{"floor":19.0,"key":"Pantograph"},{"floor":23.0,"key":"Darkstone Periapt"},{"floor":26.0,"key":"Bronze Scales"},{"floor":27.0,"key":"Frozen Egg 2"},{"floor":28.0,"key":"Strawberry"},{"floor":29.0,"key":"Happy Flower"},{"floor":31.0,"key":"Omamori"},{"floor":41.0,"key":"Blood Vial"},{"floor":43.0,"key":"Smiling Mask"},{"floor":45.0,"key":"Meat on the Bone"},{"floor":47.0,"key":"Bottled Tornado"}],"event_choices":[{"damage_healed":0.0,"max_hp_gain":0.0,"max_hp_loss":0.0,"gold_gain":0.0,"event_name":"WeMeetAgain","player_choice":"Gave Potion","floor":3.0,"gold_loss":0.0,"damage_taken":0.0,"relics_obtained":["WingedGreaves"]},{"damage_healed":0.0,"max_hp_gain":0.0,"max_hp_loss":0.0,"gold_gain":0.0,"event_name":"Scrap Ooze","player_choice":"Success","floor":5.0,"gold_loss":0.0,"damage_taken":7.0,"relics_obtained":["Vajra"]},{"damage_healed":0.0,"max_hp_gain":0.0,"max_hp_loss":0.0,"gold_gain":0.0,"event_name":"Colosseum","player_choice":"Fight","floor":19.0,"gold_loss":0.0,"damage_taken":0.0},{"damage_healed":0.0,"max_hp_gain":0.0,"max_hp_loss":0.0,"gold_gain":0.0,"event_name":"Colosseum","player_choice":"Fought Nobs","floor":19.0,"gold_loss":0.0,"damage_taken":0.0},{"damage_healed":0.0,"max_hp_gain":0.0,"max_hp_loss":0.0,"gold_gain":0.0,"event_name":"Drug Dealer","player_choice":"Inject Mutagens","floor":20.0,"gold_loss":0.0,"damage_taken":0.0,"relics_obtained":["MutagenicStrength"]},{"damage_healed":0.0,"max_hp_gain":0.0,"max_hp_loss":4.0,"gold_gain":0.0,"event_name":"Winding Halls","player_choice":"Max HP","floor":37.0,"gold_loss":0.0,"damage_taken":0.0}],"is_beta":false,"boss_relics":[{"not_picked":["Ectoplasm","White Beast Statue"],"picked":"Astrolabe"},{"not_picked":["Velvet Choker","Orrery"],"picked":"Sozu"}],"items_purged_floors":[12],"is_endless":false,"potions_floor_spawned":[2,4,6,13,14,18,19,21,29,33,38,42,47,48],"ascension_level":1}