{"gold_per_floor":[117,129,1,1,1,1,25,25,25,25,48,48,92,116,116,206,206,230,251,251,251,27,60,60,100,126,160,173,194,194,394,394,394],"floor_reached":33,"playtime":3743,"items_purged":[],"score":530,"play_id":"50e57f36-7f7c-4118-83bd-a6f5c68f8e9c","local_time":"20190704095908","is_ascension_mode":true,"campfire_choices":[{"floor":6.0,"key":"REST"},{"data":"Zap","floor":8.0,"key":"SMITH"},{"data":"Coolheaded","floor":10.0,"key":"SMITH"},{"data":"Strike_B","floor":15.0,"key":"PURGE"},{"floor":24.0,"key":"REST"},{"floor":30.0,"key":"REST"},{"data":"Defend_B","floor":32.0,"key":"PURGE"}],"neow_cost":"PERCENT_DAMAGE","seed_source_timestamp":893933054336045,"circlet_count":0,"master_deck":["AscendersBane","Strike_B+1","Defend_B","Defend_B","Defend_B+1","Zap+1","Dualcast","Coolheaded+1","Ball Lightning","Self Repair","Undo","Genetic Algorithm","Gash","Hologram","Biased Cognition+1","Sunder","Conserve Battery","Meteor Strike","Coolheaded","Reinforced Body+1","Genetic Algorithm","Go for the Eyes+1"],"special_seed":0,"relics":["Cracked Core","Peace Pipe","Golden Idol","Letter Opener","Du-Vu Doll","Juzu Bracelet","Fusion Hammer","Membership Card","Bronze Scales","Happy Flower","Anchor","Symbiotic Virus"],"potions_floor_usage":[33,33],"damage_taken":[{"damage":1.0,"enemies":"2 Louse","floor":1.0,"turns":3.0},{"damage":0.0,"enemies":"Cultist","floor":2.0,"turns":4.0},{"damage":8.0,"enemies":"Small Slimes","floor":7.0,"turns":3.0},{"damage":2.0,"enemies":"Looter","floor":11.0,"turns":4.0},{"damage":12.0,"enemies":"3 Sentries","floor":13.0,"turns":7.0},{"damage":3.0,"enemies":"3 Louse","floor":14.0,"turns":3.0},{"damage":17.0,"enemies":"The Guardian","floor":16.0,"turns":12.0},{"damage":0.0,"enemies":"Spheric Guardian","floor":18.0,"turns":3.0},{"damage":0.0,"enemies":"Chosen","floor":19.0,"turns":4.0},{"damage":29.0,"enemies":"Slavers","floor":23.0,"turns":5.0},{"damage":8.0,"enemies":"Book of Stabbing","floor":25.0,"turns":5.0},{"damage":50.0,"enemies":"Gremlin Leader","floor":27.0,"turns":12.0},{"damage":8.0,"enemies":"Snecko","floor":28.0,"turns":5.0},{"damage":3.0,"enemies":"Centurion and Healer","floor":29.0,"turns":6.0},{"damage":70,"enemies":"Collector","floor":33,"turns":7}],"seed_played":"1315194456268268996","potions_obtained":[{"floor":1.0,"key":"FocusPotion"},{"floor":7.0,"key":"SkillPotion"},{"floor":13.0,"key":"Regen Potion"},{"floor":14.0,"key":"Block Potion"},{"floor":28.0,"key":"Regen Potion"},{"floor":29.0,"key":"PowerPotion"}],"is_trial":false,"path_per_floor":["M","M","$","?","?","R","M","R","T","R","M","?","E","M","R","B",null,"M","M","?","?","$","E","R","E","T","E","M","M","R","?","R","B"],"character_chosen":"DEFECT","items_purchased":["Ball Lightning","Self Repair","Membership Card","Coolheaded"],"campfire_rested":3,"item_purchase_floors":[3,3,22,22],"current_hp_per_floor":[45,45,45,24,24,43,42,42,42,42,47,47,35,39,39,29,55,55,62,62,62,62,40,59,58,58,29,28,32,51,51,51,0],"gold":394,"neow_bonus":"ONE_RARE_RELIC","is_prod":false,"is_daily":false,"chose_seed":false,"campfire_upgraded":2,"win_rate":0,"timestamp":1562227148,"path_taken":["M","M","$","?","?","R","M","R","T","R","M","?","E","M","R","BOSS","M","M","?","?","$","E","R","E","T","E","M","M","R","?","R","BOSS"],"build_version":"2019-07-01","purchased_purges":0,"victory":false,"max_hp_per_floor":[71,71,71,71,64,64,64,64,64,64,64,64,64,64,64,64,64,64,64,64,64,64,64,64,64,64,64,64,64,64,64,64,64],"card_choices":[{"not_picked":["Compile Driver","Redo"],"picked":"Coolheaded","floor":1.0},{"not_picked":["Barrage","Auto Shields","Fusion"],"picked":"SKIP","floor":2.0},{"not_picked":["Fusion","Melter"],"picked":"Undo","floor":7.0},{"not_picked":["Auto Shields","FTL"],"picked":"Genetic Algorithm","floor":11.0},{"not_picked":["Reinforced Body","Leap"],"picked":"Gash","floor":13.0},{"not_picked":["Turbo","Gash"],"picked":"Hologram","floor":14.0},{"not_picked":["Reboot","Echo Form"],"picked":"Biased Cognition","floor":16.0},{"not_picked":["Hologram","BootSequence"],"picked":"Sunder","floor":18.0},{"not_picked":["Stack","Hello World+1","Steam"],"picked":"SKIP","floor":19.0},{"not_picked":["Recycle","Tempest"],"picked":"Reinforced Body+1","floor":23.0},{"not_picked":["Consume","Leap","Gash"],"picked":"SKIP","floor":25.0},{"not_picked":["Creative AI","Double Energy","Self Repair"],"picked":"SKIP","floor":27.0},{"not_picked":["Turbo","Steam Power"],"picked":"Genetic Algorithm","floor":28.0},{"not_picked":["Conserve Battery","Ball Lightning"],"picked":"Go for the Eyes+1","floor":29.0}],"player_experience":619033,"relics_obtained":[{"floor":9.0,"key":"Letter Opener"},{"floor":13.0,"key":"Juzu Bracelet"},{"floor":23.0,"key":"Bronze Scales"},{"floor":25.0,"key":"Happy Flower"},{"floor":26.0,"key":"Anchor"},{"floor":27.0,"key":"Symbiotic Virus"}],"event_choices":[{"damage_healed":0.0,"max_hp_gain":0.0,"max_hp_loss":0.0,"gold_gain":0.0,"event_name":"Shining Light","player_choice":"Entered Light","floor":4.0,"gold_loss":0.0,"damage_taken":21.0,"cards_upgraded":["Defend_B","Strike_B"]},{"damage_healed":0.0,"max_hp_gain":0.0,"max_hp_loss":7.0,"gold_gain":0.0,"event_name":"Golden Idol","player_choice":"Lose Max HP","floor":5.0,"gold_loss":0.0,"damage_taken":0.0,"relics_obtained":["Golden Idol"]},{"damage_healed":0.0,"max_hp_gain":0.0,"max_hp_loss":0.0,"gold_gain":0.0,"event_name":"WeMeetAgain","player_choice":"Gave Potion","floor":12.0,"gold_loss":0.0,"damage_taken":0.0,"relics_obtained":["Du-Vu Doll"]},{"damage_healed":0.0,"max_hp_gain":0.0,"max_hp_loss":0.0,"gold_gain":0.0,"cards_transformed":["Strike_B","Strike_B"],"event_name":"Drug Dealer","player_choice":"Became Test Subject","floor":20.0,"gold_loss":0.0,"damage_taken":0.0,"cards_obtained":["Conserve Battery","Meteor Strike"]},{"damage_healed":0.0,"max_hp_gain":0.0,"max_hp_loss":0.0,"gold_gain":0.0,"event_name":"Upgrade Shrine","player_choice":"Upgraded","floor":21.0,"gold_loss":0.0,"damage_taken":0.0,"cards_upgraded":["Biased Cognition"]},{"damage_healed":0.0,"max_hp_gain":0.0,"max_hp_loss":0.0,"gold_gain":200.0,"event_name":"Wheel of Change","player_choice":"Gold","floor":31.0,"gold_loss":0.0,"damage_taken":0.0}],"is_beta":false,"boss_relics":[{"not_picked":["Lizard Tail","Philosopher\u0027s Stone"],"picked":"Fusion Hammer"}],"items_purged_floors":[],"is_endless":false,"potions_floor_spawned":[1,7,13,14,19,25,28,29],"killed_by":"Collector","ascension_level":15}