{"gold_per_floor":[118,128,278,298,352,352,378,403,427,21,21,21,21],"floor_reached":13,"playtime":469,"items_purged":["Doubt"],"score":162,"play_id":"9b7e8de4-079f-4b74-a478-ace9bbb16909","local_time":"20190612164539","is_ascension_mode":true,"campfire_choices":[{"floor":6,"key":"REST"},{"floor":12,"key":"REST"}],"neow_cost":"NONE","seed_source_timestamp":2892911693562,"circlet_count":0,"master_deck":["AscendersBane","Defend_G","Defend_G","Defend_G","Defend_G","Defend_G","Strike_G","Strike_G","Strike_G","Strike_G","Strike_G","Survivor","Neutralize","Cloak And Dagger","Backstab","Deflect","Cloak And Dagger","Endless Agony","Crippling Poison"],"special_seed":0,"relics":["Ring of the Snake","Regal Pillow","Bag of Preparation","Lantern","Art of War","Strange Spoon"],"potions_floor_usage":[7,7],"damage_taken":[{"damage":0,"enemies":"Cultist","floor":1,"turns":4},{"damage":1,"enemies":"Small Slimes","floor":2,"turns":5},{"damage":23,"enemies":"Jaw Worm","floor":4,"turns":7},{"damage":65,"enemies":"Lagavulin","floor":7,"turns":10},{"damage":45,"enemies":"Gremlin Nob","floor":13,"turns":4}],"seed_played":"-3138593690353872023","potions_obtained":[{"floor":2,"key":"PowerPotion"},{"floor":4,"key":"AttackPotion"}],"is_trial":false,"path_per_floor":["M","M","?","M","?","R","E","T","T","$","?","R","E"],"character_chosen":"THE_SILENT","items_purchased":["Endless Agony","Crippling Poison","Strange Spoon"],"campfire_rested":2,"item_purchase_floors":[10,10,10],"current_hp_per_floor":[59,58,58,35,35,66,1,1,1,1,1,35,0],"gold":21,"neow_bonus":"RANDOM_COMMON_RELIC","is_prod":false,"is_daily":false,"chose_seed":false,"campfire_upgraded":0,"win_rate":0,"timestamp":1560350739,"path_taken":["M","?","?","M","?","R","E","?","T","?","?","R","E"],"build_version":"2019-01-23","purchased_purges":1,"victory":false,"max_hp_per_floor":[66,66,66,66,66,66,66,66,66,66,66,66,66],"card_choices":[{"not_picked":["Outmaneuver","Backflip"],"picked":"Cloak And Dagger","floor":1},{"not_picked":["Prepared","Setup"],"picked":"Backstab","floor":2},{"not_picked":["Storm of Steel","Prepared"],"picked":"Deflect","floor":4},{"not_picked":["Deflect","Dodge and Roll"],"picked":"Cloak And Dagger","floor":7}],"player_experience":520361,"relics_obtained":[{"floor":7,"key":"Bag of Preparation"},{"floor":8,"key":"Lantern"},{"floor":9,"key":"Art of War"}],"event_choices":[{"damage_healed":0,"gold_gain":150,"player_choice":"AGREE","damage_taken":0,"max_hp_gain":0,"max_hp_loss":0,"event_name":"Liars Game","floor":3,"gold_loss":0,"cards_obtained":["Doubt"]},{"damage_healed":0,"gold_gain":54,"player_choice":"Gained Gold","damage_taken":0,"max_hp_gain":0,"max_hp_loss":0,"event_name":"Golden Wing","floor":5,"gold_loss":0},{"damage_healed":0,"gold_gain":0,"player_choice":"Fled","damage_taken":0,"max_hp_gain":0,"max_hp_loss":0,"event_name":"Scrap Ooze","floor":11,"gold_loss":0}],"is_beta":false,"boss_relics":[],"items_purged_floors":[10],"is_endless":false,"potions_floor_spawned":[2,4],"killed_by":"Gremlin Nob","ascension_level":20}