{"gold_per_floor":[113,0,0,13,27,27,38,38,65,65,65,94,23,33,33,137,137,147,147,164,164,124,124,140,140,140,154,170,180,180,229,229,331,331,351,169,169,169,169,169],"floor_reached":40,"playtime":1815,"items_purged":["Strike_B","Strike_B"],"score":374,"play_id":"7c9f3568-6ac5-4a3c-8647-2c17b140b6e8","local_time":"20190616201859","is_ascension_mode":false,"campfire_choices":[{"data":"Zap","floor":6.0,"key":"SMITH"},{"data":"Melter","floor":8.0,"key":"SMITH"},{"data":"Capacitor","floor":10.0,"key":"SMITH"},{"data":"Loop","floor":15.0,"key":"SMITH"},{"data":"Biased Cognition","floor":23.0,"key":"SMITH"},{"data":"Loop","floor":25.0,"key":"SMITH"},{"data":"Darkness","floor":30.0,"key":"SMITH"},{"data":"Sweeping Beam","floor":32.0,"key":"SMITH"}],"neow_cost":"NONE","seed_source_timestamp":359865852390945,"circlet_count":0,"master_deck":["Defend_B","Defend_B","Defend_B","Defend_B","Zap+1","Dualcast","Self Repair","Melter+1","Conserve Battery","Conserve Battery","Capacitor+1","Cold Snap","Loop+1","Coolheaded","Biased Cognition+1","Sunder+1","Genetic Algorithm","Sweeping Beam+1","Loop+1","Compile Driver","Coolheaded","Darkness+1","Panacea"],"special_seed":0,"relics":["Sozu"],"potions_floor_usage":[],"damage_taken":[{"damage":0.0,"enemies":"2 Louse","floor":1.0,"turns":2.0},{"damage":1.0,"enemies":"Cultist","floor":4.0,"turns":3.0},{"damage":0.0,"enemies":"Small Slimes","floor":5.0,"turns":4.0},{"damage":0.0,"enemies":"Exordium Wildlife","floor":7.0,"turns":2.0},{"damage":2.0,"enemies":"The Mushroom Lair","floor":12.0,"turns":5.0},{"damage":4.0,"enemies":"2 Fungi Beasts","floor":14.0,"turns":4.0},{"damage":60.0,"enemies":"Hexaghost","floor":16.0,"turns":16.0},{"damage":19.0,"enemies":"3 Byrds","floor":18.0,"turns":7.0},{"damage":0.0,"enemies":"Spheric Guardian","floor":20.0,"turns":3.0},{"damage":18.0,"enemies":"Centurion and Healer","floor":24.0,"turns":11.0},{"damage":0.0,"enemies":"Sentry and Sphere","floor":27.0,"turns":3.0},{"damage":1.0,"enemies":"Snecko","floor":28.0,"turns":7.0},{"damage":7.0,"enemies":"Snake Plant","floor":29.0,"turns":7.0},{"damage":26.0,"enemies":"Automaton","floor":33.0,"turns":11.0},{"damage":31.0,"enemies":"Orb Walker","floor":35.0,"turns":7.0},{"damage":71,"enemies":"Reptomancer","floor":40,"turns":3}],"seed_played":"-8555579870853652519","potions_obtained":[],"is_trial":false,"path_per_floor":["M","$","?","M","M","R","M","R","T","R","?","?","$","M","R","B",null,"M","?","M","?","?","R","M","R","T","M","M","M","R","T","R","B",null,"M","$","?","?","$","E"],"character_chosen":"DEFECT","items_purchased":["Melter","Loop","Panacea"],"campfire_rested":0,"item_purchase_floors":[2,13,36],"current_hp_per_floor":[75,75,75,75,75,75,75,75,75,75,75,75,75,75,75,22,75,63,63,63,63,63,63,52,52,52,59,65,65,65,65,65,46,75,51,51,51,51,51,0],"gold":169,"neow_bonus":"BOSS_RELIC","is_prod":false,"is_daily":false,"chose_seed":false,"campfire_upgraded":8,"win_rate":0,"timestamp":1560709139,"path_taken":["M","$","?","M","?","R","M","R","T","R","?","?","?","?","R","BOSS","M","?","M","?","?","R","M","R","T","M","M","?","R","?","R","BOSS","M","$","?","?","$","E"],"build_version":"2019-01-23","purchased_purges":2,"victory":false,"max_hp_per_floor":[75,75,75,75,75,75,75,75,75,75,75,75,75,75,75,75,75,75,75,75,75,75,75,75,75,75,75,75,75,75,75,75,75,75,75,75,75,75,75,75],"card_choices":[{"not_picked":["Heatsinks","Fusion"],"picked":"Self Repair","floor":1.0},{"not_picked":["Rebound","Auto Shields"],"picked":"Conserve Battery","floor":4.0},{"not_picked":["Melter","Scrape"],"picked":"Conserve Battery","floor":5.0},{"not_picked":["Turbo","Cold Snap"],"picked":"Capacitor","floor":7.0},{"not_picked":["Scrape","Reprogram"],"picked":"Cold Snap","floor":12.0},{"not_picked":["Rainbow","Blizzard"],"picked":"Coolheaded","floor":14.0},{"not_picked":["All For One","Seek"],"picked":"Biased Cognition","floor":16.0},{"not_picked":["Leap","Beam Cell+1","Rip and Tear"],"picked":"SKIP","floor":18.0},{"not_picked":["Recycle","Cold Snap"],"picked":"Sweeping Beam","floor":20.0},{"not_picked":["Steam","Rip and Tear+1"],"picked":"Loop","floor":24.0},{"not_picked":["Steam+1","Rebound"],"picked":"Compile Driver","floor":27.0},{"not_picked":["Reprogram","Compile Driver+1"],"picked":"Coolheaded","floor":28.0},{"not_picked":["Stack+1","Redo+1"],"picked":"Darkness","floor":29.0},{"not_picked":["Gash+1","Compile Driver","Doom and Gloom+1"],"picked":"SKIP","floor":35.0}],"player_experience":536946,"relics_obtained":[],"event_choices":[{"damage_healed":0.0,"max_hp_gain":0.0,"max_hp_loss":0.0,"gold_gain":0.0,"event_name":"Wheel of Change","player_choice":"Full Heal","floor":3.0,"gold_loss":0.0,"damage_taken":0.0},{"damage_healed":0.0,"max_hp_gain":0.0,"max_hp_loss":0.0,"gold_gain":0.0,"event_name":"Golden Idol","player_choice":"Ignored","floor":11.0,"gold_loss":0.0,"damage_taken":0.0},{"damage_healed":0.0,"max_hp_gain":0.0,"max_hp_loss":0.0,"gold_gain":0.0,"event_name":"Mushrooms","player_choice":"Fought Mushrooms","floor":12.0,"gold_loss":0.0,"damage_taken":0.0},{"damage_healed":0.0,"max_hp_gain":0.0,"max_hp_loss":0.0,"gold_gain":0.0,"cards_transformed":["Strike_B","Strike_B"],"event_name":"Drug Dealer","player_choice":"Became Test Subject","floor":19.0,"gold_loss":0.0,"damage_taken":0.0,"cards_obtained":["Sunder","Genetic Algorithm"]},{"damage_healed":0.0,"max_hp_gain":0.0,"max_hp_loss":0.0,"gold_gain":0.0,"event_name":"Ghosts","player_choice":"Ignored","floor":21.0,"gold_loss":0.0,"damage_taken":0.0},{"damage_healed":0.0,"max_hp_gain":0.0,"max_hp_loss":0.0,"gold_gain":0.0,"event_name":"Designer","player_choice":"Upgrade","floor":22.0,"gold_loss":40.0,"damage_taken":0.0,"cards_upgraded":["Sunder"]},{"damage_healed":0.0,"max_hp_gain":0.0,"max_hp_loss":0.0,"gold_gain":0.0,"event_name":"Mysterious Sphere","player_choice":"Ignored","floor":37.0,"gold_loss":0.0,"damage_taken":0.0},{"damage_healed":0.0,"max_hp_gain":0.0,"max_hp_loss":0.0,"gold_gain":0.0,"event_name":"Tomb of Lord Red Mask","player_choice":"Ignored","floor":38.0,"gold_loss":0.0,"damage_taken":0.0}],"is_beta":false,"boss_relics":[{"not_picked":["Snecko Eye","Lizard Tail","Inserter"]},{"not_picked":["Pandora\u0027s Box","Nuclear Battery","Black Star"]}],"items_purged_floors":[2,36],"is_endless":false,"potions_floor_spawned":[1,4,12,16,20,24,28,29,35],"killed_by":"Reptomancer","ascension_level":0}