{"gold_per_floor":[113,38,51,51,67,67,97,116,141,151,184,184,259,276,276,350,350,367,383,207,223,254,254,283,302,302,302,319,349,349,349,349,421,421,431,444,666,681,101,101,119,149,149,149,183,183,193,193,193,193],"floor_reached":50,"playtime":3218,"items_purged":["Strike_G","Expertise","Noxious Fumes"],"score":1021,"play_id":"08817ddd-aeb6-4064-b48d-aece0d0b1480","local_time":"20190628211104","is_ascension_mode":true,"campfire_choices":[{"data":"Neutralize","floor":6.0,"key":"SMITH"},{"floor":12.0,"key":"REST"},{"data":"Dash","floor":15.0,"key":"SMITH"},{"floor":23,"key":"REST"},{"data":"All Out Attack","floor":27,"key":"SMITH"},{"floor":32,"key":"REST"},{"floor":40,"key":"REST"},{"floor":44,"key":"REST"},{"floor":46,"key":"REST"},{"floor":49,"key":"REST"}],"neow_cost":"NONE","seed_source_timestamp":733659932625067,"circlet_count":0,"master_deck":["AscendersBane","Survivor","Neutralize+1","Terror","Masterful Stab+1","Dodge and Roll","Dash+1","Cloak And Dagger+1","PiercingWail","Leg Sweep","Poisoned Stab","Die Die Die","Backstab","Malaise","Flying Knee","Endless Agony","Bane","Expertise","Unload","Acrobatics","All Out Attack+1","Flying Knee+1","Backflip+1","Corpse Explosion","Tactician+1","Acrobatics","Prepared+1","Backstab+1","Acrobatics"],"special_seed":0,"relics":["Ring of the Snake","Pen Nib","Happy Flower","War Paint","Whetstone","Pandora\u0027s Box","Red Mask","Omamori","Molten Egg 2","Nunchaku","Mango","Enchiridion","HoveringKite","Centennial Puzzle","Mercury Hourglass","Lantern","Art of War","The Courier"],"potions_floor_usage":[22,50],"damage_taken":[{"damage":7.0,"enemies":"Cultist","floor":1.0,"turns":5.0},{"damage":0.0,"enemies":"2 Louse","floor":3.0,"turns":3.0},{"damage":2.0,"enemies":"Jaw Worm","floor":5.0,"turns":3.0},{"damage":20.0,"enemies":"Lagavulin","floor":7.0,"turns":7.0},{"damage":5.0,"enemies":"3 Louse","floor":8.0,"turns":4.0},{"damage":0.0,"enemies":"2 Fungi Beasts","floor":10.0,"turns":2.0},{"damage":5.0,"enemies":"Gremlin Nob","floor":11.0,"turns":3.0},{"damage":0.0,"enemies":"Looter","floor":14.0,"turns":3.0},{"damage":3,"enemies":"The Guardian","floor":16,"turns":11},{"damage":0,"enemies":"Chosen","floor":18,"turns":2},{"damage":0,"enemies":"3 Byrds","floor":19,"turns":4},{"damage":0,"enemies":"3 Cultists","floor":21,"turns":4},{"damage":8,"enemies":"Masked Bandits","floor":22,"turns":2},{"damage":12,"enemies":"Gremlin Leader","floor":24,"turns":7},{"damage":4,"enemies":"Cultist and Chosen","floor":25,"turns":5},{"damage":0,"enemies":"Snake Plant","floor":28,"turns":2},{"damage":21,"enemies":"Book of Stabbing","floor":29,"turns":4},{"damage":23,"enemies":"Collector","floor":33,"turns":9},{"damage":0,"enemies":"3 Darklings","floor":35,"turns":1},{"damage":3,"enemies":"3 Shapes","floor":36,"turns":4},{"damage":4,"enemies":"3 Darklings","floor":38,"turns":2},{"damage":2,"enemies":"Writhing Mass","floor":41,"turns":4},{"damage":28,"enemies":"Nemesis","floor":42,"turns":7},{"damage":61,"enemies":"Giant Head","floor":45,"turns":8},{"damage":36,"enemies":"Spire Growth","floor":47,"turns":4},{"damage":35,"enemies":"Awakened One","floor":50,"turns":7}],"seed_played":"1062171841219696880","potions_obtained":[{"floor":5.0,"key":"AttackPotion"},{"floor":8.0,"key":"GamblersBrew"},{"floor":10.0,"key":"SteroidPotion"},{"floor":18,"key":"SkillPotion"},{"floor":21,"key":"SneckoOil"},{"floor":33,"key":"GamblersBrew"},{"floor":36,"key":"SpeedPotion"},{"floor":41,"key":"Strength Potion"}],"is_trial":false,"path_per_floor":["M","$","M","$","M","R","E","M","T","M","E","R","?","M","R","B",null,"M","M","$","M","?","R","E","M","T","R","M","E","?","?","R","B",null,"M","M","?","M","$","R","M","E","T","R","E","R","M","?","R","B"],"character_chosen":"THE_SILENT","items_purchased":["Noxious Fumes","Centennial Puzzle","Mercury Hourglass"],"campfire_rested":7,"item_purchase_floors":[20,39,39],"current_hp_per_floor":[52,52,52,52,50,50,30,25,25,25,20,39,28,28,28,25,56,56,56,56,56,48,66,54,50,50,50,50,29,43,22,46,23,66,66,63,63,59,59,80,78,50,50,74,13,37,1,1,23,0],"gold":193,"neow_bonus":"RANDOM_COMMON_RELIC","is_prod":false,"is_daily":false,"chose_seed":false,"campfire_upgraded":3,"win_rate":0,"timestamp":1561770664,"path_taken":["M","$","M","?","M","R","E","M","T","M","E","R","?","M","R","BOSS","M","M","$","M","?","R","E","M","T","R","M","E","?","?","R","BOSS","M","M","?","M","$","R","M","E","T","R","E","R","M","?","R","BOSS"],"build_version":"2019-01-23","purchased_purges":3,"victory":false,"max_hp_per_floor":[66,66,66,66,66,66,66,66,66,66,66,66,66,66,66,66,66,66,66,66,66,66,66,66,66,66,66,66,66,80,80,80,80,80,80,80,80,80,80,80,80,80,80,80,80,80,80,76,76,76],"card_choices":[{"not_picked":["PiercingWail","Cloak And Dagger"],"picked":"Terror","floor":1.0},{"not_picked":["Choke","Crippling Poison"],"picked":"Masterful Stab","floor":3.0},{"not_picked":["Underhanded Strike","Acrobatics"],"picked":"Dodge and Roll","floor":5.0},{"not_picked":["Deflect","Skewer"],"picked":"Dash","floor":7.0},{"not_picked":["Dagger Throw","Infinite Blades"],"picked":"Cloak And Dagger","floor":8.0},{"not_picked":["Acrobatics","Quick Slash"],"picked":"PiercingWail","floor":10.0},{"not_picked":["Dodge and Roll","Venomology"],"picked":"Leg Sweep","floor":11.0},{"not_picked":["Acrobatics","Outmaneuver"],"picked":"Poisoned Stab","floor":14.0},{"not_picked":["Tools of the Trade","Storm of Steel"],"picked":"Die Die Die","floor":16},{"not_picked":["Bouncing Flask","Dagger Throw+1","Choke"],"picked":"SKIP","floor":18},{"not_picked":["Underhanded Strike","Infinite Blades"],"picked":"All Out Attack","floor":19},{"not_picked":["Bouncing Flask+1","PiercingWail","Poisoned Stab"],"picked":"SKIP","floor":21},{"not_picked":["Accuracy","Blade Dance","Concentrate"],"picked":"SKIP","floor":24},{"not_picked":["Deflect","Choke","Accuracy"],"picked":"SKIP","floor":25},{"not_picked":["Setup","Outmaneuver"],"picked":"Flying Knee+1","floor":28},{"not_picked":["Deadly Poison","Bane+1"],"picked":"Backflip+1","floor":29},{"not_picked":["Glass Knife+1","Unload+1"],"picked":"Corpse Explosion","floor":33},{"not_picked":["Deflect","Poisoned Stab+1"],"picked":"Tactician+1","floor":35},{"not_picked":["Flying Knee+1","Dagger Spray+1"],"picked":"Acrobatics","floor":36},{"not_picked":["Underhanded Strike+1","Dagger Spray+1"],"picked":"Prepared+1","floor":38},{"not_picked":["Sucker Punch+1","Masterful Stab+1","Cloak And Dagger"],"picked":"SKIP","floor":41},{"not_picked":["Finisher+1","Tactician","Grand Finale+1"],"picked":"SKIP","floor":42},{"not_picked":["Tactician","Cloak And Dagger"],"picked":"Backstab+1","floor":45},{"not_picked":["Prepared+1","Caltrops+1"],"picked":"Acrobatics","floor":47}],"player_experience":1071995,"relics_obtained":[{"floor":7.0,"key":"Happy Flower"},{"floor":9.0,"key":"War Paint"},{"floor":11.0,"key":"Whetstone"},{"floor":22,"key":"Red Mask"},{"floor":24,"key":"Omamori"},{"floor":26,"key":"Molten Egg 2"},{"floor":29,"key":"Nunchaku"},{"floor":31,"key":"Enchiridion"},{"floor":42,"key":"Lantern"},{"floor":43,"key":"Art of War"},{"floor":45,"key":"The Courier"}],"event_choices":[{"damage_healed":0.0,"max_hp_gain":0.0,"max_hp_loss":0.0,"gold_gain":75.0,"event_name":"World of Goop","player_choice":"Gather Gold","floor":13.0,"gold_loss":0.0,"damage_taken":11.0},{"damage_healed":0,"gold_gain":0,"player_choice":"Fought Bandits","damage_taken":0,"max_hp_gain":0,"max_hp_loss":0,"event_name":"Masked Bandits","floor":22,"gold_loss":0},{"damage_healed":0,"gold_gain":0,"player_choice":"Opened","damage_taken":0,"relics_obtained":["Mango"],"max_hp_gain":0,"max_hp_loss":0,"event_name":"The Mausoleum","floor":30,"gold_loss":0,"cards_obtained":["Writhe"]},{"damage_healed":0,"gold_gain":0,"player_choice":"Obtained Book","damage_taken":21,"max_hp_gain":0,"max_hp_loss":0,"event_name":"Cursed Tome","floor":31,"gold_loss":0},{"damage_healed":0,"gold_gain":222,"player_choice":"Wore Mask","damage_taken":0,"max_hp_gain":0,"max_hp_loss":0,"event_name":"Tomb of Lord Red Mask","floor":37,"gold_loss":0},{"damage_healed":0,"gold_gain":0,"player_choice":"Max HP","damage_taken":0,"max_hp_gain":0,"max_hp_loss":4,"event_name":"Winding Halls","floor":48,"gold_loss":0}],"is_beta":false,"boss_relics":[{"not_picked":["White Beast Statue","Astrolabe"],"picked":"Pandora\u0027s Box"},{"not_picked":["Tiny House","Coffee Dripper"],"picked":"HoveringKite"}],"items_purged_floors":[2,20,39],"is_endless":false,"potions_floor_spawned":[5,8,10,18,21,33,36,41,42],"killed_by":"Awakened One","ascension_level":17}