{"gold_per_floor":[119,269,286,301,301,336,336,336],"floor_reached":8,"playtime":438,"items_purged":[],"score":98,"play_id":"acdc0aa0-6854-4bfc-b4d7-cea34f694049","local_time":"20190802180157","is_ascension_mode":true,"campfire_choices":[{"floor":7.0,"key":"REST"}],"neow_cost":"NONE","seed_source_timestamp":258239277408905,"circlet_count":0,"master_deck":["AscendersBane","Strike_G","Strike_G","Strike_G","Strike_G","Strike_G","Defend_G","Defend_G","Defend_G","Defend_G","Defend_G","Survivor","Neutralize","Deadly Poison+1","Deflect","Doubt","Slice"],"special_seed":0,"relics":["Ring of the Snake","The Courier"],"potions_floor_usage":[],"damage_taken":[{"damage":7.0,"enemies":"Small Slimes","floor":1.0,"turns":5.0},{"damage":3.0,"enemies":"Cultist","floor":3.0,"turns":5.0},{"damage":8.0,"enemies":"Jaw Worm","floor":4.0,"turns":5.0},{"damage":39.0,"enemies":"Lagavulin","floor":6.0,"turns":9.0},{"damage":21,"enemies":"3 Sentries","floor":8,"turns":4}],"seed_played":"4457638577239930885","potions_obtained":[{"floor":6.0,"key":"LiquidBronze"}],"is_trial":false,"path_per_floor":["M","?","M","M","?","E","R","E"],"character_chosen":"THE_SILENT","items_purchased":[],"campfire_rested":1,"item_purchase_floors":[],"current_hp_per_floor":[52,52,49,41,41,2,21,0],"gold":336,"neow_bonus":"THREE_CARDS","is_prod":false,"is_daily":false,"chose_seed":false,"campfire_upgraded":0,"win_rate":0,"timestamp":1564761717,"path_taken":["M","?","M","M","?","E","R","E"],"build_version":"2019-07-17","purchased_purges":0,"victory":false,"max_hp_per_floor":[66,66,66,66,66,66,66,66],"card_choices":[{"not_picked":["Slice","Bane"],"picked":"Deadly Poison","floor":0.0},{"not_picked":["Underhanded Strike","Slice"],"picked":"Deflect","floor":1.0},{"not_picked":["Bane","Eviscerate","Outmaneuver"],"picked":"SKIP","floor":3.0},{"not_picked":["Eviscerate","Outmaneuver"],"picked":"Slice","floor":4.0},{"not_picked":["Cloak And Dagger","Choke","Tactician"],"picked":"SKIP","floor":6.0}],"player_experience":709220,"relics_obtained":[{"floor":6.0,"key":"The Courier"}],"event_choices":[{"damage_healed":0.0,"max_hp_gain":0.0,"max_hp_loss":0.0,"gold_gain":150.0,"event_name":"Liars Game","player_choice":"AGREE","floor":2.0,"gold_loss":0.0,"damage_taken":0.0,"cards_obtained":["Doubt"]},{"damage_healed":0.0,"max_hp_gain":0.0,"max_hp_loss":0.0,"gold_gain":0.0,"event_name":"Living Wall","player_choice":"Grow","floor":5.0,"gold_loss":0.0,"damage_taken":0.0,"cards_upgraded":["Deadly Poison"]}],"is_beta":false,"boss_relics":[],"items_purged_floors":[],"is_endless":false,"potions_floor_spawned":[6],"killed_by":"3 Sentries","ascension_level":15}