{"gold_per_floor":[112,112,112,34,34,64,64,64,64,93,108,140,151,169,169,247,247,258,258,238,257,90,123,123,197,220,220,247,282,299,329,329,329],"floor_reached":33,"playtime":1526,"items_purged":[],"score":792,"play_id":"7fc6b943-5fae-44cb-993d-8ea635bcdfed","local_time":"20190608152639","is_ascension_mode":true,"campfire_choices":[{"data":"Poisoned Stab","floor":7.0,"key":"SMITH"},{"data":"Noxious Fumes","floor":15.0,"key":"SMITH"},{"floor":24.0,"key":"REST"},{"floor":27.0,"key":"REST"},{"floor":32.0,"key":"REST"}],"neow_cost":"NONE","seed_source_timestamp":665525403624804,"circlet_count":0,"master_deck":["AscendersBane","Defend_G+1","Defend_G+1","Defend_G+1","Defend_G+1","Defend_G+1","Strike_G+1","Strike_G+1","Strike_G+1","Strike_G+1","Strike_G+1","Survivor","Neutralize+1","Deflect","Caltrops+1","Poisoned Stab+1","Noxious Fumes+1","Backstab","PiercingWail","Calculated Gamble","Glass Knife","Dodge and Roll","Bouncing Flask","Wraith Form v2","Acrobatics","Crippling Poison","Noxious Fumes+1"],"special_seed":0,"relics":["Ring of the Snake","NeowsBlessing","Sundial","Snake Skull","Kunai","Ancient Tea Set","Paper Crane","Sozu","Orichalcum","Potion Belt","Dodecahedron","Blood Vial","Red Mask","Molten Egg 2","Bag of Marbles"],"potions_floor_usage":[],"damage_taken":[{"damage":0.0,"enemies":"Jaw Worm","floor":1.0,"turns":1.0},{"damage":0.0,"enemies":"Gremlin Nob","floor":6.0,"turns":1.0},{"damage":0.0,"enemies":"3 Sentries","floor":10.0,"turns":1.0},{"damage":1.0,"enemies":"Small Slimes","floor":11.0,"turns":3.0},{"damage":18.0,"enemies":"Lagavulin","floor":12.0,"turns":8.0},{"damage":0.0,"enemies":"Cultist","floor":13.0,"turns":3.0},{"damage":2.0,"enemies":"Exordium Thugs","floor":14.0,"turns":4.0},{"damage":24.0,"enemies":"The Guardian","floor":16.0,"turns":9.0},{"damage":12.0,"enemies":"3 Byrds","floor":18.0,"turns":4.0},{"damage":8.0,"enemies":"2 Thieves","floor":20.0,"turns":4.0},{"damage":27.0,"enemies":"Shelled Parasite and Fungi","floor":21.0,"turns":5.0},{"damage":0.0,"enemies":"Book of Stabbing","floor":23.0,"turns":4.0},{"damage":23.0,"enemies":"Masked Bandits","floor":28.0,"turns":4.0},{"damage":5.0,"enemies":"Slavers","floor":29.0,"turns":6.0},{"damage":10.0,"enemies":"Snecko","floor":30.0,"turns":4.0},{"damage":7.0,"enemies":"Gremlin Leader","floor":31.0,"turns":6.0},{"damage":46,"enemies":"Automaton","floor":33,"turns":6}],"seed_played":"7022139503489267873","potions_obtained":[{"floor":6.0,"key":"PowerPotion"},{"floor":10.0,"key":"GhostInAJar"}],"is_trial":false,"path_per_floor":["M","?","?","$","?","E","R","$","T","E","M","E","M","M","R","B",null,"M","?","M","M","$","E","R","T","T","R","?","E","M","E","R","B"],"character_chosen":"THE_SILENT","items_purchased":["Caltrops","Orichalcum"],"campfire_rested":3,"item_purchase_floors":[4,22],"current_hp_per_floor":[59,59,48,48,48,48,48,48,48,48,47,29,29,27,27,3,50,38,38,30,3,3,3,22,22,22,41,20,17,9,4,23,0],"gold":329,"neow_bonus":"THREE_ENEMY_KILL","is_prod":false,"is_daily":false,"chose_seed":false,"campfire_upgraded":2,"win_rate":0,"timestamp":1560000399,"path_taken":["M","?","?","$","?","E","R","$","T","E","M","E","M","M","R","BOSS","M","?","M","M","?","E","R","?","T","R","?","E","?","E","R","BOSS"],"build_version":"2019-01-23","purchased_purges":0,"victory":false,"max_hp_per_floor":[66,66,66,66,66,66,66,66,66,66,66,66,66,66,66,66,66,66,66,66,66,66,66,66,66,66,66,66,66,66,66,66,66],"card_choices":[{"not_picked":["Poisoned Stab","Bane"],"picked":"Deflect","floor":1.0},{"not_picked":["Deflect","Escape Plan"],"picked":"Poisoned Stab","floor":6.0},{"not_picked":["Slice","Eviscerate","Endless Agony"],"picked":"SKIP","floor":10.0},{"not_picked":["Tools of the Trade","Bane"],"picked":"Noxious Fumes","floor":11.0},{"not_picked":["Underhanded Strike","Slice"],"picked":"Backstab","floor":12.0},{"not_picked":["Underhanded Strike","Backflip"],"picked":"PiercingWail","floor":13.0},{"not_picked":["Heel Hook","Slice"],"picked":"Calculated Gamble","floor":14.0},{"not_picked":["Tools of the Trade","Venomology"],"picked":"Glass Knife","floor":16.0},{"not_picked":["Deadly Poison","Blade Dance"],"picked":"Dodge and Roll","floor":18.0},{"not_picked":["Eviscerate","Flying Knee+1","Outmaneuver"],"picked":"SKIP","floor":20.0},{"not_picked":["Deflect","Dagger Throw"],"picked":"Bouncing Flask","floor":21.0},{"not_picked":["Endless Agony+1","Prepared"],"picked":"Wraith Form v2","floor":23.0},{"not_picked":["Finisher","Blade Dance"],"picked":"Acrobatics","floor":28.0},{"not_picked":["Heel Hook","Infinite Blades","Predator"],"picked":"SKIP","floor":29.0},{"not_picked":["Poisoned Stab+1","Predator+1"],"picked":"Crippling Poison","floor":30.0},{"not_picked":["Sucker Punch+1","Choke+1"],"picked":"Noxious Fumes+1","floor":31.0}],"player_experience":484937,"relics_obtained":[{"floor":6.0,"key":"Snake Skull"},{"floor":9.0,"key":"Kunai"},{"floor":10.0,"key":"Ancient Tea Set"},{"floor":12.0,"key":"Paper Crane"},{"floor":23.0,"key":"Potion Belt"},{"floor":25.0,"key":"Dodecahedron"},{"floor":26.0,"key":"Blood Vial"},{"floor":28.0,"key":"Red Mask"},{"floor":29.0,"key":"Molten Egg 2"},{"floor":31.0,"key":"Bag of Marbles"}],"event_choices":[{"damage_healed":0.0,"max_hp_gain":0.0,"max_hp_loss":0.0,"gold_gain":0.0,"event_name":"Living Wall","player_choice":"Grow","floor":2.0,"gold_loss":0.0,"damage_taken":0.0,"cards_upgraded":["Neutralize"]},{"damage_healed":0.0,"max_hp_gain":0.0,"max_hp_loss":0.0,"gold_gain":0.0,"event_name":"Scrap Ooze","player_choice":"Success","floor":3.0,"gold_loss":0.0,"damage_taken":11.0,"relics_obtained":["Sundial"]},{"damage_healed":0.0,"max_hp_gain":0.0,"max_hp_loss":0.0,"gold_gain":0.0,"event_name":"Upgrade Shrine","player_choice":"Upgraded","floor":5.0,"gold_loss":0.0,"damage_taken":0.0,"cards_upgraded":["Caltrops"]},{"damage_healed":0.0,"max_hp_gain":0.0,"max_hp_loss":0.0,"gold_gain":0.0,"event_name":"Back to Basics","player_choice":"Simplicity","floor":19.0,"gold_loss":0.0,"damage_taken":0.0,"cards_upgraded":["Defend_G","Defend_G","Defend_G","Defend_G","Defend_G","Strike_G","Strike_G","Strike_G","Strike_G","Strike_G"]},{"damage_healed":0.0,"max_hp_gain":0.0,"max_hp_loss":0.0,"gold_gain":0.0,"event_name":"Masked Bandits","player_choice":"Fought Bandits","floor":28.0,"gold_loss":0.0,"damage_taken":0.0}],"is_beta":false,"boss_relics":[{"not_picked":["Philosopher\u0027s Stone","Empty Cage"],"picked":"Sozu"}],"items_purged_floors":[],"is_endless":false,"potions_floor_spawned":[6,10,12,14,16,20,21,31],"killed_by":"Automaton","ascension_level":20}