{"gold_per_floor":[110,122,122,122,68,68,15,41,66,107,119,149,174,197,209,298,310,302,314,339,369,381],"floor_reached":22,"playtime":1004,"items_purged":[],"score":372,"play_id":"b909ad0d-be11-437b-98af-e5c2210dea30","local_time":"20190705222928","is_ascension_mode":true,"campfire_choices":[{"floor":6,"key":"REST"},{"floor":11,"key":"REST"},{"data":"Streamline","floor":15,"key":"SMITH"}],"neow_cost":"NONE","seed_source_timestamp":461489803832161,"circlet_count":0,"master_deck":["AscendersBane","Defend_B","Defend_B","Defend_B","Defend_B","Zap","Dualcast","Sweeping Beam+1","Leap","Ball Lightning","Streamline+1","Conserve Battery","Genetic Algorithm","Doom and Gloom","Sweeping Beam","Amplify","Buffer+1","Machine Learning+1","Thunder Strike+1","Beam Cell+1","Genetic Algorithm","Core Surge"],"relics":["Cracked Core","Lantern","Anchor","MawBank","Dodecahedron","Astrolabe"],"potions_floor_usage":[10,16],"damage_taken":[{"damage":7,"enemies":"Jaw Worm","floor":1,"turns":3},{"damage":0,"enemies":"Cultist","floor":2,"turns":3},{"damage":26,"enemies":"Gremlin Nob","floor":8,"turns":4},{"damage":21,"enemies":"Lagavulin","floor":10,"turns":5},{"damage":0,"enemies":"Small Slimes","floor":12,"turns":2},{"damage":0,"enemies":"Exordium Wildlife","floor":13,"turns":2},{"damage":12,"enemies":"Lots of Slimes","floor":14,"turns":3},{"damage":25,"enemies":"Slime Boss","floor":16,"turns":6},{"damage":8,"enemies":"2 Thieves","floor":18,"turns":5},{"damage":14,"enemies":"Shell Parasite","floor":20,"turns":5},{"damage":14,"enemies":"Snake Plant","floor":21,"turns":6},{"damage":47,"enemies":"Cultist and Chosen","floor":22,"turns":3}],"seed_played":"-7882361572281168564","potions_obtained":[{"floor":1,"key":"FocusPotion"},{"floor":10,"key":"Swift Potion"},{"floor":13,"key":"Fire Potion"},{"floor":18,"key":"SteroidPotion"}],"is_trial":false,"path_per_floor":["M","M","?","?","$","R","$","E","T","E","R","M","M","M","R","B",null,"M","?","M","M","M"],"character_chosen":"DEFECT","items_purchased":["Ball Lightning","Streamline"],"campfire_rested":2,"item_purchase_floors":[5,7],"current_hp_per_floor":[57,57,57,50,50,71,71,45,45,24,45,45,45,33,33,8,55,47,47,33,19,0],"gold":381,"neow_bonus":"RANDOM_COMMON_RELIC","is_prod":false,"is_daily":false,"chose_seed":false,"campfire_upgraded":1,"win_rate":0,"timestamp":1562380168,"path_taken":["M","M","?","?","?","R","$","E","T","E","R","M","M","M","R","BOSS","M","?","M","M","M"],"build_version":"2019-07-05","purchased_purges":0,"victory":false,"max_hp_per_floor":[71,71,71,71,71,71,71,71,71,71,71,71,71,71,71,71,71,71,71,71,71,71],"card_choices":[{"not_picked":["Darkness","Coolheaded"],"picked":"Sweeping Beam","floor":1},{"not_picked":["Hello World","BootSequence"],"picked":"Leap","floor":2},{"not_picked":["Aggregate","Force Field","Redo"],"picked":"SKIP","floor":8},{"not_picked":["Blizzard","Steam Power"],"picked":"Conserve Battery","floor":10},{"not_picked":["Hologram","Scrape"],"picked":"Genetic Algorithm","floor":12},{"not_picked":["Hologram","Sweeping Beam"],"picked":"Doom and Gloom","floor":13},{"not_picked":["Stack","Meteor Strike"],"picked":"Sweeping Beam","floor":14},{"not_picked":["Hyperbeam","Thunder Strike"],"picked":"Amplify","floor":16},{"not_picked":["Coolheaded","Gash"],"picked":"Beam Cell+1","floor":18},{"not_picked":["Steam","Sweeping Beam"],"picked":"Core Surge","floor":20},{"not_picked":["Gash","Tempest","Redo"],"picked":"SKIP","floor":21}],"player_experience":1113285,"relics_obtained":[{"floor":8,"key":"Anchor"},{"floor":9,"key":"MawBank"},{"floor":10,"key":"Dodecahedron"}],"event_choices":[{"damage_healed":0,"gold_gain":0,"player_choice":"Grow","damage_taken":0,"max_hp_gain":0,"max_hp_loss":0,"event_name":"Living Wall","floor":3,"gold_loss":0,"cards_upgraded":["Sweeping Beam"]},{"cards_removed":["Strike_B"],"damage_healed":0,"gold_gain":0,"player_choice":"Card Removal","damage_taken":7,"max_hp_gain":0,"max_hp_loss":0,"event_name":"Golden Wing","floor":4,"gold_loss":0},{"damage_healed":0,"gold_gain":0,"player_choice":"Copied","damage_taken":0,"max_hp_gain":0,"max_hp_loss":0,"event_name":"Duplicator","floor":19,"gold_loss":0,"cards_obtained":["Genetic Algorithm"]}],"is_beta":false,"boss_relics":[{"not_picked":["Inserter","Snecko Eye"],"picked":"Astrolabe"}],"items_purged_floors":[],"is_endless":false,"potions_floor_spawned":[1,10,13,18,21],"killed_by":"Cultist and Chosen","ascension_level":18}