{"gold_per_floor":[113,127,202,217,228,291,291,310,310,310,310,310,485,435,435,535,535,548,565,599,120,131,131],"floor_reached":23,"playtime":1254,"items_purged":["Defend_R"],"score":191,"play_id":"f0497fe8-1cf5-4b90-ba49-38a7f81570ac","local_time":"20190120180948","is_ascension_mode":false,"campfire_choices":[{"data":"Fiend Fire","floor":7,"key":"SMITH"},{"data":"Sentinel","floor":10,"key":"SMITH"},{"data":"Shockwave","floor":12,"key":"SMITH"},{"data":"Bash","floor":15,"key":"SMITH"}],"neow_cost":"NONE","seed_source_timestamp":1904992876698849,"circlet_count":0,"master_deck":["Strike_R","Strike_R","Strike_R","Strike_R","Strike_R","Defend_R","Defend_R","Defend_R","Bash+1","Fiend Fire+1","Shockwave+1","Sentinel+1","Evolve","Feel No Pain","Ghostly Armor","Double Tap","Battle Trance","Cleave","Thunderclap","Metallicize","Shrug It Off+1","Headbutt","Uppercut"],"relics":["Burning Blood","Tiny Chest","Gremlin Horn","Blood Vial","Orrery","Red Mask","Pen Nib","Shuriken"],"potions_floor_usage":[6,18,20,23],"damage_taken":[{"damage":3,"enemies":"Jaw Worm","floor":1,"turns":3},{"damage":0,"enemies":"Small Slimes","floor":2,"turns":3},{"damage":2,"enemies":"2 Louse","floor":4,"turns":4},{"damage":3,"enemies":"2 Fungi Beasts","floor":5,"turns":3},{"damage":14,"enemies":"Gremlin Nob","floor":6,"turns":4},{"damage":5,"enemies":"Looter","floor":8,"turns":2},{"damage":26,"enemies":"Slime Boss","floor":16,"turns":8},{"damage":9,"enemies":"3 Byrds","floor":18,"turns":8},{"damage":10,"enemies":"Chosen","floor":19,"turns":7},{"damage":7,"enemies":"Masked Bandits","floor":20,"turns":5},{"damage":27,"enemies":"Sentry and Sphere","floor":22,"turns":4},{"damage":59,"enemies":"Book of Stabbing","floor":23,"turns":6}],"seed_played":"-3387273067858802605","potions_obtained":[{"floor":2,"key":"AttackPotion"},{"floor":4,"key":"Poison Potion"},{"floor":8,"key":"Block Potion"},{"floor":16,"key":"Fire Potion"},{"floor":22,"key":"Energy Potion"}],"is_trial":false,"path_per_floor":["M","M","?","M","M","E","R","M","T","R","?","R","?","?","R","B",null,"M","M","?","$","M","E"],"character_chosen":"IRONCLAD","items_purchased":["Pen Nib","Shuriken"],"campfire_rested":0,"item_purchase_floors":[21,21],"current_hp_per_floor":[80,80,69,73,76,68,68,69,69,69,57,57,57,57,57,39,80,77,75,76,76,57,0],"gold":131,"neow_bonus":"ONE_RANDOM_RARE_CARD","is_prod":false,"is_daily":false,"chose_seed":false,"campfire_upgraded":4,"win_rate":0,"timestamp":1548025788,"path_taken":["M","M","?","M","M","E","R","M","T","R","?","R","?","?","R","BOSS","M","M","?","$","M","E"],"build_version":"2019-01-10","purchased_purges":1,"victory":false,"max_hp_per_floor":[80,80,80,80,80,80,80,80,80,80,80,80,80,80,80,80,80,80,80,80,80,80,80],"card_choices":[{"not_picked":["Clothesline","Clash"],"picked":"Shockwave","floor":1},{"not_picked":["Searing Blow","Pommel Strike"],"picked":"Sentinel","floor":2},{"not_picked":["Sword Boomerang","Clash"],"picked":"Evolve","floor":4},{"not_picked":["Evolve","Spot Weakness"],"picked":"Feel No Pain","floor":5},{"not_picked":["Metallicize","Sword Boomerang"],"picked":"Ghostly Armor","floor":6},{"not_picked":["Warcry","Sever Soul","Iron Wave"],"picked":"SKIP","floor":8},{"not_picked":["Demon Form","Fiend Fire"],"picked":"Double Tap","floor":16},{"not_picked":["Pommel Strike","Pummel"],"picked":"Battle Trance","floor":17},{"not_picked":["Armaments","Iron Wave"],"picked":"Cleave","floor":17},{"not_picked":["Body Slam","True Grit"],"picked":"Thunderclap","floor":17},{"not_picked":["Whirlwind","Headbutt"],"picked":"Metallicize","floor":17},{"not_picked":["Warcry+1","Barricade"],"picked":"Shrug It Off+1","floor":18},{"not_picked":["True Grit","Warcry"],"picked":"Headbutt","floor":19},{"not_picked":["Clash+1","Twin Strike"],"picked":"Uppercut","floor":20},{"not_picked":["Blood for Blood","Warcry","Thunderclap+1"],"picked":"SKIP","floor":22}],"player_experience":632901,"relics_obtained":[{"floor":6,"key":"Tiny Chest"},{"floor":9,"key":"Gremlin Horn"},{"floor":20,"key":"Red Mask"}],"event_choices":[{"damage_healed":0,"gold_gain":75,"player_choice":"Gather Gold","damage_taken":11,"max_hp_gain":0,"max_hp_loss":0,"event_name":"World of Goop","floor":3,"gold_loss":0},{"damage_healed":0,"gold_gain":0,"player_choice":"Success","damage_taken":12,"relics_obtained":["Blood Vial"],"max_hp_gain":0,"max_hp_loss":0,"event_name":"Scrap Ooze","floor":11,"gold_loss":0},{"damage_healed":0,"gold_gain":175,"player_choice":"AGREE","damage_taken":0,"max_hp_gain":0,"max_hp_loss":0,"event_name":"Liars Game","floor":13,"gold_loss":0,"cards_obtained":["Doubt"]},{"cards_removed":["Doubt"],"damage_healed":0,"gold_gain":0,"player_choice":"Card Removal","damage_taken":0,"max_hp_gain":0,"max_hp_loss":0,"event_name":"The Cleric","floor":14,"gold_loss":50},{"damage_healed":0,"gold_gain":0,"player_choice":"Fought Bandits","damage_taken":0,"max_hp_gain":0,"max_hp_loss":0,"event_name":"Masked Bandits","floor":20,"gold_loss":0}],"is_beta":false,"boss_relics":[{"not_picked":["Black Blood","Eternal Feather"],"picked":"Orrery"}],"items_purged_floors":[21],"is_endless":false,"potions_floor_spawned":[2,4,8,16,22],"killed_by":"Book of Stabbing","ascension_level":0}