{"gold_per_floor":[116,133,133,149,149,190,214,214,214,214,237,237,255,296,296,419,419,440,12,12,33,33,33,64,64,90,15,76,91,3,19,19,148,448,471,471,179,227,251,251,126,126,150,174,209,9,9,27,27,27],"floor_reached":51,"playtime":4745,"items_purged":["Strike_R","Normality","Normality","Writhe"],"score":698,"play_id":"6aacffa7-958e-4b5d-8b0f-dc55d0da2177","local_time":"20180718222153","is_ascension_mode":false,"campfire_choices":[{"floor":10,"key":"REST"},{"data":"Metallicize","floor":12,"key":"SMITH"},{"data":"Spot Weakness","floor":15,"key":"SMITH"},{"data":"Intimidate","floor":23,"key":"SMITH"},{"floor":25,"key":"REST"},{"floor":32,"key":"REST"},{"data":"Bash","floor":40,"key":"SMITH"},{"floor":42,"key":"REST"},{"floor":47,"key":"REST"},{"floor":49,"key":"REST"}],"neow_cost":"NONE","seed_source_timestamp":131213893777826,"circlet_count":0,"master_deck":["Strike_R","Strike_R","Strike_R","Strike_R","Defend_R","Defend_R+1","Defend_R","Bash+1","Disarm+1","Whirlwind+1","Metallicize+1","Thunderclap","Flex","Metallicize+1","Spot Weakness+1","Flex","Anger","Intimidate+1","Sword Boomerang","Cleave","Anger+1","Inflame+1","Shockwave+1","Barricade+1","Parasite","Headbutt+1","Whirlwind+1","Rampage+1","Clash+1","Warcry+1"],"relics":["Eternal Feather","Golden Idol","Turnip","Bottled Tornado","Dodecahedron","Philosopher\u0027s Stone","Pen Nib","Orichalcum","GremlinMask","Frozen Egg 2","Regal Pillow","Tiny Chest","Calling Bell","Lantern","Mummified Hand","Old Coin","DollysMirror","War Paint","Bronze Scales","Unceasing Top"],"potions_floor_usage":[13,16,24,24,29,29,31,39,44,50,50,50],"damage_taken":[{"damage":0,"enemies":"Small Slimes","floor":1,"turns":3},{"damage":1,"enemies":"2 Louse","floor":2,"turns":4},{"damage":6,"enemies":"Cultist","floor":4,"turns":3},{"damage":11,"enemies":"Gremlin Nob","floor":6,"turns":5},{"damage":8,"enemies":"Exordium Wildlife","floor":7,"turns":4},{"damage":0,"enemies":"Red Slaver","floor":11,"turns":5},{"damage":4,"enemies":"Gremlin Gang","floor":13,"turns":5},{"damage":9,"enemies":"3 Sentries","floor":14,"turns":8},{"damage":32,"enemies":"The Guardian","floor":16,"turns":10},{"damage":2,"enemies":"Chosen","floor":18,"turns":5},{"damage":11,"enemies":"Spheric Guardian","floor":21,"turns":5},{"damage":73,"enemies":"Slavers","floor":24,"turns":10},{"damage":20,"enemies":"Gremlin Leader","floor":28,"turns":5},{"damage":20,"enemies":"Slaver and Parasite","floor":29,"turns":6},{"damage":4,"enemies":"Centurion and Healer","floor":31,"turns":3},{"damage":31,"enemies":"Collector","floor":33,"turns":8},{"damage":65,"enemies":"3 Darklings","floor":35,"turns":6},{"damage":21,"enemies":"3 Shapes","floor":39,"turns":2},{"damage":0,"enemies":"Transient","floor":44,"turns":5},{"damage":66,"enemies":"Nemesis","floor":45,"turns":7},{"damage":11,"enemies":"4 Shapes","floor":48,"turns":20},{"damage":75,"enemies":"Donu and Deca","floor":50,"turns":7}],"seed_played":"105231986057631131","potions_obtained":[{"floor":1,"key":"Explosive Potion"},{"floor":11,"key":"Ancient Potion"},{"floor":14,"key":"Strength Potion"},{"floor":16,"key":"Ancient Potion"},{"floor":18,"key":"Regen Potion"},{"floor":28,"key":"GamblersBrew"},{"floor":33,"key":"Swift Potion"},{"floor":35,"key":"GamblersBrew"},{"floor":44,"key":"SteroidPotion"},{"floor":48,"key":"Dexterity Potion"}],"is_trial":false,"path_per_floor":["M","M","?","M","?","E","M","?","T","R","M","R","M","E","R","B",null,"M","$","?","M","?","R","E","R","T","?","E","M","$","M","R","B",null,"M","?","$","T","M","R","$","R","T","M","E","$","R","M","R","B"],"character_chosen":"IRONCLAD","items_purchased":["Pen Nib","Orichalcum","Anger","Strength Potion","Inflame+1","DollysMirror","Dexterity Potion"],"campfire_rested":6,"item_purchase_floors":[19,19,19,30,30,37,46],"current_hp_per_floor":[80,79,59,53,37,26,18,18,18,48,48,54,50,41,47,15,80,78,78,78,67,67,73,15,47,47,47,27,7,7,3,50,19,80,15,35,35,35,14,24,24,73,73,73,7,7,56,45,80,5],"gold":27,"neow_bonus":"BOSS_RELIC","is_prod":false,"is_daily":false,"chose_seed":false,"campfire_upgraded":4,"win_rate":0,"timestamp":1531966913,"path_taken":["M","M","?","M","?","E","M","?","T","R","M","R","M","E","R","BOSS","M","$","?","M","?","R","E","R","T","?","E","M","?","M","R","BOSS","M","?","?","?","?","R","$","R","T","M","E","$","R","M","R","BOSS"],"build_version":"2018-07-12","purchased_purges":4,"victory":true,"max_hp_per_floor":[80,80,80,80,80,80,80,80,80,80,80,80,80,80,80,80,80,80,80,80,80,80,80,80,80,80,80,80,80,80,80,80,80,80,80,80,80,80,80,80,80,80,80,80,80,80,80,80,80,80],"card_choices":[{"not_picked":["Rupture","Wild Strike"],"picked":"Disarm","floor":1},{"not_picked":["Anger","Iron Wave"],"picked":"Whirlwind","floor":2},{"not_picked":["Havoc","Headbutt"],"picked":"Metallicize","floor":4},{"not_picked":["Twin Strike","Pommel Strike"],"picked":"Thunderclap","floor":6},{"not_picked":["Shockwave","Clash"],"picked":"Flex","floor":7},{"not_picked":["Cleave","Heavy Blade"],"picked":"Metallicize","floor":11},{"not_picked":["Combust","True Grit","Pommel Strike"],"picked":"SKIP","floor":13},{"not_picked":["Wild Strike","Inflame"],"picked":"Spot Weakness","floor":14},{"not_picked":["Feel No Pain","Wild Strike"],"picked":"Flex","floor":18},{"not_picked":["Clash","Brutality"],"picked":"Intimidate","floor":21},{"not_picked":["Flex","Blood for Blood"],"picked":"Sword Boomerang","floor":24},{"not_picked":["Rupture+1","Blood for Blood"],"picked":"Cleave","floor":28},{"not_picked":["Flex","Wild Strike"],"picked":"Anger+1","floor":29},{"not_picked":["Exhume","Flex"],"picked":"Shockwave","floor":31},{"not_picked":["Offering","Immolate"],"picked":"Barricade+1","floor":33},{"not_picked":["Bloodletting+1","Spot Weakness"],"picked":"Headbutt+1","floor":35},{"not_picked":["Intimidate+1","Rage","Inflame+1"],"picked":"SKIP","floor":39},{"not_picked":["Inflame+1","Evolve+1"],"picked":"Rampage+1","floor":44},{"not_picked":["Havoc","Armaments"],"picked":"Clash+1","floor":45},{"not_picked":["Pommel Strike+1","Combust+1"],"picked":"Warcry+1","floor":48}],"player_experience":151947,"relics_obtained":[{"floor":6,"key":"Turnip"},{"floor":9,"key":"Bottled Tornado"},{"floor":14,"key":"Dodecahedron"},{"floor":24,"key":"Frozen Egg 2"},{"floor":26,"key":"Regal Pillow"},{"floor":28,"key":"Tiny Chest"},{"floor":34,"key":"Lantern"},{"floor":34,"key":"Mummified Hand"},{"floor":34,"key":"Old Coin"},{"floor":38,"key":"War Paint"},{"floor":43,"key":"Bronze Scales"},{"floor":45,"key":"Unceasing Top"}],"event_choices":[{"event_name":"Golden Idol","player_choice":"Take Damage","floor":3,"damage_taken":0},{"event_name":"Shining Light","player_choice":"Entered Light","floor":5,"damage_taken":0},{"event_name":"Upgrade Shrine","player_choice":"Upgraded","floor":8,"damage_taken":0},{"event_name":"FaceTrader","player_choice":"Trade","floor":20,"damage_taken":0},{"event_name":"Drug Dealer","player_choice":"Ignored","floor":22,"damage_taken":0},{"event_name":"Beggar","player_choice":"Gave Gold","floor":27,"damage_taken":0},{"event_name":"Winding Halls","player_choice":"Writhe","floor":36,"damage_taken":0}],"boss_relics":[{"not_picked":["Orrery","Astrolabe"],"picked":"Philosopher\u0027s Stone"},{"not_picked":["Runic Pyramid","Snecko Eye"],"picked":"Calling Bell"}],"items_purged_floors":[19,37,41,46],"is_endless":false,"potions_floor_spawned":[1,11,14,16,18,28,33,35,44,48],"ascension_level":0}