{"gold_per_floor":[116,116,136,57,12,12,12,75,75,110,110,110,110,133,133,259,259,280,298,298,316,316,316,340,340,366,366,379,379,395,320,320,416,416,426,426,426,444,464,464,464,489,489,489,489],"floor_reached":45,"playtime":2326,"items_purged":["Barricade"],"score":474,"play_id":"17a0aa4a-e822-4b80-a4ef-20b8a80c2290","local_time":"20190108195619","is_ascension_mode":false,"campfire_choices":[{"data":"Inflame","floor":6.0,"key":"SMITH"},{"data":"Whirlwind","floor":11.0,"key":"SMITH"},{"floor":13.0,"key":"REST"},{"data":"Sword Boomerang","floor":15.0,"key":"SMITH"},{"floor":23.0,"key":"REST"},{"data":"Rupture","floor":29.0,"key":"SMITH"},{"data":"Limit Break","floor":32,"key":"SMITH"},{"floor":40,"key":"RECALL"},{"data":"Flex","floor":44,"key":"SMITH"}],"neow_cost":"NONE","seed_source_timestamp":873083217384100,"circlet_count":0,"master_deck":["Bash","Limit Break+1","Sword Boomerang+1","Pummel","Inflame+1","Headbutt","Warcry","Whirlwind+1","Flex+1","Offering","Dual Wield","Rupture+1","Pummel","Fire Breathing","Infernal Blade","Headbutt","Disarm","Shrug It Off+1","Offering","Intimidate+1","Madness","Madness","Regret"],"special_seed":0,"relics":["Burning Blood","Bloody Idol","Tiny Chest","Paper Frog","Nunchaku","Pandora\u0027s Box","Strawberry","Pear","Cursed Key","Regal Pillow"],"potions_floor_usage":[30,42],"damage_taken":[{"damage":1.0,"enemies":"Cultist","floor":1.0,"turns":4.0},{"damage":0.0,"enemies":"Small Slimes","floor":3.0,"turns":3.0},{"damage":30.0,"enemies":"3 Sentries","floor":8.0,"turns":8.0},{"damage":26.0,"enemies":"Lagavulin","floor":10.0,"turns":6.0},{"damage":1.0,"enemies":"2 Louse","floor":14.0,"turns":2.0},{"damage":25.0,"enemies":"Hexaghost","floor":16.0,"turns":5.0},{"damage":6.0,"enemies":"Spheric Guardian","floor":18.0,"turns":2.0},{"damage":30.0,"enemies":"2 Thieves","floor":19.0,"turns":3.0},{"damage":6.0,"enemies":"Sentry and Sphere","floor":21.0,"turns":2.0},{"damage":25.0,"enemies":"Colosseum Slavers","floor":22.0,"turns":2.0},{"damage":21.0,"enemies":"Snake Plant","floor":24.0,"turns":3.0},{"damage":14.0,"enemies":"Centurion and Healer","floor":28.0,"turns":3.0},{"damage":12,"enemies":"Cultist and Chosen","floor":30,"turns":3},{"damage":48,"enemies":"Automaton","floor":33,"turns":6},{"damage":13,"enemies":"Orb Walker","floor":35,"turns":3},{"damage":12,"enemies":"3 Darklings","floor":38,"turns":1},{"damage":6,"enemies":"Sphere and 2 Shapes","floor":39,"turns":2},{"damage":36,"enemies":"Nemesis","floor":42,"turns":5},{"damage":60,"enemies":"4 Shapes","floor":45,"turns":3}],"seed_played":"218026449903839558","potions_obtained":[{"floor":10.0,"key":"Swift Potion"},{"floor":14.0,"key":"Ancient Potion"},{"floor":19.0,"key":"AttackPotion"},{"floor":24.0,"key":"Ancient Potion"},{"floor":28.0,"key":"SteroidPotion"},{"floor":30,"key":"Block Potion"}],"is_trial":false,"path_per_floor":["M","?","M","$","$","R","?","E","T","E","R","?","R","M","R","B",null,"M","M","?","M","?","R","M","?","T","?","M","R","M","$","R","B",null,"M","?","?","M","M","R","?","E","T","R","M"],"character_chosen":"IRONCLAD","items_purchased":["Inflame","Headbutt"],"campfire_rested":2,"item_purchase_floors":[4,5],"current_hp_per_floor":[80,80,80,80,80,80,60,36,36,16,16,9,33,38,38,19,80,80,56,56,56,37,61,46,46,58,68,65,65,64,64,64,27,97,95,95,95,94,97,97,85,60,60,60,0],"gold":489,"neow_bonus":"ONE_RANDOM_RARE_CARD","is_prod":false,"is_daily":false,"chose_seed":false,"campfire_upgraded":6,"win_rate":0,"timestamp":1546995379,"path_taken":["M","?","?","?","$","R","?","E","T","E","R","?","R","M","R","BOSS","M","M","?","M","?","R","M","?","T","?","?","R","M","$","R","BOSS","M","?","?","?","M","R","?","E","T","R","M"],"build_version":"2019-01-03v4","purchased_purges":1,"victory":false,"max_hp_per_floor":[80,80,80,80,80,80,80,80,80,80,80,80,80,80,80,80,80,80,80,80,80,80,80,80,80,87,97,97,97,97,97,97,97,97,97,97,97,97,97,97,97,97,97,97,97],"card_choices":[{"not_picked":["True Grit","Headbutt"],"picked":"Sword Boomerang","floor":1.0},{"not_picked":["Perfected Strike","Infernal Blade"],"picked":"Pummel","floor":3.0},{"not_picked":["Sever Soul","Fire Breathing"],"picked":"Warcry","floor":8.0},{"not_picked":["Sword Boomerang","Searing Blow"],"picked":"Whirlwind","floor":10.0},{"not_picked":["Dropkick","True Grit"],"picked":"Flex","floor":14.0},{"not_picked":["Brutality","Berserk"],"picked":"Offering","floor":16.0},{"not_picked":["Headbutt","Perfected Strike","Anger+1"],"picked":"SKIP","floor":18.0},{"not_picked":["Corruption","Clothesline"],"picked":"Disarm","floor":19.0},{"not_picked":["Headbutt","Fire Breathing","Carnage"],"picked":"SKIP","floor":21.0},{"not_picked":["Wild Strike","Havoc+1"],"picked":"Shrug It Off+1","floor":24.0},{"not_picked":["Clash","Cleave","Headbutt+1"],"picked":"SKIP","floor":28.0},{"not_picked":["Flex","Spot Weakness","Clash"],"picked":"SKIP","floor":30},{"not_picked":["Bludgeon","Berserk"],"picked":"Offering","floor":33},{"not_picked":["Sentinel+1","Havoc+1","Pommel Strike+1"],"picked":"SKIP","floor":35},{"not_picked":["Perfected Strike+1","Impervious","Warcry+1"],"picked":"SKIP","floor":38},{"not_picked":["Fire Breathing","Shrug It Off"],"picked":"Intimidate+1","floor":39},{"not_picked":["Sentinel+1","Flex+1","Spot Weakness+1"],"picked":"SKIP","floor":42}],"player_experience":620343,"relics_obtained":[{"floor":8.0,"key":"Tiny Chest"},{"floor":9.0,"key":"Paper Frog"},{"floor":10.0,"key":"Nunchaku"},{"floor":26.0,"key":"Strawberry"},{"floor":42,"key":"Regal Pillow"}],"event_choices":[{"damage_healed":0.0,"max_hp_gain":0.0,"max_hp_loss":0.0,"gold_gain":0.0,"event_name":"NoteForYourself","player_choice":"Ignored","floor":2.0,"gold_loss":0.0,"damage_taken":0.0},{"damage_healed":0.0,"max_hp_gain":0.0,"max_hp_loss":0.0,"gold_gain":0.0,"event_name":"Golden Idol","player_choice":"Take Damage","floor":7.0,"gold_loss":0.0,"damage_taken":20.0,"relics_obtained":["Golden Idol"]},{"cards_removed":["Strike_R"],"damage_healed":0.0,"max_hp_gain":0.0,"max_hp_loss":0.0,"gold_gain":0.0,"event_name":"Golden Wing","player_choice":"Card Removal","floor":12.0,"gold_loss":0.0,"damage_taken":7.0},{"damage_healed":0.0,"max_hp_gain":0.0,"max_hp_loss":0.0,"gold_gain":0.0,"event_name":"Cursed Tome","player_choice":"Ignored","floor":20.0,"gold_loss":0.0,"damage_taken":0.0},{"damage_healed":0.0,"max_hp_gain":0.0,"max_hp_loss":0.0,"gold_gain":0.0,"event_name":"Colosseum","player_choice":"Fight","floor":22.0,"gold_loss":0.0,"damage_taken":0.0},{"damage_healed":0.0,"max_hp_gain":0.0,"max_hp_loss":0.0,"gold_gain":0.0,"event_name":"Colosseum","player_choice":"Fled From Nobs","floor":22.0,"gold_loss":0.0,"damage_taken":0.0},{"damage_healed":0.0,"max_hp_gain":0.0,"max_hp_loss":0.0,"gold_gain":0.0,"event_name":"Forgotten Altar","player_choice":"Gave Idol","floor":25.0,"relics_lost":["Golden Idol"],"gold_loss":0.0,"damage_taken":0.0,"relics_obtained":["Bloody Idol"]},{"damage_healed":0.0,"max_hp_gain":0.0,"max_hp_loss":0.0,"gold_gain":0.0,"event_name":"The Mausoleum","player_choice":"Opened","floor":27.0,"gold_loss":0.0,"damage_taken":0.0,"relics_obtained":["Pear"]},{"damage_healed":0,"gold_gain":0,"player_choice":"Ignored","damage_taken":0,"max_hp_gain":0,"max_hp_loss":0,"event_name":"Tomb of Lord Red Mask","floor":36,"gold_loss":0},{"cards_removed":["Barricade"],"damage_healed":0,"gold_gain":0,"player_choice":"Purged","damage_taken":0,"max_hp_gain":0,"max_hp_loss":0,"event_name":"Purifier","floor":37,"gold_loss":0},{"damage_healed":0,"gold_gain":0,"player_choice":"Embrace Madness","damage_taken":12,"max_hp_gain":0,"max_hp_loss":0,"event_name":"Winding Halls","floor":41,"gold_loss":0,"cards_obtained":["Madness","Madness"]}],"is_beta":false,"boss_relics":[{"not_picked":["Astrolabe","Runic Dome"],"picked":"Pandora\u0027s Box"},{"not_picked":["Tiny House","Coffee Dripper"],"picked":"Cursed Key"}],"items_purged_floors":[31],"is_endless":false,"potions_floor_spawned":[10,14,19,24,28,30,38,39],"killed_by":"4 Shapes","ascension_level":0}