{"gold_per_floor":[11,23,41,56,68,101,101,126,126,151,181,194,194,207,207,284,284,298,189,209,224,234,234,268,268,268,303,303,319,319,299,299,377,377,390,402,402,402],"floor_reached":38,"playtime":2154,"items_purged":["Strike_G"],"score":835,"play_id":"424c1ddf-380b-40a6-9fd3-f87f3de1460d","local_time":"20190616165528","is_ascension_mode":true,"campfire_choices":[{"floor":7,"key":"REST"},{"floor":13,"key":"REST"},{"data":"Terror","floor":15,"key":"SMITH"},{"floor":23,"key":"REST"},{"floor":25,"key":"REST"},{"floor":30,"key":"REST"},{"data":"Neutralize","floor":32,"key":"SMITH"}],"neow_cost":"NO_GOLD","seed_source_timestamp":2297632479122868,"circlet_count":0,"master_deck":["AscendersBane","Defend_G","Defend_G","Defend_G","Defend_G","Defend_G","Survivor","Neutralize+1","Terror+1","Dagger Spray","Slice","Footwork","Glass Knife","Poisoned Stab","Blade Dance","Cloak And Dagger","Leg Sweep","Adrenaline","Flying Knee","Accuracy","Well Laid Plans","Dodge and Roll","PiercingWail","Glass Knife","Bite","Bite","Bite","Bite","Bite","Glass Knife","Predator"],"special_seed":0,"relics":["Ring of the Snake","WingedGreaves","Oddly Smooth Stone","Gremlin Horn","Letter Opener","Ninja Scroll","Tiny Chest","Black Star","Sundial","Strawberry","Question Card","Shuriken","Sozu"],"potions_floor_usage":[5,6,6,10,18,21,21,31,33],"damage_taken":[{"damage":2,"enemies":"Cultist","floor":1,"turns":5},{"damage":0,"enemies":"Small Slimes","floor":2,"turns":4},{"damage":6,"enemies":"2 Louse","floor":3,"turns":3},{"damage":14,"enemies":"Gremlin Gang","floor":4,"turns":3},{"damage":11,"enemies":"Lots of Slimes","floor":5,"turns":4},{"damage":13,"enemies":"3 Sentries","floor":6,"turns":10},{"damage":14,"enemies":"Lagavulin","floor":8,"turns":8},{"damage":0,"enemies":"Gremlin Nob","floor":10,"turns":3},{"damage":0,"enemies":"Large Slime","floor":12,"turns":4},{"damage":0,"enemies":"Exordium Thugs","floor":14,"turns":3},{"damage":29,"enemies":"Hexaghost","floor":16,"turns":12},{"damage":0,"enemies":"2 Thieves","floor":18,"turns":3},{"damage":0,"enemies":"Chosen","floor":20,"turns":3},{"damage":18,"enemies":"Snake Plant","floor":21,"turns":5},{"damage":28,"enemies":"Snecko","floor":22,"turns":6},{"damage":3,"enemies":"Gremlin Leader","floor":24,"turns":8},{"damage":32,"enemies":"Book of Stabbing","floor":27,"turns":7},{"damage":1,"enemies":"3 Cultists","floor":29,"turns":4},{"damage":70,"enemies":"Automaton","floor":33,"turns":12},{"damage":1,"enemies":"3 Shapes","floor":35,"turns":3},{"damage":10,"enemies":"3 Darklings","floor":36,"turns":4},{"damage":86,"enemies":"Spire Growth","floor":38,"turns":5}],"seed_played":"5996628263569930011","potions_obtained":[{"floor":2,"key":"AttackPotion"},{"floor":3,"key":"Fire Potion"},{"floor":5,"key":"Swift Potion"},{"floor":8,"key":"SteroidPotion"},{"floor":12,"key":"AttackPotion"},{"floor":14,"key":"LiquidBronze"},{"floor":20,"key":"Weak Potion"},{"floor":21,"key":"Fruit Juice"},{"floor":24,"key":"Energy Potion"},{"floor":31,"key":"Fruit Juice"}],"is_trial":false,"path_per_floor":["M","M","M","M","M","E","R","E","T","E","T","M","R","M","R","B",null,"M","$","M","M","M","R","E","R","T","E","?","M","R","?","R","B",null,"M","M","$","M"],"character_chosen":"THE_SILENT","items_purchased":["Accuracy"],"campfire_rested":5,"item_purchase_floors":[19],"current_hp_per_floor":[57,57,51,37,26,13,32,18,18,18,18,18,37,37,37,8,52,52,52,52,39,11,32,36,59,59,27,27,36,59,64,64,20,67,72,72,72,0],"gold":402,"neow_bonus":"ONE_RARE_RELIC","is_prod":false,"is_daily":false,"chose_seed":false,"campfire_upgraded":2,"win_rate":0,"timestamp":1560718528,"path_taken":["M","M","M","M","M","E","R","E","T","E","?","M","R","M","R","BOSS","M","$","M","M","M","R","E","R","T","E","?","M","R","?","R","BOSS","M","?","$","?"],"build_version":"2019-01-23","purchased_purges":1,"victory":false,"max_hp_per_floor":[66,66,66,66,66,66,66,66,66,66,66,66,66,66,66,66,66,66,66,66,71,71,71,78,78,78,78,78,78,78,83,83,83,83,83,83,83,83],"card_choices":[{"not_picked":["Dagger Throw","Distraction"],"picked":"Terror","floor":1},{"not_picked":["Terror","Flechettes"],"picked":"Dagger Spray","floor":2},{"not_picked":["Underhanded Strike","Bane"],"picked":"Slice","floor":3},{"not_picked":["Flying Knee","Flechettes"],"picked":"Footwork","floor":4},{"not_picked":["Flechettes","Masterful Stab","Underhanded Strike"],"picked":"SKIP","floor":5},{"not_picked":["Accuracy","Slice"],"picked":"Glass Knife","floor":6},{"not_picked":["Quick Slash","Dagger Throw"],"picked":"Poisoned Stab","floor":8},{"not_picked":["Calculated Gamble","Catalyst"],"picked":"Blade Dance","floor":10},{"not_picked":["Acrobatics","Underhanded Strike"],"picked":"Cloak And Dagger","floor":12},{"not_picked":["All Out Attack","Heel Hook"],"picked":"Leg Sweep","floor":14},{"not_picked":["Doppelganger","Tools of the Trade"],"picked":"Adrenaline","floor":16},{"not_picked":["Blade Dance","Dagger Spray"],"picked":"Flying Knee","floor":18},{"not_picked":["Tactician+1","Quick Slash"],"picked":"Well Laid Plans","floor":20},{"not_picked":["Terror","Dagger Throw"],"picked":"Dodge and Roll","floor":21},{"not_picked":["Backflip","All Out Attack"],"picked":"PiercingWail","floor":22},{"not_picked":["Leg Sweep","Dagger Spray"],"picked":"Glass Knife","floor":24},{"not_picked":["Underhanded Strike+1","Distraction","Reflex","Outmaneuver"],"picked":"SKIP","floor":27},{"not_picked":["PiercingWail+1","Poisoned Stab","Bane","Finisher"],"picked":"SKIP","floor":29},{"not_picked":["Envenom","Unload","Corpse Explosion"],"picked":"Glass Knife","floor":33},{"not_picked":["Dash","Slice+1","Caltrops","Dagger Spray+1"],"picked":"SKIP","floor":35},{"not_picked":["Calculated Gamble","Quick Slash","Sucker Punch"],"picked":"Predator","floor":36}],"player_experience":1016250,"relics_obtained":[{"floor":6,"key":"Oddly Smooth Stone"},{"floor":8,"key":"Gremlin Horn"},{"floor":9,"key":"Letter Opener"},{"floor":10,"key":"Ninja Scroll"},{"floor":11,"key":"Tiny Chest"},{"floor":24,"key":"Sundial"},{"floor":24,"key":"Strawberry"},{"floor":26,"key":"Question Card"},{"floor":27,"key":"Blood Vial"},{"floor":27,"key":"Shuriken"}],"event_choices":[{"damage_healed":0,"gold_gain":0,"player_choice":"Became a vampire (Vial)","damage_taken":0,"max_hp_gain":0,"max_hp_loss":0,"event_name":"Vampires","floor":28,"relics_lost":["Blood Vial"],"gold_loss":0,"cards_obtained":["Bite","Bite","Bite","Bite","Bite"]},{"damage_healed":0,"gold_gain":0,"player_choice":"Bought 1 Potion","damage_taken":0,"max_hp_gain":0,"max_hp_loss":0,"event_name":"The Woman in Blue","floor":31,"gold_loss":0}],"is_beta":false,"boss_relics":[{"not_picked":["HoveringKite","Runic Dome"],"picked":"Black Star"},{"not_picked":["Eternal Feather","Runic Pyramid"],"picked":"Sozu"}],"items_purged_floors":[19],"is_endless":false,"potions_floor_spawned":[2,3,5,8,12,14,20,21,24,27,35],"killed_by":"Spire Growth","ascension_level":15}