{"gold_per_floor":[113,131,147,72,85,111,286,286,286,320,320,320,332,351,351,451,451,464,477,505,517,85,113,113,133,133,152,169,169,169,184,184,280,280,293,87,103,203,58,83,83,94,147,147,175,27,27,52,52,52],"floor_reached":51,"playtime":3514,"items_purged":["Strike_G","Strike_G"],"score":829,"play_id":"e9edbd35-d03d-4041-ac79-99b3cbd817ca","local_time":"20191013225139","is_ascension_mode":true,"campfire_choices":[{"data":"Deadly Poison","floor":8,"key":"SMITH"},{"floor":12,"key":"REST"},{"data":"Neutralize","floor":15,"key":"SMITH"},{"data":"Bouncing Flask","floor":24,"key":"SMITH"},{"data":"Backflip","floor":30,"key":"SMITH"},{"data":"Blur","floor":32,"key":"SMITH"},{"data":"Envenom","floor":41,"key":"SMITH"},{"data":"Adrenaline","floor":44,"key":"SMITH"},{"data":"Catalyst","floor":49,"key":"SMITH"}],"neow_cost":"NONE","seed_source_timestamp":282587299773400,"circlet_count":0,"master_deck":["Strike_G","Strike_G","Strike_G","Defend_G","Defend_G","Defend_G","Defend_G","Defend_G","Survivor","Neutralize+1","Deadly Poison+1","Poisoned Stab","Outmaneuver","Dagger Throw","Dodge and Roll","Blur+1","Flying Knee","Bouncing Flask+1","Venomology+1","Catalyst+1","Dagger Throw+1","Deadly Poison+1","Outmaneuver+1","Footwork+1","Adrenaline+1","Backflip+1","Crippling Poison+1","Predator","Envenom+1","Catalyst+1","Crippling Poison+1","Bane","Poisoned Stab"],"relics":["Ring of the Snake","Vajra","Bag of Marbles","PreservedInsect","Meat on the Bone","Black Star","Red Mask","TwistedFunnel","Regal Pillow","Mummified Hand","Omamori","Anchor","White Beast Statue","Toy Ornithopter","Lantern","Shuriken","Orichalcum","Potion Belt","Bottled Tornado","Smiling Mask","Bottled Lightning","Mercury Hourglass"],"potions_floor_usage":[6,6,16,16,20,20,21,25,33,33,33,35,37,40,42,45,45,48,48,48,50,50,50],"damage_taken":[{"damage":0,"enemies":"2 Louse","floor":1,"turns":3},{"damage":0,"enemies":"Jaw Worm","floor":2,"turns":3},{"damage":1,"enemies":"Cultist","floor":3,"turns":3},{"damage":7,"enemies":"Exordium Thugs","floor":5,"turns":5},{"damage":39,"enemies":"Gremlin Nob","floor":6,"turns":5},{"damage":12,"enemies":"3 Sentries","floor":10,"turns":6},{"damage":5,"enemies":"2 Fungi Beasts","floor":13,"turns":3},{"damage":4,"enemies":"Red Slaver","floor":14,"turns":3},{"damage":15,"enemies":"The Guardian","floor":16,"turns":10},{"damage":25,"enemies":"3 Byrds","floor":18,"turns":7},{"damage":22,"enemies":"Chosen","floor":19,"turns":6},{"damage":32,"enemies":"Masked Bandits","floor":20,"turns":4},{"damage":5,"enemies":"Centurion and Healer","floor":21,"turns":9},{"damage":24,"enemies":"Gremlin Leader","floor":23,"turns":5},{"damage":5,"enemies":"Chosen and Byrds","floor":25,"turns":4},{"damage":0,"enemies":"Sentry and Sphere","floor":27,"turns":3},{"damage":0,"enemies":"Snake Plant","floor":28,"turns":3},{"damage":12,"enemies":"3 Cultists","floor":31,"turns":4},{"damage":46,"enemies":"Automaton","floor":33,"turns":10},{"damage":23,"enemies":"3 Darklings","floor":35,"turns":4},{"damage":0,"enemies":"3 Shapes","floor":37,"turns":4},{"damage":1,"enemies":"Giant Head","floor":40,"turns":6},{"damage":0,"enemies":"Sphere and 2 Shapes","floor":42,"turns":4},{"damage":38,"enemies":"Reptomancer","floor":45,"turns":6},{"damage":1,"enemies":"Giant Head","floor":48,"turns":6},{"damage":31,"enemies":"Donu and Deca","floor":50,"turns":6}],"seed_played":"25954644871270832","potions_obtained":[{"floor":3,"key":"Fruit Juice"},{"floor":5,"key":"Regen Potion"},{"floor":10,"key":"Weak Potion"},{"floor":13,"key":"Energy Potion"},{"floor":20,"key":"Regen Potion"},{"floor":21,"key":"SneckoOil"},{"floor":23,"key":"Fire Potion"},{"floor":25,"key":"FearPotion"},{"floor":27,"key":"Swift Potion"},{"floor":35,"key":"PowerPotion"},{"floor":37,"key":"SpeedPotion"},{"floor":45,"key":"SkillPotion"},{"floor":48,"key":"GamblersBrew"}],"is_trial":false,"path_per_floor":["M","M","M","$","M","E","?","R","T","E","?","R","M","M","R","B",null,"M","M","?","M","$","E","R","M","T","M","M","?","R","M","R","B",null,"M","$","M","?","$","E","R","M","T","R","E","$","?","E","R","B",null],"character_chosen":"THE_SILENT","items_purchased":["TwistedFunnel","Footwork","Regal Pillow","Toy Ornithopter","Lantern","AttackPotion","SkillPotion"],"campfire_rested":1,"item_purchase_floors":[22,22,22,36,39,46,46],"current_hp_per_floor":[70,70,69,69,62,37,37,37,37,25,25,47,42,38,38,35,75,50,40,20,42,42,30,30,37,37,49,49,49,49,49,49,15,75,52,52,57,57,57,61,61,66,66,66,38,38,38,52,52,48],"gold":52,"neow_bonus":"RANDOM_COMMON_RELIC","is_prod":false,"is_daily":false,"chose_seed":false,"campfire_upgraded":8,"win_rate":0,"timestamp":1571021499,"path_taken":["M","M","M","$","M","E","?","R","T","E","?","R","M","M","R","BOSS","M","M","?","M","$","E","R","M","T","M","M","?","R","M","R","BOSS","M","$","M","?","?","E","R","M","T","R","E","$","?","E","R","BOSS"],"build_version":"2019-07-17","purchased_purges":2,"victory":true,"max_hp_per_floor":[70,70,70,70,70,75,75,75,75,75,75,75,75,75,75,75,75,75,75,75,75,75,75,75,75,75,75,75,75,75,75,75,75,75,75,75,75,75,75,75,75,75,75,75,75,75,75,75,75,75],"card_choices":[{"not_picked":["Dagger Spray","Dodge and Roll"],"picked":"Deadly Poison","floor":1},{"not_picked":["Sucker Punch","Dagger Spray"],"picked":"Poisoned Stab","floor":2},{"not_picked":["Riddle With Holes","Underhanded Strike"],"picked":"Outmaneuver","floor":3},{"not_picked":["Quick Slash","Calculated Gamble"],"picked":"Dagger Throw","floor":5},{"not_picked":["Predator","Infinite Blades"],"picked":"Dodge and Roll","floor":6},{"not_picked":["A Thousand Cuts","Deflect"],"picked":"Blur","floor":10},{"not_picked":["Quick Slash","Heel Hook"],"picked":"Flying Knee","floor":13},{"not_picked":["Slice","Choke"],"picked":"Bouncing Flask","floor":14},{"not_picked":["Unload","Die Die Die"],"picked":"Venomology","floor":16},{"not_picked":["Calculated Gamble","Deadly Poison+1"],"picked":"Catalyst","floor":18},{"not_picked":["Bane","PiercingWail"],"picked":"Dagger Throw+1","floor":19},{"not_picked":["Prepared","Acrobatics"],"picked":"Deadly Poison+1","floor":20},{"not_picked":["Bouncing Flask","Dagger Spray+1"],"picked":"Outmaneuver+1","floor":21},{"not_picked":["Backstab","Riddle With Holes+1"],"picked":"Adrenaline","floor":23},{"not_picked":["Outmaneuver","Blade Dance"],"picked":"Backflip","floor":25},{"not_picked":["Skewer","Blade Dance","Venomology"],"picked":"SKIP","floor":27},{"not_picked":["Finisher","Outmaneuver+1"],"picked":"Crippling Poison+1","floor":28},{"not_picked":["Backstab","Deadly Poison"],"picked":"Predator","floor":31},{"not_picked":["Phantasmal Killer","Venomology"],"picked":"Envenom","floor":33},{"not_picked":["Backstab","Dagger Spray","Expertise+1"],"picked":"SKIP","floor":35},{"not_picked":["Dagger Throw+1","Well Laid Plans"],"picked":"Catalyst+1","floor":37},{"not_picked":["Blade Dance+1","Envenom"],"picked":"Crippling Poison+1","floor":40},{"not_picked":["Quick Slash+1","Bouncing Flask","Prepared+1"],"picked":"SKIP","floor":42},{"not_picked":["Flying Knee","Deadly Poison"],"picked":"Bane","floor":45},{"not_picked":["Dagger Spray","Finisher"],"picked":"Poisoned Stab","floor":48}],"player_experience":70691,"relics_obtained":[{"floor":6,"key":"Bag of Marbles"},{"floor":9,"key":"PreservedInsect"},{"floor":10,"key":"Meat on the Bone"},{"floor":20,"key":"Red Mask"},{"floor":23,"key":"Mummified Hand"},{"floor":23,"key":"Omamori"},{"floor":26,"key":"Anchor"},{"floor":40,"key":"Shuriken"},{"floor":40,"key":"Orichalcum"},{"floor":43,"key":"Potion Belt"},{"floor":45,"key":"Bottled Tornado"},{"floor":45,"key":"Smiling Mask"},{"floor":48,"key":"Bottled Lightning"},{"floor":48,"key":"Mercury Hourglass"}],"event_choices":[{"damage_healed":0,"gold_gain":175,"player_choice":"AGREE","damage_taken":0,"max_hp_gain":0,"max_hp_loss":0,"event_name":"Liars Game","floor":7,"gold_loss":0,"cards_obtained":["Doubt"]},{"cards_removed":["Doubt"],"damage_healed":0,"gold_gain":0,"player_choice":"Forget","damage_taken":0,"max_hp_gain":0,"max_hp_loss":0,"event_name":"Living Wall","floor":11,"gold_loss":0},{"damage_healed":0,"gold_gain":0,"player_choice":"Fought Bandits","damage_taken":0,"max_hp_gain":0,"max_hp_loss":0,"event_name":"Masked Bandits","floor":20,"gold_loss":0},{"damage_healed":0,"gold_gain":0,"player_choice":"Upgraded","damage_taken":0,"max_hp_gain":0,"max_hp_loss":0,"event_name":"Upgrade Shrine","floor":29,"gold_loss":0,"cards_upgraded":["Venomology"]},{"damage_healed":0,"gold_gain":100,"player_choice":"Pray","damage_taken":0,"max_hp_gain":0,"max_hp_loss":0,"event_name":"Golden Shrine","floor":38,"gold_loss":0},{"damage_healed":0,"gold_gain":0,"player_choice":"Upgraded","damage_taken":0,"max_hp_gain":0,"max_hp_loss":0,"event_name":"Upgrade Shrine","floor":47,"gold_loss":0,"cards_upgraded":["Footwork"]}],"is_beta":false,"boss_relics":[{"not_picked":["Eternal Feather","Coffee Dripper"],"picked":"Black Star"},{"not_picked":["Sozu","Fusion Hammer"],"picked":"White Beast Statue"}],"items_purged_floors":[4,46],"is_endless":false,"potions_floor_spawned":[3,5,10,13,20,21,23,25,27,35,37,40,42,45,48],"ascension_level":1}