{"gold_per_floor":[118,118,118,118,131,159,159,173,173,183,458,458,471,52,52,150,150,161,161,260,278,278,278,294,310,310,57,57],"floor_reached":28,"playtime":1759,"items_purged":["Regret"],"score":338,"play_id":"f0ebdcff-6263-401a-b671-9740cd8a7aea","local_time":"20180918210544","is_ascension_mode":true,"campfire_choices":[{"floor":7,"key":"REST"},{"floor":12,"key":"REST"},{"data":"Secret Weapon","floor":15,"key":"SMITH"},{"floor":23,"key":"REST"}],"neow_cost":"","seed_source_timestamp":1042375043575283,"circlet_count":0,"master_deck":["Strike_B+1","Strike_B+1","Strike_B+1","Defend_B+1","Defend_B+1","Defend_B+1","Defend_B+1","Zap","Dualcast","AscendersBane","Streamline+1","Chill","Enlightenment","Conserve Battery","White Noise","Steam","Melter","Cold Snap","Rebound","Bandage Up","Secret Weapon+1","Core Surge","Steam","Sweeping Beam","Go for the Eyes","Stack"],"special_seed":0,"relics":["Cracked Core","Turnip","Incense Burner","Philosopher\u0027s Stone","Ancient Tea Set","Pantograph"],"potions_floor_usage":[16,16],"damage_taken":[{"damage":12,"enemies":"Small Slimes","floor":1,"turns":4},{"damage":0,"enemies":"Cultist","floor":5,"turns":3},{"damage":53,"enemies":"Gremlin Nob","floor":6,"turns":6},{"damage":0,"enemies":"2 Louse","floor":8,"turns":3},{"damage":0,"enemies":"Looter","floor":10,"turns":2},{"damage":3,"enemies":"Gremlin Gang","floor":13,"turns":5},{"damage":43,"enemies":"The Guardian","floor":16,"turns":13},{"damage":24,"enemies":"Shell Parasite","floor":18,"turns":3},{"damage":9,"enemies":"Spheric Guardian","floor":21,"turns":3},{"damage":18,"enemies":"Snecko","floor":24,"turns":4},{"damage":28,"enemies":"Shelled Parasite and Fungi","floor":25,"turns":6},{"damage":21,"enemies":"Cultist and Chosen","floor":28,"turns":5}],"seed_played":"1565383923217110947","potions_obtained":[{"floor":8,"key":"GamblersBrew"},{"floor":10,"key":"Fire Potion"},{"floor":25,"key":"Explosive Potion"}],"is_trial":false,"path_per_floor":["M","?","?","?","M","E","R","M","T","M","?","R","M","$","R","B",null,"M","?","?","M","?","R","M","M","T","$"],"character_chosen":"DEFECT","items_purchased":["Rebound","Bandage Up","Secret Weapon","Pantograph"],"campfire_rested":3,"item_purchase_floors":[14,14,14,27],"current_hp_per_floor":[56,56,56,56,56,3,25,25,25,25,25,47,44,44,44,5,58,38,38,38,33,33,55,37,13,13,13,0],"gold":57,"neow_bonus":"","is_prod":false,"is_daily":false,"chose_seed":false,"campfire_upgraded":1,"win_rate":0,"timestamp":1537319144,"path_taken":["M","?","?","?","?","E","R","M","T","M","?","R","M","$","R","BOSS","M","?","?","?","?","R","M","M","T","$","M"],"build_version":"2018-09-06","purchased_purges":1,"victory":false,"max_hp_per_floor":[75,75,75,75,75,75,75,75,75,75,75,75,75,75,75,75,75,75,75,75,75,75,75,75,75,75,75,75],"card_choices":[{"not_picked":["Beam Cell","Rebound"],"picked":"Streamline","floor":1},{"not_picked":["Cold Snap","Go for the Eyes"],"picked":"Conserve Battery","floor":5},{"not_picked":["Redo","Barrage"],"picked":"White Noise","floor":6},{"not_picked":["Turbo","Redo"],"picked":"Steam","floor":8},{"not_picked":["Glacier","Ball Lightning"],"picked":"Melter","floor":10},{"not_picked":["Fission","Static Discharge"],"picked":"Cold Snap","floor":13},{"not_picked":["Rainbow","Buffer"],"picked":"Core Surge","floor":16},{"not_picked":["Aggregate+1","Fusion+1"],"picked":"Steam","floor":18},{"not_picked":["Darkness","Gash"],"picked":"Sweeping Beam","floor":21},{"not_picked":["Rebound","Streamline"],"picked":"Go for the Eyes","floor":24},{"not_picked":["Barrage","Gash"],"picked":"Stack","floor":25}],"player_experience":457247,"relics_obtained":[{"floor":6,"key":"Turnip"},{"floor":9,"key":"Incense Burner"},{"floor":26,"key":"Ancient Tea Set"}],"event_choices":[{"event_name":"Bonfire Elementals","player_choice":"BASIC","floor":2,"damage_taken":0},{"event_name":"Match and Keep!","player_choice":"2 cards matched","floor":3,"damage_taken":0},{"event_name":"Accursed Blacksmith","player_choice":"Forge","floor":4,"damage_taken":0},{"event_name":"Golden Shrine","player_choice":"Desecrate","floor":11,"damage_taken":0},{"event_name":"Back to Basics","player_choice":"Simplicity","floor":19,"damage_taken":0},{"event_name":"Nest","player_choice":"Stole From Cult","floor":20,"damage_taken":0},{"event_name":"Ghosts","player_choice":"Ignored","floor":22,"damage_taken":0}],"is_beta":false,"boss_relics":[{"not_picked":["Tiny House","Runic Dome"],"picked":"Philosopher\u0027s Stone"}],"items_purged_floors":[14],"is_endless":false,"potions_floor_spawned":[8,10,25],"killed_by":"Cultist and Chosen","ascension_level":11}