{"gold_per_floor":[118,118,145,162,182,215,215,249,249,269,269,26,176,176,176,254,254,273,198,214,230,75,103,103,103],"floor_reached":25,"playtime":1152,"items_purged":["Doubt"],"score":401,"play_id":"4915d570-2058-432f-ae9b-804fb21737cc","local_time":"20190819010317","is_ascension_mode":true,"campfire_choices":[{"data":"Anger","floor":7.0,"key":"SMITH"},{"data":"Spot Weakness","floor":11.0,"key":"SMITH"},{"floor":15.0,"key":"REST"}],"neow_cost":"NONE","seed_source_timestamp":192127169091096,"circlet_count":0,"master_deck":["AscendersBane","Strike_R","Strike_R","Strike_R","Strike_R","Defend_R","Defend_R","Defend_R","Defend_R","Bash+1","Anger+1","Spot Weakness+1","Headbutt+1","Feed","Reaper","Shrug It Off"],"special_seed":0,"relics":["Burning Blood","Regal Pillow","Ornamental Fan","Question Card","Mummified Hand","Kunai","Runic Pyramid","Red Skull","Gremlin Horn"],"potions_floor_usage":[25],"damage_taken":[{"damage":3.0,"enemies":"Jaw Worm","floor":1.0,"turns":5.0},{"damage":0.0,"enemies":"Small Slimes","floor":4.0,"turns":3.0},{"damage":0.0,"enemies":"Cultist","floor":5.0,"turns":3.0},{"damage":29.0,"enemies":"Gremlin Nob","floor":6.0,"turns":4.0},{"damage":36.0,"enemies":"Lagavulin","floor":8.0,"turns":6.0},{"damage":11.0,"enemies":"Blue Slaver","floor":10.0,"turns":4.0},{"damage":48.0,"enemies":"The Guardian","floor":16.0,"turns":8.0},{"damage":16.0,"enemies":"3 Byrds","floor":18.0,"turns":5.0},{"damage":19.0,"enemies":"Spheric Guardian","floor":20.0,"turns":4.0},{"damage":11.0,"enemies":"Cultist and Chosen","floor":21.0,"turns":6.0},{"damage":40.0,"enemies":"Gremlin Leader","floor":23.0,"turns":6.0},{"damage":54,"enemies":"Book of Stabbing","floor":25,"turns":4}],"seed_played":"-4822379251227925738","potions_obtained":[{"floor":4.0,"key":"Fire Potion"},{"floor":8.0,"key":"SkillPotion"},{"floor":21.0,"key":"SpeedPotion"}],"is_trial":false,"path_per_floor":["M","?","T","M","M","E","R","E","T","M","R","$","?","?","R","B",null,"M","$","M","M","$","E","?","E"],"character_chosen":"IRONCLAD","items_purchased":["Kunai","Red Skull"],"campfire_rested":1,"item_purchase_floors":[12,22],"current_hp_per_floor":[71,64,64,70,75,52,52,22,22,17,17,17,17,17,54,12,59,52,52,42,40,40,41,41,0],"gold":103,"neow_bonus":"UPGRADE_CARD","is_prod":false,"is_daily":false,"chose_seed":false,"campfire_upgraded":2,"win_rate":0,"timestamp":1566169397,"path_taken":["M","?","?","M","M","E","R","E","T","M","R","$","?","?","R","BOSS","M","$","M","M","$","E","?","E"],"build_version":"2019-07-17","purchased_purges":1,"victory":false,"max_hp_per_floor":[75,75,75,75,75,75,75,75,75,75,75,75,75,75,75,75,75,78,78,81,84,84,87,87,87],"card_choices":[{"not_picked":["Evolve","Reckless Charge"],"picked":"Anger","floor":1.0},{"not_picked":["Warcry","Shrug It Off"],"picked":"Spot Weakness","floor":4.0},{"not_picked":["Corruption","Perfected Strike"],"picked":"Headbutt","floor":5.0},{"not_picked":["Heavy Blade","Anger","Clash"],"picked":"SKIP","floor":6.0},{"not_picked":["Heavy Blade","Perfected Strike","Cleave"],"picked":"SKIP","floor":8.0},{"not_picked":["Havoc","Thunderclap","Searing Blow","Second Wind"],"picked":"SKIP","floor":10.0},{"not_picked":["Double Tap","Brutality","Dark Embrace"],"picked":"Feed","floor":16.0},{"not_picked":["Combust","Thunderclap","Intimidate","Clash"],"picked":"SKIP","floor":18.0},{"not_picked":["Twin Strike","Rampage","Anger","Heavy Blade"],"picked":"SKIP","floor":20.0},{"not_picked":["Twin Strike","Rampage","Anger","Heavy Blade"],"picked":"SKIP","floor":20.0},{"not_picked":["Warcry","Shrug It Off","Body Slam"],"picked":"Reaper","floor":21.0},{"not_picked":["Blood for Blood+1","Clothesline","Perfected Strike"],"picked":"Shrug It Off","floor":23.0}],"player_experience":745988,"relics_obtained":[{"floor":3.0,"key":"Regal Pillow"},{"floor":6.0,"key":"Ornamental Fan"},{"floor":8.0,"key":"Question Card"},{"floor":9.0,"key":"Mummified Hand"},{"floor":23.0,"key":"Gremlin Horn"}],"event_choices":[{"cards_removed":["Strike_R"],"damage_healed":0.0,"max_hp_gain":0.0,"max_hp_loss":0.0,"gold_gain":0.0,"event_name":"Golden Wing","player_choice":"Card Removal","floor":2.0,"gold_loss":0.0,"damage_taken":7.0},{"damage_healed":0.0,"max_hp_gain":0.0,"max_hp_loss":0.0,"gold_gain":150.0,"event_name":"Liars Game","player_choice":"AGREE","floor":13.0,"gold_loss":0.0,"damage_taken":0.0,"cards_obtained":["Doubt"]},{"damage_healed":0.0,"max_hp_gain":0.0,"max_hp_loss":0.0,"gold_gain":0.0,"event_name":"Upgrade Shrine","player_choice":"Upgraded","floor":14.0,"gold_loss":0.0,"damage_taken":0.0,"cards_upgraded":["Headbutt"]},{"damage_healed":0.0,"max_hp_gain":0.0,"max_hp_loss":0.0,"gold_gain":0.0,"event_name":"Vampires","player_choice":"Ignored","floor":24.0,"gold_loss":0.0,"damage_taken":0.0}],"is_beta":false,"boss_relics":[{"not_picked":["Ectoplasm","Orrery"],"picked":"Runic Pyramid"}],"items_purged_floors":[19],"is_endless":false,"potions_floor_spawned":[4,8,10,21],"killed_by":"Book of Stabbing","ascension_level":15}