{"gold_per_floor":[113,113,126,51,51,84,84,104,104,135,135,160,180,191,191,266,266,280,291,291,291,206,235,16,16,16,42,92,110,110,138,138,138],"floor_reached":33,"playtime":1456,"items_purged":["Strike_G"],"score":606,"play_id":"8e40ce48-1031-4107-b01b-9153877eeae7","local_time":"20190528234512","is_ascension_mode":true,"campfire_choices":[{"data":"Leg Sweep","floor":7.0,"key":"SMITH"},{"floor":11.0,"key":"REST"},{"floor":15.0,"key":"REST"},{"data":"Eviscerate","floor":25.0,"key":"SMITH"},{"floor":30.0,"key":"REST"},{"floor":32.0,"key":"REST"}],"neow_cost":"NONE","seed_source_timestamp":7557198549280,"circlet_count":0,"master_deck":["AscendersBane","Defend_G+1","Defend_G+1","Defend_G+1","Defend_G+1","Defend_G+1","Strike_G+1","Strike_G+1","Strike_G+1","Strike_G+1","Survivor","Neutralize","Deadly Poison+1","Dagger Spray","Leg Sweep+1","Choke","Caltrops","Bouncing Flask","PiercingWail","Corpse Explosion","Eviscerate","Terror","Eviscerate+1","Leg Sweep","Dagger Throw+1"],"special_seed":0,"relics":["Ring of the Snake","NeowsBlessing","GremlinMask","Sundial","The Courier","Shuriken","Blood Vial","Snecko Eye","Frozen Egg 2","Tingsha","DollysMirror","Bottled Flame","Mercury Hourglass","Dream Catcher","Pantograph"],"potions_floor_usage":[],"damage_taken":[{"damage":0.0,"enemies":"Small Slimes","floor":1.0,"turns":1.0},{"damage":0.0,"enemies":"2 Louse","floor":3.0,"turns":1.0},{"damage":0.0,"enemies":"Gremlin Nob","floor":6.0,"turns":1.0},{"damage":1.0,"enemies":"Cultist","floor":8.0,"turns":4.0},{"damage":44.0,"enemies":"3 Sentries","floor":10.0,"turns":11.0},{"damage":35.0,"enemies":"Gremlin Nob","floor":12.0,"turns":6.0},{"damage":2.0,"enemies":"3 Louse","floor":13.0,"turns":4.0},{"damage":5.0,"enemies":"2 Fungi Beasts","floor":14.0,"turns":4.0},{"damage":26.0,"enemies":"The Guardian","floor":16.0,"turns":10.0},{"damage":4.0,"enemies":"3 Byrds","floor":18.0,"turns":1.0},{"damage":0.0,"enemies":"Chosen","floor":19.0,"turns":4.0},{"damage":8.0,"enemies":"Slavers","floor":23.0,"turns":2.0},{"damage":37.0,"enemies":"Book of Stabbing","floor":27.0,"turns":5.0},{"damage":0.0,"enemies":"Snake Plant","floor":29.0,"turns":3.0},{"damage":13.0,"enemies":"Gremlin Leader","floor":31.0,"turns":5.0},{"damage":71,"enemies":"Champ","floor":33,"turns":15}],"seed_played":"2422075158197154500","potions_obtained":[{"floor":6.0,"key":"Regen Potion"},{"floor":10.0,"key":"LiquidBronze"},{"floor":12.0,"key":"Strength Potion"},{"floor":29.0,"key":"LiquidBronze"},{"floor":31.0,"key":"SpeedPotion"}],"is_trial":false,"path_per_floor":["M","?","M","$","?","E","R","M","T","E","R","E","M","M","R","B",null,"M","M","?","?","?","E","$","R","T","E","T","M","R","E","R","B"],"character_chosen":"THE_SILENT","items_purchased":["DollysMirror","Leg Sweep"],"campfire_rested":4,"item_purchase_floors":[24,24],"current_hp_per_floor":[59,59,59,59,59,59,59,58,58,29,48,13,13,10,29,5,51,49,51,51,51,51,45,45,45,45,10,10,12,31,20,39,0],"gold":138,"neow_bonus":"THREE_ENEMY_KILL","is_prod":false,"is_daily":false,"chose_seed":false,"campfire_upgraded":2,"win_rate":0,"timestamp":1559079912,"path_taken":["M","?","M","$","?","E","R","M","T","E","R","E","M","M","R","BOSS","M","?","?","?","?","E","$","R","T","E","?","M","R","E","R","BOSS"],"build_version":"2019-01-23","purchased_purges":1,"victory":false,"max_hp_per_floor":[66,66,66,66,66,66,66,66,66,66,66,66,66,66,66,66,66,66,66,66,66,66,66,66,66,66,66,66,66,66,66,66,66],"card_choices":[{"not_picked":["Poisoned Stab","Underhanded Strike"],"picked":"Deadly Poison","floor":1.0},{"not_picked":["Outmaneuver","Flechettes"],"picked":"Dagger Spray","floor":3.0},{"not_picked":["Prepared","Deadly Poison"],"picked":"Leg Sweep","floor":6.0},{"not_picked":["Dagger Throw","Sucker Punch","Distraction"],"picked":"SKIP","floor":8.0},{"not_picked":["Tools of the Trade","Blade Dance"],"picked":"Choke","floor":10.0},{"not_picked":["Skewer","Eviscerate"],"picked":"Caltrops","floor":12.0},{"not_picked":["Eviscerate","Blade Dance"],"picked":"Bouncing Flask","floor":13.0},{"not_picked":["Prepared","Blade Dance"],"picked":"PiercingWail","floor":14.0},{"not_picked":["Burst","Tools of the Trade"],"picked":"Corpse Explosion","floor":16.0},{"not_picked":["Caltrops","Infinite Blades","Backstab"],"picked":"SKIP","floor":18.0},{"not_picked":["Outmaneuver","Accuracy","Tactician"],"picked":"SKIP","floor":19.0},{"not_picked":["Flying Knee","Sucker Punch"],"picked":"Terror","floor":23.0},{"not_picked":["Tactician","All Out Attack","Masterful Stab"],"picked":"SKIP","floor":27.0},{"not_picked":["Underhanded Strike","All Out Attack","Deflect"],"picked":"SKIP","floor":29.0},{"not_picked":["Deadly Poison+1","Blade Dance"],"picked":"Dagger Throw+1","floor":31.0}],"player_experience":378099,"relics_obtained":[{"floor":6.0,"key":"Sundial"},{"floor":9.0,"key":"The Courier"},{"floor":10.0,"key":"Shuriken"},{"floor":12.0,"key":"Blood Vial"},{"floor":23.0,"key":"Tingsha"},{"floor":26.0,"key":"Bottled Flame"},{"floor":27.0,"key":"Mercury Hourglass"},{"floor":28.0,"key":"Dream Catcher"},{"floor":31.0,"key":"Pantograph"}],"event_choices":[{"damage_healed":0.0,"max_hp_gain":0.0,"max_hp_loss":0.0,"gold_gain":0.0,"event_name":"Living Wall","player_choice":"Grow","floor":2.0,"gold_loss":0.0,"damage_taken":0.0,"cards_upgraded":["Deadly Poison"]},{"damage_healed":0.0,"max_hp_gain":0.0,"max_hp_loss":0.0,"gold_gain":0.0,"event_name":"FaceTrader","player_choice":"Trade","floor":5.0,"gold_loss":0.0,"damage_taken":0.0,"relics_obtained":["GremlinMask"]},{"damage_healed":0.0,"max_hp_gain":0.0,"max_hp_loss":0.0,"gold_gain":0.0,"event_name":"The Library","player_choice":"Read","floor":20.0,"gold_loss":0.0,"damage_taken":0.0,"cards_obtained":["Eviscerate"]},{"damage_healed":0.0,"max_hp_gain":0.0,"max_hp_loss":0.0,"gold_gain":0.0,"event_name":"Back to Basics","player_choice":"Simplicity","floor":21.0,"gold_loss":0.0,"damage_taken":0.0,"cards_upgraded":["Defend_G","Defend_G","Defend_G","Defend_G","Defend_G","Strike_G","Strike_G","Strike_G","Strike_G"]},{"damage_healed":0.0,"max_hp_gain":0.0,"max_hp_loss":0.0,"gold_gain":0.0,"event_name":"Addict","player_choice":"Obtained Relic","floor":22.0,"gold_loss":85.0,"damage_taken":0.0,"relics_obtained":["Frozen Egg 2"]}],"is_beta":false,"boss_relics":[{"not_picked":["Runic Pyramid","Runic Dome"],"picked":"Snecko Eye"}],"items_purged_floors":[4],"is_endless":false,"potions_floor_spawned":[6,10,12,18,29,31],"killed_by":"Champ","ascension_level":15}