{"gold_per_floor":[118,41,41,55,55,55,93,114,114,114,134,173,196,121,121,217,217,193,193,218,34,57,57,90,110,110,110,110,130,148,148,148,148],"floor_reached":33,"playtime":1917,"items_purged":["Strike_R","Strike_R"],"score":540,"play_id":"db92a5b8-c688-4e0b-ad6f-404911c2c1f1","local_time":"20190707161152","is_ascension_mode":true,"campfire_choices":[{"data":"Bash","floor":6.0,"key":"SMITH"},{"floor":10.0,"key":"REST"},{"floor":15.0,"key":"REST"},{"floor":23,"key":"REST"},{"data":"Immolate","floor":27,"key":"SMITH"},{"floor":32,"key":"REST"}],"neow_cost":"NONE","seed_source_timestamp":610687553438299,"circlet_count":0,"master_deck":["AscendersBane","Strike_R+1","Strike_R+1","Defend_R","Defend_R","Defend_R","Defend_R","Bash+1","Thunderclap","Battle Trance","Flex","Metallicize","Uppercut+1","Metallicize","Spot Weakness","Shrug It Off","Feed","Shrug It Off+1","Rage","Intimidate","Power Through","Immolate+1","Decay","Inflame","Clumsy"],"special_seed":0,"relics":["Burning Blood","Golden Idol","Turnip","Bird Faced Urn","Whetstone","Cursed Key","Centennial Puzzle","Nunchaku","Smiling Mask"],"potions_floor_usage":[16,16,24,29],"damage_taken":[{"damage":16.0,"enemies":"Jaw Worm","floor":1.0,"turns":5.0},{"damage":4.0,"enemies":"Small Slimes","floor":4.0,"turns":5.0},{"damage":45.0,"enemies":"3 Sentries","floor":7.0,"turns":10.0},{"damage":3.0,"enemies":"Cultist","floor":8.0,"turns":3.0},{"damage":12.0,"enemies":"Blue Slaver","floor":11.0,"turns":4.0},{"damage":32.0,"enemies":"Lagavulin","floor":12.0,"turns":8.0},{"damage":13.0,"enemies":"Red Slaver","floor":13.0,"turns":5.0},{"damage":7,"enemies":"The Guardian","floor":16,"turns":12},{"damage":22,"enemies":"2 Thieves","floor":18,"turns":4},{"damage":32,"enemies":"3 Byrds","floor":20,"turns":7},{"damage":17,"enemies":"Snecko","floor":22,"turns":6},{"damage":13,"enemies":"Slavers","floor":24,"turns":7},{"damage":0,"enemies":"Centurion and Healer","floor":25,"turns":7},{"damage":23,"enemies":"Snake Plant","floor":29,"turns":7},{"damage":41,"enemies":"Snecko","floor":30,"turns":7},{"damage":116,"enemies":"Automaton","floor":33,"turns":12}],"seed_played":"-8037074517835340536","potions_obtained":[{"floor":4.0,"key":"Regen Potion"},{"floor":7.0,"key":"Energy Potion"},{"floor":13.0,"key":"Poison Potion"},{"floor":20,"key":"Energy Potion"},{"floor":24,"key":"Swift Potion"}],"is_trial":false,"path_per_floor":["M","$","?","M","?","R","E","M","T","R","M","E","M","$","R","B",null,"M","?","M","$","M","R","E","M","T","R","$","M","M","T","R","B"],"character_chosen":"IRONCLAD","items_purchased":["Battle Trance","Rage"],"campfire_rested":4,"item_purchase_floors":[2,21],"current_hp_per_floor":[65,65,65,67,60,60,21,24,24,46,42,35,32,32,54,57,70,58,58,39,39,35,59,59,72,72,72,72,62,34,34,61,0],"gold":148,"neow_bonus":"TEN_PERCENT_HP_BONUS","is_prod":false,"is_daily":false,"chose_seed":false,"campfire_upgraded":2,"win_rate":0,"timestamp":1562530312,"path_taken":["M","$","?","M","?","R","E","M","T","R","M","E","M","$","R","BOSS","M","?","M","$","M","R","E","M","T","R","?","M","M","?","R","BOSS"],"build_version":"2019-07-05","purchased_purges":2,"victory":false,"max_hp_per_floor":[82,82,74,74,74,74,74,74,74,74,74,74,74,74,74,74,74,74,74,77,77,80,80,83,86,86,86,86,89,92,92,92,92],"card_choices":[{"not_picked":["Clothesline","Perfected Strike"],"picked":"Thunderclap","floor":1.0},{"not_picked":["Perfected Strike","Thunderclap"],"picked":"Flex","floor":4.0},{"not_picked":["Shockwave","Rampage"],"picked":"Metallicize","floor":7.0},{"not_picked":["Heavy Blade","Feel No Pain"],"picked":"Uppercut","floor":8.0},{"not_picked":["Entrench","Heavy Blade"],"picked":"Metallicize","floor":11.0},{"not_picked":["Metallicize","Hemokinesis"],"picked":"Spot Weakness","floor":12.0},{"not_picked":["True Grit","Reckless Charge"],"picked":"Shrug It Off","floor":13.0},{"not_picked":["Barricade","Limit Break"],"picked":"Feed","floor":16},{"not_picked":["Dual Wield","Thunderclap","Perfected Strike"],"picked":"SKIP","floor":18},{"not_picked":["Perfected Strike","Anger"],"picked":"Shrug It Off+1","floor":20},{"not_picked":["Bloodletting","Iron Wave"],"picked":"Intimidate","floor":22},{"not_picked":["Iron Wave","Whirlwind"],"picked":"Power Through","floor":24},{"not_picked":["Intimidate","Flex"],"picked":"Immolate","floor":25},{"not_picked":["Anger","Pummel"],"picked":"Inflame","floor":29},{"not_picked":["Wild Strike","Sentinel","Armaments"],"picked":"SKIP","floor":30}],"player_experience":1120297,"relics_obtained":[{"floor":7.0,"key":"Turnip"},{"floor":9.0,"key":"Bird Faced Urn"},{"floor":12.0,"key":"Whetstone"},{"floor":24,"key":"Centennial Puzzle"},{"floor":26,"key":"Nunchaku"},{"floor":31,"key":"Smiling Mask"}],"event_choices":[{"damage_healed":0.0,"max_hp_gain":0.0,"max_hp_loss":8.0,"gold_gain":0.0,"event_name":"Golden Idol","player_choice":"Lose Max HP","floor":3.0,"gold_loss":0.0,"damage_taken":0.0,"relics_obtained":["Golden Idol"]},{"cards_removed":["Strike_R"],"damage_healed":0.0,"max_hp_gain":0.0,"max_hp_loss":0.0,"gold_gain":0.0,"event_name":"Golden Wing","player_choice":"Card Removal","floor":5.0,"gold_loss":0.0,"damage_taken":7.0},{"damage_healed":0,"gold_gain":0,"player_choice":"Upgraded","damage_taken":0,"max_hp_gain":0,"max_hp_loss":0,"event_name":"Upgrade Shrine","floor":19,"gold_loss":0,"cards_upgraded":["Uppercut"]}],"is_beta":false,"boss_relics":[{"not_picked":["Orrery","Black Blood"],"picked":"Cursed Key"}],"items_purged_floors":[14,21],"is_endless":false,"potions_floor_spawned":[4,7,11,13,20,24],"killed_by":"Automaton","ascension_level":19}