{"gold_per_floor":[213,138,66,81,94,125,125,150,174,224,224,238,253,30,30,103,153,169,369,379,393,411,441,441,441,441,441,464,496,496,120,120,193,193,211,11,11,29,29,58,58,90,90,121,138,164,164,182,182,182],"floor_reached":51,"playtime":4290,"items_purged":["Writhe"],"score":1513,"play_id":"8591d3c5-9101-49b7-9dbb-2a2d6d0d3d3c","local_time":"20191007150624","is_ascension_mode":true,"campfire_choices":[{"floor":7.0,"key":"REST"},{"data":"Zap","floor":11.0,"key":"SMITH"},{"floor":15.0,"key":"REST"},{"data":"Defragment","floor":24.0,"key":"SMITH"},{"floor":27.0,"key":"REST"},{"data":"Loop","floor":30.0,"key":"SMITH"},{"floor":32.0,"key":"REST"},{"data":"Static Discharge","floor":41.0,"key":"SMITH"},{"data":"Echo Form","floor":47,"key":"SMITH"},{"floor":49,"key":"REST"}],"neow_cost":"NONE","seed_source_timestamp":1206751148773100,"circlet_count":0,"master_deck":["AscendersBane","Strike_B","Strike_B","Strike_B","Defend_B","Defend_B","Defend_B","Defend_B","Dualcast","Ball Lightning","Coolheaded","Hologram","Conserve Battery","Coolheaded","Ball Lightning+1","Loop+1","Electrodynamics","Defragment+1","Electrodynamics","Compile Driver","Coolheaded","Coolheaded","Conserve Battery","Defragment+1","Coolheaded","Echo Form+1","Go for the Eyes+1","Coolheaded","Static Discharge+1","Chill","Consume+1"],"special_seed":0,"relics":["Cracked Core","Happy Flower","DataDisk","Ancient Tea Set","Medical Kit","Tiny House","Incense Burner","WingedGreaves","Mummified Hand","Bag of Preparation","Molten Egg 2","Orrery","InkBottle","Sozu","Runic Capacitor","Bag of Marbles","Sundial","Orichalcum","White Beast Statue","Frozen Egg 2"],"potions_floor_usage":[50,50],"damage_taken":[{"damage":0.0,"enemies":"Small Slimes","floor":1.0,"turns":3.0},{"damage":0.0,"enemies":"Cultist","floor":4.0,"turns":3.0},{"damage":7.0,"enemies":"2 Louse","floor":5.0,"turns":2.0},{"damage":46.0,"enemies":"Gremlin Nob","floor":6.0,"turns":5.0},{"damage":8.0,"enemies":"Lagavulin","floor":8.0,"turns":7.0},{"damage":9.0,"enemies":"Lots of Slimes","floor":12.0,"turns":3.0},{"damage":14.0,"enemies":"3 Louse","floor":13.0,"turns":3.0},{"damage":1.0,"enemies":"The Guardian","floor":16.0,"turns":9.0},{"damage":9.0,"enemies":"3 Byrds","floor":18.0,"turns":3.0},{"damage":1.0,"enemies":"Spheric Guardian","floor":20.0,"turns":4.0},{"damage":18.0,"enemies":"Centurion and Healer","floor":21.0,"turns":5.0},{"damage":0.0,"enemies":"3 Cultists","floor":22.0,"turns":3.0},{"damage":18.0,"enemies":"Gremlin Leader","floor":23.0,"turns":7.0},{"damage":12.0,"enemies":"Slavers","floor":29.0,"turns":2.0},{"damage":43.0,"enemies":"Champ","floor":33.0,"turns":10.0},{"damage":0.0,"enemies":"3 Shapes","floor":35.0,"turns":3.0},{"damage":6.0,"enemies":"3 Darklings","floor":38.0,"turns":3.0},{"damage":0.0,"enemies":"Giant Head","floor":40.0,"turns":9.0},{"damage":0.0,"enemies":"Nemesis","floor":42.0,"turns":7.0},{"damage":0,"enemies":"Giant Head","floor":44,"turns":10},{"damage":1,"enemies":"Jaw Worm Horde","floor":45,"turns":4},{"damage":6,"enemies":"Nemesis","floor":46,"turns":9},{"damage":14,"enemies":"Maw","floor":48,"turns":5},{"damage":3,"enemies":"Time Eater","floor":50,"turns":11}],"seed_played":"4557247473578022568","potions_obtained":[{"floor":1.0,"key":"Swift Potion"},{"floor":6.0,"key":"Dexterity Potion"},{"floor":8.0,"key":"Block Potion"},{"floor":17.0,"key":"SmokeBomb"},{"floor":20.0,"key":"LiquidBronze"},{"floor":29.0,"key":"Strength Potion"},{"floor":33.0,"key":"FocusPotion"}],"is_trial":false,"path_per_floor":["M","?","$","M","M","E","R","E","T","?","R","M","M","$","R","B",null,"M","?","M","M","M","E","R","?","T","R","T","E","R","$","R","B",null,"M","$","?","M","?","E","R","E","T","E","M","E","R","M","R","B",null],"character_chosen":"DEFECT","items_purchased":["Ball Lightning","Coolheaded","Defragment","Medical Kit","Orrery","InkBottle","Runic Capacitor","Coolheaded"],"campfire_rested":5,"item_purchase_floors":[3,3,14,14,31,31,36,36],"current_hp_per_floor":[64,64,64,64,57,11,32,24,24,24,24,15,1,1,22,21,64,55,55,54,36,36,18,18,18,18,40,40,28,28,28,50,7,59,59,59,59,53,53,53,53,53,53,53,52,46,46,32,54,51],"gold":182,"neow_bonus":"HUNDRED_GOLD","is_prod":false,"is_daily":false,"chose_seed":false,"campfire_upgraded":5,"win_rate":0,"timestamp":1570453584,"path_taken":["M","?","$","M","M","E","R","E","T","?","R","M","?","?","R","BOSS","M","?","M","?","M","E","R","?","T","R","?","E","R","$","R","BOSS","M","?","?","M","?","E","R","E","T","E","?","E","R","M","R","BOSS"],"build_version":"2019-10-04","purchased_purges":1,"victory":true,"max_hp_per_floor":[71,71,71,71,71,71,71,71,71,71,71,71,71,71,71,71,76,76,76,76,76,76,76,76,76,76,76,76,76,76,76,76,76,76,76,76,76,76,76,76,76,76,76,76,76,76,76,76,76,76],"card_choices":[{"not_picked":["Chaos","Hologram","Stack"],"picked":"SKIP","floor":1.0},{"not_picked":["Streamline","Force Field"],"picked":"Hologram","floor":4.0},{"not_picked":["Steam","Redo"],"picked":"Conserve Battery","floor":5.0},{"not_picked":["Redo","Stack"],"picked":"Coolheaded","floor":6.0},{"not_picked":["Cold Snap","Conserve Battery"],"picked":"Ball Lightning","floor":8.0},{"not_picked":["Self Repair","Lockon"],"picked":"Loop","floor":12.0},{"not_picked":["Chaos","Conserve Battery"],"picked":"Electrodynamics","floor":13.0},{"not_picked":["Machine Learning","All For One"],"picked":"Electrodynamics","floor":16.0},{"not_picked":["Steam Power","Rebound"],"picked":"Compile Driver","floor":17.0},{"not_picked":["Darkness","Barrage+1","Sweeping Beam"],"picked":"SKIP","floor":18.0},{"not_picked":["Cold Snap","Rebound","Self Repair"],"picked":"SKIP","floor":20.0},{"not_picked":["Doom and Gloom+1","White Noise"],"picked":"Coolheaded","floor":21.0},{"not_picked":["Ball Lightning","Gash"],"picked":"Coolheaded","floor":22.0},{"not_picked":["Turbo","Double Energy"],"picked":"Conserve Battery","floor":23.0},{"not_picked":["Auto Shields","Compile Driver","Scrape+1"],"picked":"SKIP","floor":29.0},{"not_picked":["Buffer","Compile Driver+1"],"picked":"Defragment","floor":31.0},{"not_picked":["Redo","Turbo"],"picked":"Coolheaded","floor":31.0},{"not_picked":["All For One+1","Buffer"],"picked":"Echo Form","floor":33.0},{"not_picked":["Cold Snap+1","Tempest"],"picked":"Go for the Eyes+1","floor":35.0},{"not_picked":["Compile Driver+1","Ball Lightning+1","Cold Snap+1"],"picked":"SKIP","floor":38.0},{"not_picked":["Melter+1","Electrodynamics"],"picked":"Static Discharge","floor":40.0},{"not_picked":["Steam","Beam Cell+1","Fusion"],"picked":"SKIP","floor":42.0},{"not_picked":["Rip and Tear+1","Rebound+1"],"picked":"Chill","floor":44},{"not_picked":["Stack+1","Redo","Compile Driver+1"],"picked":"SKIP","floor":45},{"not_picked":["Compile Driver+1","Beam Cell+1"],"picked":"Consume+1","floor":46},{"not_picked":["Fusion+1","Gash+1","Reprogram"],"picked":"SKIP","floor":48}],"player_experience":952884,"relics_obtained":[{"floor":6.0,"key":"Happy Flower"},{"floor":8.0,"key":"DataDisk"},{"floor":9.0,"key":"Ancient Tea Set"},{"floor":23.0,"key":"Incense Burner"},{"floor":26.0,"key":"Mummified Hand"},{"floor":28.0,"key":"Bag of Preparation"},{"floor":29.0,"key":"Molten Egg 2"},{"floor":40.0,"key":"Bag of Marbles"},{"floor":42.0,"key":"Sundial"},{"floor":43.0,"key":"Orichalcum"},{"floor":44,"key":"White Beast Statue"},{"floor":46,"key":"Frozen Egg 2"}],"event_choices":[{"cards_removed":["Strike_B"],"damage_healed":0.0,"max_hp_gain":0.0,"max_hp_loss":0.0,"gold_gain":0.0,"event_name":"The Cleric","player_choice":"Card Removal","floor":2.0,"gold_loss":75.0,"damage_taken":0.0},{"damage_healed":0.0,"max_hp_gain":0.0,"max_hp_loss":0.0,"gold_gain":50.0,"event_name":"Golden Shrine","player_choice":"Pray","floor":10.0,"gold_loss":0.0,"damage_taken":0.0},{"damage_healed":0.0,"max_hp_gain":0.0,"max_hp_loss":0.0,"gold_gain":250.0,"event_name":"The Joust","player_choice":"Bet on Owner","floor":19.0,"gold_loss":50.0,"damage_taken":0.0},{"damage_healed":0.0,"max_hp_gain":0.0,"max_hp_loss":0.0,"gold_gain":0.0,"event_name":"The Mausoleum","player_choice":"Opened","floor":25.0,"gold_loss":0.0,"damage_taken":0.0,"relics_obtained":["WingedGreaves"],"cards_obtained":["Writhe"]},{"cards_removed":["Zap"],"damage_healed":0.0,"max_hp_gain":0.0,"max_hp_loss":0.0,"gold_gain":0.0,"event_name":"Falling","player_choice":"Removed Skill","floor":37.0,"gold_loss":0.0,"damage_taken":0.0},{"damage_healed":0.0,"max_hp_gain":0.0,"max_hp_loss":0.0,"gold_gain":0.0,"event_name":"Accursed Blacksmith","player_choice":"Forge","floor":39.0,"gold_loss":0.0,"damage_taken":0.0,"cards_upgraded":["Defragment"]}],"is_beta":true,"boss_relics":[{"not_picked":["SacredBark","Empty Cage"],"picked":"Tiny House"},{"not_picked":["Cursed Key","Philosopher\u0027s Stone"],"picked":"Sozu"}],"items_purged_floors":[31],"is_endless":false,"potions_floor_spawned":[1,6,8,20,29,33,35,38,42,44,45,46,48],"ascension_level":15}