{"gold_per_floor":[116,116,116,0,0,29,29,29,52,67,67,67,67,100,100,195,195,209,227,227,237,132,132,132],"floor_reached":24,"playtime":975,"items_purged":["Strike_B","Strike_B"],"score":380,"play_id":"d7d73bd6-a990-463b-95f0-8935fb6c9aba","local_time":"20190705230940","is_ascension_mode":true,"campfire_choices":[{"floor":7.0,"key":"REST"},{"data":"Melter","floor":12.0,"key":"SMITH"},{"floor":15.0,"key":"REST"},{"data":"Streamline","floor":23,"key":"SMITH"}],"neow_cost":"NONE","seed_source_timestamp":463904922495843,"circlet_count":0,"master_deck":["AscendersBane","Strike_B","Strike_B","Defend_B","Defend_B","Defend_B","Zap+1","Dualcast","Melter+1","Auto Shields","Reinforced Body","Reinforced Body","Coolheaded","Thunder Strike","Cold Snap","Streamline+1","Beam Cell"],"special_seed":0,"relics":["Cracked Core","Lantern","PreservedInsect","Bag of Marbles","Smiling Mask","Sozu","Nloth\u0027s Gift"],"potions_floor_usage":[],"damage_taken":[{"damage":4.0,"enemies":"Jaw Worm","floor":1.0,"turns":3.0},{"damage":30.0,"enemies":"3 Sentries","floor":6.0,"turns":9.0},{"damage":0.0,"enemies":"2 Louse","floor":10.0,"turns":3.0},{"damage":12.0,"enemies":"Lagavulin","floor":14.0,"turns":5.0},{"damage":12.0,"enemies":"The Guardian","floor":16.0,"turns":15.0},{"damage":1.0,"enemies":"Chosen","floor":18.0,"turns":6.0},{"damage":3.0,"enemies":"3 Byrds","floor":19.0,"turns":8.0},{"damage":17.0,"enemies":"Snecko","floor":21.0,"turns":7.0},{"damage":41,"enemies":"Book of Stabbing","floor":24,"turns":5}],"seed_played":"3145953023281383170","potions_obtained":[{"floor":10.0,"key":"SkillPotion"}],"is_trial":false,"path_per_floor":["M","?","?","$","?","E","R","$","T","M","?","R","?","E","R","B",null,"M","M","?","M","$","R","E"],"character_chosen":"DEFECT","items_purchased":["Auto Shields","Beam Cell"],"campfire_rested":2,"item_purchase_floors":[4,22],"current_hp_per_floor":[60,65,65,65,60,30,52,52,52,52,45,45,45,33,53,41,62,61,58,58,41,41,41,0],"gold":132,"neow_bonus":"UPGRADE_CARD","is_prod":false,"is_daily":false,"chose_seed":false,"campfire_upgraded":2,"win_rate":0,"timestamp":1562382580,"path_taken":["M","?","?","$","?","E","R","?","T","?","?","R","?","E","R","BOSS","M","M","?","?","$","R","E"],"build_version":"2019-07-05","purchased_purges":2,"victory":false,"max_hp_per_floor":[71,76,76,76,76,76,76,76,76,76,76,76,69,69,69,69,69,69,69,69,69,69,69,69],"card_choices":[{"not_picked":["Leap","Sweeping Beam"],"picked":"Melter","floor":1.0},{"not_picked":["Compile Driver","Gash"],"picked":"Reinforced Body","floor":6.0},{"not_picked":["Gash","Coolheaded"],"picked":"Reinforced Body","floor":10.0},{"not_picked":["Beam Cell","Compile Driver"],"picked":"Coolheaded","floor":14.0},{"not_picked":["Seek","Buffer"],"picked":"Thunder Strike","floor":16.0},{"not_picked":["Double Energy","Hello World"],"picked":"Cold Snap","floor":18.0},{"not_picked":["Beam Cell","Gash"],"picked":"Streamline","floor":19.0},{"not_picked":["Turbo","Leap","Fission"],"picked":"SKIP","floor":21}],"player_experience":1115665,"relics_obtained":[{"floor":6.0,"key":"PreservedInsect"},{"floor":9.0,"key":"Bag of Marbles"},{"floor":14.0,"key":"Smiling Mask"}],"event_choices":[{"damage_healed":0.0,"max_hp_gain":5.0,"max_hp_loss":0.0,"gold_gain":0.0,"event_name":"Big Fish","player_choice":"Donut","floor":2.0,"gold_loss":0.0,"damage_taken":0.0},{"damage_healed":0.0,"max_hp_gain":0.0,"max_hp_loss":0.0,"gold_gain":0.0,"event_name":"Shining Light","player_choice":"Ignored","floor":3.0,"gold_loss":0.0,"damage_taken":0.0},{"damage_healed":0.0,"max_hp_gain":0.0,"max_hp_loss":0.0,"gold_gain":0.0,"event_name":"Scrap Ooze","player_choice":"Success","floor":5.0,"gold_loss":0.0,"damage_taken":5.0,"relics_obtained":["Lantern"]},{"cards_removed":["Defend_B"],"damage_healed":0.0,"max_hp_gain":0.0,"max_hp_loss":0.0,"gold_gain":0.0,"event_name":"Golden Wing","player_choice":"Card Removal","floor":11.0,"gold_loss":0.0,"damage_taken":7.0},{"damage_healed":0.0,"max_hp_gain":0.0,"max_hp_loss":7.0,"gold_gain":0.0,"event_name":"Golden Idol","player_choice":"Lose Max HP","floor":13.0,"gold_loss":0.0,"damage_taken":0.0,"relics_obtained":["Golden Idol"]},{"damage_healed":0.0,"max_hp_gain":0.0,"max_hp_loss":0.0,"gold_gain":0.0,"event_name":"N\u0027loth","player_choice":"Traded Relic","floor":20.0,"relics_lost":["Golden Idol"],"gold_loss":0.0,"damage_taken":0.0,"relics_obtained":["Nloth\u0027s Gift"]}],"is_beta":false,"boss_relics":[{"not_picked":["Empty Cage","Black Star"],"picked":"Sozu"}],"items_purged_floors":[4,22],"is_endless":false,"potions_floor_spawned":[10,18,21],"killed_by":"Book of Stabbing","ascension_level":18}