{"gold_per_floor":[17,33,47,64,64,64,64,96,96,96,111,36,54,107,107,207,207,226,226,126,126,126,153,153,200,226,101,101,119,139,167,167,267,267,282,302,9,9,22,22,122,122,122,133,133,151,161,186,186,186],"floor_reached":51,"playtime":2133,"items_purged":["Strike_R","Strike_R","Strike_R"],"score":835,"play_id":"878d9f09-7693-4827-a432-42da9468602a","local_time":"20190731212327","is_ascension_mode":false,"campfire_choices":[{"data":"Bash","floor":6.0,"key":"SMITH"},{"floor":10.0,"key":"REST"},{"data":"Shrug It Off","floor":15.0,"key":"SMITH"},{"data":"Rampage","floor":24.0,"key":"SMITH"},{"floor":28.0,"key":"REST"},{"floor":32.0,"key":"REST"},{"data":"Defend_R","floor":40,"key":"PURGE"},{"data":"Sword Boomerang","floor":42,"key":"PURGE"},{"data":"Defend_R","floor":49,"key":"PURGE"}],"neow_cost":"NO_GOLD","seed_source_timestamp":786715109422045,"circlet_count":0,"master_deck":["Defend_R","Bash+1","Impervious","Shrug It Off+1","Rampage+1"],"special_seed":0,"relics":["Burning Blood","Centennial Puzzle","Torii","Bottled Flame","Tiny Chest","Lizard Tail","Mummified Hand","Gambling Chip","Vajra","Strawberry","Art of War","Shuriken","White Beast Statue","Peace Pipe","Girya","Pen Nib","Potion Belt"],"potions_floor_usage":[39,39,44,46,47,50,50],"damage_taken":[{"damage":6.0,"enemies":"Cultist","floor":1.0,"turns":3.0},{"damage":4.0,"enemies":"Small Slimes","floor":2.0,"turns":4.0},{"damage":6.0,"enemies":"Jaw Worm","floor":3.0,"turns":3.0},{"damage":12.0,"enemies":"Blue Slaver","floor":4.0,"turns":3.0},{"damage":47.0,"enemies":"Lagavulin","floor":8.0,"turns":9.0},{"damage":1.0,"enemies":"2 Fungi Beasts","floor":11.0,"turns":3.0},{"damage":1.0,"enemies":"Exordium Thugs","floor":13.0,"turns":6.0},{"damage":2.0,"enemies":"The Guardian","floor":16.0,"turns":11.0},{"damage":21.0,"enemies":"Shell Parasite","floor":18.0,"turns":7.0},{"damage":35.0,"enemies":"Slavers","floor":23.0,"turns":9.0},{"damage":0.0,"enemies":"Chosen","floor":29.0,"turns":4.0},{"damage":11.0,"enemies":"Centurion and Healer","floor":30.0,"turns":7.0},{"damage":25.0,"enemies":"Gremlin Leader","floor":31.0,"turns":7.0},{"damage":81.0,"enemies":"Automaton","floor":33.0,"turns":11.0},{"damage":7.0,"enemies":"3 Shapes","floor":35.0,"turns":8.0},{"damage":44.0,"enemies":"3 Darklings","floor":36.0,"turns":7.0},{"damage":23,"enemies":"Maw","floor":39,"turns":9},{"damage":1,"enemies":"Mind Bloom Boss Battle","floor":41,"turns":6},{"damage":0,"enemies":"Transient","floor":44,"turns":5},{"damage":10,"enemies":"Spire Growth","floor":46,"turns":5},{"damage":7,"enemies":"Sphere and 2 Shapes","floor":47,"turns":5},{"damage":72,"enemies":"Awakened One","floor":50,"turns":12}],"seed_played":"8588792237098969779","potions_obtained":[{"floor":2.0,"key":"FearPotion"},{"floor":4.0,"key":"Regen Potion"},{"floor":11.0,"key":"Weak Potion"},{"floor":23.0,"key":"EssenceOfSteel"},{"floor":33.0,"key":"Swift Potion"},{"floor":35.0,"key":"SpeedPotion"},{"floor":36.0,"key":"AttackPotion"},{"floor":39,"key":"Energy Potion"},{"floor":41,"key":"Fire Potion"},{"floor":44,"key":"Swift Potion"},{"floor":46,"key":"SpeedPotion"},{"floor":47,"key":"PowerPotion"}],"is_trial":false,"path_per_floor":["M","M","M","M","?","R","?","E","T","R","M","$","M","T","R","B",null,"M","?","$","T","T","E","R","T","T","$","R","M","M","E","R","B",null,"M","M","$","?","M","R","?","R","T","M","?","M","M","T","R","B",null],"character_chosen":"IRONCLAD","items_purchased":["Peace Pipe"],"campfire_rested":3,"item_purchase_floors":[37],"current_hp_per_floor":[80,80,80,74,67,67,67,26,26,50,55,55,60,60,60,64,80,65,57,57,57,57,43,43,50,50,50,76,82,77,58,84,9,87,86,48,48,48,31,31,36,36,36,42,42,38,37,37,37,33],"gold":186,"neow_bonus":"TRANSFORM_TWO_CARDS","is_prod":false,"is_daily":false,"chose_seed":false,"campfire_upgraded":3,"win_rate":0,"timestamp":1564622607,"path_taken":["M","M","M","?","?","R","?","E","T","R","M","$","M","?","R","BOSS","M","?","$","?","?","E","R","?","T","?","R","?","M","E","R","BOSS","M","M","$","?","?","R","?","R","T","M","?","?","M","?","R","BOSS"],"build_version":"2019-07-17","purchased_purges":3,"victory":true,"max_hp_per_floor":[80,80,80,80,80,80,80,80,80,80,80,80,80,80,80,80,80,80,80,80,80,80,80,80,87,87,87,87,87,87,87,87,87,87,87,87,87,87,87,87,87,87,87,87,87,87,87,87,87,87],"card_choices":[{"not_picked":["Twin Strike","Uppercut","Heavy Blade"],"picked":"SKIP","floor":1.0},{"not_picked":["Inflame","Warcry"],"picked":"Shrug It Off","floor":2.0},{"not_picked":["Sever Soul","Juggernaut","Armaments"],"picked":"SKIP","floor":3.0},{"not_picked":["Rupture","Flame Barrier","Body Slam"],"picked":"SKIP","floor":4.0},{"not_picked":["Feed","Intimidate","Corruption"],"picked":"SKIP","floor":8.0},{"not_picked":["Thunderclap","Seeing Red"],"picked":"Rampage","floor":11.0},{"not_picked":["Ghostly Armor","Shrug It Off","True Grit"],"picked":"SKIP","floor":13.0},{"not_picked":["Body Slam+1","Seeing Red","Combust"],"picked":"SKIP","floor":18.0},{"not_picked":["Metallicize","Pummel","Sword Boomerang"],"picked":"SKIP","floor":23.0},{"not_picked":["Anger+1","Metallicize","Sword Boomerang+1"],"picked":"SKIP","floor":29.0},{"not_picked":["Armaments+1","Bloodletting","Shrug It Off"],"picked":"SKIP","floor":30.0},{"not_picked":["Shockwave+1","Clothesline","Inflame"],"picked":"SKIP","floor":31.0},{"not_picked":["Havoc","Thunderclap","Wild Strike+1"],"picked":"SKIP","floor":35.0},{"not_picked":["Body Slam+1","Anger","Bloodletting"],"picked":"SKIP","floor":36.0},{"not_picked":["Pommel Strike","Bloodletting","Sentinel+1"],"picked":"SKIP","floor":39},{"not_picked":["Clash","Iron Wave+1","Anger+1"],"picked":"SKIP","floor":44},{"not_picked":["Clash+1","Warcry+1","Perfected Strike"],"picked":"SKIP","floor":46},{"not_picked":["Burning Pact+1","Warcry","Iron Wave+1"],"picked":"SKIP","floor":47}],"player_experience":1202483,"relics_obtained":[{"floor":8.0,"key":"Torii"},{"floor":9.0,"key":"Bottled Flame"},{"floor":14.0,"key":"Tiny Chest"},{"floor":21.0,"key":"Mummified Hand"},{"floor":22.0,"key":"Gambling Chip"},{"floor":23.0,"key":"Vajra"},{"floor":25.0,"key":"Strawberry"},{"floor":26.0,"key":"Art of War"},{"floor":31.0,"key":"Shuriken"},{"floor":41,"key":"Girya"},{"floor":43,"key":"Pen Nib"},{"floor":48,"key":"Potion Belt"}],"event_choices":[{"damage_healed":0.0,"max_hp_gain":0.0,"max_hp_loss":0.0,"gold_gain":0.0,"event_name":"Scrap Ooze","player_choice":"Success","floor":5.0,"gold_loss":0.0,"damage_taken":7.0,"relics_obtained":["Centennial Puzzle"]},{"cards_removed":["Strike_R"],"damage_healed":0.0,"max_hp_gain":0.0,"max_hp_loss":0.0,"gold_gain":0.0,"event_name":"Living Wall","player_choice":"Forget","floor":7.0,"gold_loss":0.0,"damage_taken":0.0},{"damage_healed":0.0,"max_hp_gain":0.0,"max_hp_loss":0.0,"gold_gain":0.0,"event_name":"Wheel of Change","player_choice":"Damaged","floor":19.0,"gold_loss":0.0,"damage_taken":8.0},{"damage_healed":0.0,"max_hp_gain":0.0,"max_hp_loss":0.0,"gold_gain":0.0,"event_name":"NoteForYourself","player_choice":"Ignored","floor":38.0,"gold_loss":0.0,"damage_taken":0.0},{"damage_healed":0,"gold_gain":0,"player_choice":"Fight","damage_taken":0,"max_hp_gain":0,"max_hp_loss":0,"event_name":"MindBloom","floor":41,"gold_loss":0},{"damage_healed":0,"gold_gain":0,"player_choice":"Ignored","damage_taken":0,"max_hp_gain":0,"max_hp_loss":0,"event_name":"SecretPortal","floor":45,"gold_loss":0}],"is_beta":false,"boss_relics":[{"not_picked":["Cursed Key","Velvet Choker"],"picked":"Lizard Tail"},{"not_picked":["Runic Pyramid","Eternal Feather"],"picked":"White Beast Statue"}],"items_purged_floors":[12,20,27],"is_endless":false,"potions_floor_spawned":[2,4,11,13,23,33,35,36,39,41,44,46,47],"ascension_level":0}