{"gold_per_floor":[360,360,379,394,236,236,261,261,261,274,294,294,219,235,235,235],"floor_reached":16,"playtime":740,"items_purged":["Clumsy"],"score":175,"play_id":"dd2c8f4c-802e-4393-92aa-c832ffe4a91d","local_time":"20190719144127","is_ascension_mode":true,"campfire_choices":[{"data":"Bash","floor":6.0,"key":"SMITH"},{"data":"Anger","floor":8.0,"key":"SMITH"},{"data":"True Grit","floor":12.0,"key":"SMITH"},{"data":"Pommel Strike","floor":15.0,"key":"SMITH"}],"neow_cost":"CURSE","seed_source_timestamp":710851778497798,"circlet_count":0,"master_deck":["AscendersBane","Strike_R","Strike_R","Strike_R","Defend_R","Defend_R","Defend_R","Defend_R","Bash+1","Pommel Strike+1","Corruption","Headbutt","True Grit+1","Flash of Steel","Anger+1","Thunderclap+1","Twin Strike+1"],"special_seed":0,"relics":["Burning Blood","Shuriken","Molten Egg 2","Odd Mushroom"],"potions_floor_usage":[16],"damage_taken":[{"damage":4.0,"enemies":"Small Slimes","floor":1.0,"turns":4.0},{"damage":6.0,"enemies":"Cultist","floor":3.0,"turns":3.0},{"damage":9.0,"enemies":"Jaw Worm","floor":4.0,"turns":3.0},{"damage":46.0,"enemies":"3 Sentries","floor":7.0,"turns":13.0},{"damage":9.0,"enemies":"3 Louse","floor":10.0,"turns":3.0},{"damage":12.0,"enemies":"The Mushroom Lair","floor":11.0,"turns":3.0},{"damage":2.0,"enemies":"Looter","floor":14.0,"turns":3.0},{"damage":27,"enemies":"The Guardian","floor":16,"turns":7}],"seed_played":"-4198024802315819444","potions_obtained":[{"floor":4.0,"key":"PowerPotion"},{"floor":7.0,"key":"Fire Potion"}],"is_trial":false,"path_per_floor":["M","?","M","M","$","R","E","R","T","M","?","R","?","M","R","B"],"character_chosen":"IRONCLAD","items_purchased":["Flash of Steel"],"campfire_rested":0,"item_purchase_floors":[5],"current_hp_per_floor":[70,70,70,67,67,67,27,27,27,24,18,18,18,22,22,0],"gold":235,"neow_bonus":"TWO_FIFTY_GOLD","is_prod":false,"is_daily":false,"chose_seed":false,"campfire_upgraded":4,"win_rate":0,"timestamp":1563540087,"path_taken":["M","?","?","M","$","R","E","R","T","M","?","R","?","M","R","BOSS"],"build_version":"2019-07-17","purchased_purges":1,"victory":false,"max_hp_per_floor":[75,75,75,75,75,75,75,75,75,75,75,75,75,75,75,75],"card_choices":[{"not_picked":["Reckless Charge","Wild Strike"],"picked":"Pommel Strike","floor":1.0},{"not_picked":["Wild Strike","Blood for Blood"],"picked":"Headbutt","floor":3.0},{"not_picked":["Body Slam","Pummel"],"picked":"True Grit","floor":4.0},{"not_picked":["Headbutt","Twin Strike"],"picked":"Anger","floor":7.0},{"not_picked":["Clash+1","Havoc"],"picked":"Thunderclap+1","floor":10.0},{"not_picked":["Cleave+1","Perfected Strike+1"],"picked":"Twin Strike+1","floor":14.0}],"player_experience":657326,"relics_obtained":[{"floor":7.0,"key":"Shuriken"},{"floor":9.0,"key":"Molten Egg 2"},{"floor":11.0,"key":"Odd Mushroom"}],"event_choices":[{"damage_healed":0.0,"max_hp_gain":0.0,"max_hp_loss":0.0,"gold_gain":0.0,"cards_transformed":["Strike_R"],"event_name":"Transmorgrifier","player_choice":"Transformed","floor":2.0,"gold_loss":0.0,"damage_taken":0.0,"cards_obtained":["Corruption"]},{"damage_healed":0.0,"max_hp_gain":0.0,"max_hp_loss":0.0,"gold_gain":0.0,"event_name":"Mushrooms","player_choice":"Fought Mushrooms","floor":11.0,"gold_loss":0.0,"damage_taken":0.0},{"cards_removed":["Strike_R"],"damage_healed":0.0,"max_hp_gain":0.0,"max_hp_loss":0.0,"gold_gain":0.0,"event_name":"The Cleric","player_choice":"Card Removal","floor":13.0,"gold_loss":75.0,"damage_taken":0.0}],"is_beta":false,"boss_relics":[],"items_purged_floors":[5],"is_endless":false,"potions_floor_spawned":[4,7,10],"killed_by":"The Guardian","ascension_level":15}