{"gold_per_floor":[115,115,132,143,159,159,159,159,185,185,204,171,171,190,190,291,291,303,403,423,443,443,443,476,476,501,501,216,216],"floor_reached":29,"playtime":1658,"items_purged":[],"score":233,"play_id":"7df46a8d-abba-4a7d-adcc-c322a619463f","local_time":"20181130215215","is_ascension_mode":false,"campfire_choices":[{"data":"Cleave","floor":6,"key":"SMITH"},{"floor":8,"key":"RECALL"},{"data":"True Grit","floor":10,"key":"SMITH"},{"data":"Flame Barrier","floor":13,"key":"SMITH"},{"data":"Uppercut","floor":15,"key":"SMITH"},{"data":"Double Tap","floor":23,"key":"SMITH"},{"floor":25,"key":"REST"}],"neow_cost":"NONE","seed_source_timestamp":3870669968817370,"circlet_count":0,"master_deck":["Strike_R+1","Strike_R+1","Strike_R+1","Strike_R+1","Defend_R+1","Defend_R+1","Defend_R+1","True Grit+1","Hemokinesis","Twin Strike","Cleave+1","Cleave+1","Disarm","Flame Barrier+1","Uppercut+1","Double Tap+1","Rage+1","Fire Breathing+1","Shrug It Off","Flame Barrier","Power Through","Shrug It Off","Evolve"],"relics":["Burning Blood","Pen Nib","Empty Cage","Dream Catcher","Self Forming Clay"],"potions_floor_usage":[5,24],"damage_taken":[{"damage":1,"enemies":"2 Louse","floor":1,"turns":3},{"damage":6,"enemies":"Cultist","floor":3,"turns":3},{"damage":4,"enemies":"Jaw Worm","floor":4,"turns":3},{"damage":16,"enemies":"Gremlin Gang","floor":5,"turns":5},{"damage":16,"enemies":"Red Slaver","floor":11,"turns":2},{"damage":3,"enemies":"Large Slime","floor":14,"turns":3},{"damage":44,"enemies":"Hexaghost","floor":16,"turns":10},{"damage":19,"enemies":"Shell Parasite","floor":18,"turns":7},{"damage":33,"enemies":"Spheric Guardian","floor":20,"turns":5},{"damage":6,"enemies":"Snake Plant","floor":21,"turns":7},{"damage":32,"enemies":"Slavers","floor":24,"turns":5},{"damage":72,"enemies":"Gremlin Leader","floor":29,"turns":7}],"seed_played":"6614081674836764077","potions_obtained":[{"floor":1,"key":"AttackPotion"},{"floor":3,"key":"FairyPotion"},{"floor":11,"key":"Ancient Potion"},{"floor":21,"key":"LiquidBronze"},{"floor":24,"key":"FairyPotion"}],"is_trial":false,"path_per_floor":["M","?","M","M","M","R","?","R","T","R","M","$","R","M","R","B",null,"M","?","M","M","?","R","E","R","T","?","$","E"],"character_chosen":"IRONCLAD","items_purchased":["Flame Barrier","Self Forming Clay","Evolve"],"campfire_rested":1,"item_purchase_floors":[12,28,28],"current_hp_per_floor":[80,80,80,80,70,70,70,70,70,70,60,60,60,63,63,25,80,67,67,40,40,40,40,14,38,38,38,38,0],"gold":216,"neow_bonus":"TRANSFORM_CARD","is_prod":false,"is_daily":false,"chose_seed":false,"campfire_upgraded":5,"win_rate":0,"timestamp":1543632735,"path_taken":["M","?","M","M","?","R","?","R","T","R","?","?","R","?","R","BOSS","M","?","?","M","?","R","E","R","T","?","$","E"],"build_version":"2018-11-15","purchased_purges":0,"victory":false,"max_hp_per_floor":[80,80,80,80,80,80,80,80,80,80,80,80,80,80,80,80,80,80,80,80,80,80,80,80,80,80,80,80,80],"card_choices":[{"not_picked":["Spot Weakness","Havoc"],"picked":"Hemokinesis","floor":1},{"not_picked":["Anger","Pummel"],"picked":"Twin Strike","floor":3},{"not_picked":["Havoc","Second Wind"],"picked":"Cleave","floor":4},{"not_picked":["Clash","Clothesline"],"picked":"Cleave","floor":5},{"not_picked":["Searing Blow","Clothesline"],"picked":"Disarm","floor":11},{"not_picked":["Twin Strike","Thunderclap"],"picked":"Uppercut","floor":14},{"not_picked":["Brutality","Demon Form"],"picked":"Double Tap","floor":16},{"not_picked":["Heavy Blade","Metallicize"],"picked":"Rage+1","floor":18},{"not_picked":["Sever Soul","Sword Boomerang"],"picked":"Fire Breathing+1","floor":20},{"not_picked":["Heavy Blade","Whirlwind"],"picked":"Shrug It Off","floor":21},{"not_picked":["Second Wind","Cleave"],"picked":"Power Through","floor":24},{"not_picked":["Sword Boomerang+1","Searing Blow"],"picked":"Shrug It Off","floor":25}],"player_experience":595443,"relics_obtained":[{"floor":9,"key":"Pen Nib"},{"floor":24,"key":"Dream Catcher"}],"event_choices":[{"damage_healed":0,"gold_gain":0,"player_choice":"Bought 0 Potions","damage_taken":0,"max_hp_gain":0,"max_hp_loss":0,"event_name":"The Woman in Blue","floor":2,"gold_loss":0},{"damage_healed":0,"gold_gain":0,"player_choice":"Upgraded","damage_taken":0,"max_hp_gain":0,"max_hp_loss":0,"event_name":"Upgrade Shrine","floor":7,"gold_loss":0,"cards_upgraded":["Cleave"]},{"damage_healed":0,"gold_gain":100,"player_choice":"Pray","damage_taken":0,"max_hp_gain":0,"max_hp_loss":0,"event_name":"Golden Shrine","floor":19,"gold_loss":0},{"damage_healed":0,"gold_gain":0,"player_choice":"Read","damage_taken":0,"max_hp_gain":0,"max_hp_loss":0,"event_name":"The Library","floor":22,"gold_loss":0,"cards_obtained":["Flame Barrier"]},{"damage_healed":0,"gold_gain":0,"player_choice":"Simplicity","damage_taken":0,"max_hp_gain":0,"max_hp_loss":0,"event_name":"Back to Basics","floor":27,"gold_loss":0,"cards_upgraded":["Strike_R","Strike_R","Strike_R","Strike_R","Defend_R","Defend_R","Defend_R"]}],"is_beta":false,"boss_relics":[{"not_picked":["Lizard Tail","White Beast Statue"],"picked":"Empty Cage"}],"items_purged_floors":[],"is_endless":false,"potions_floor_spawned":[1,3,11,21,24],"killed_by":"Gremlin Leader","ascension_level":0}