{"gold_per_floor":[110,127,127,137,137,137,200,200,224,252,252,285,285,297,297,400,400,400,400,400,400,400],"floor_reached":22,"playtime":677,"items_purged":[],"score":184,"play_id":"3057e3a0-1775-4523-bf82-969480925bd0","local_time":"20190618094002","is_ascension_mode":false,"campfire_choices":[{"data":"Defragment","floor":6,"key":"SMITH"},{"floor":8,"key":"REST"},{"data":"Chill","floor":11,"key":"SMITH"},{"data":"Genetic Algorithm","floor":13,"key":"SMITH"},{"data":"Loop","floor":15,"key":"SMITH"}],"neow_cost":"NONE","seed_source_timestamp":495597354484654,"circlet_count":0,"master_deck":["Strike_B","Strike_B","Defend_B","Defend_B","Defend_B","Defend_B","Zap","Dualcast","Genetic Algorithm+1","Defragment+1","Creative AI","Ball Lightning","Regret","Chill+1","Compile Driver","Loop+1","Echo Form","Steam","Streamline","Conserve Battery"],"relics":["Lizard Tail","DataDisk","Regal Pillow","Art of War","Odd Mushroom","Shuriken","Ectoplasm"],"potions_floor_usage":[12],"damage_taken":[{"damage":1,"enemies":"Jaw Worm","floor":1,"turns":3},{"damage":14,"enemies":"Cultist","floor":2,"turns":4},{"damage":5,"enemies":"Small Slimes","floor":4,"turns":4},{"damage":22,"enemies":"Lagavulin Event","floor":7,"turns":5},{"damage":23,"enemies":"The Mushroom Lair","floor":10,"turns":5},{"damage":23,"enemies":"Gremlin Nob","floor":12,"turns":5},{"damage":1,"enemies":"2 Fungi Beasts","floor":14,"turns":3},{"damage":41,"enemies":"The Guardian","floor":16,"turns":9},{"damage":21,"enemies":"Shell Parasite","floor":18,"turns":6},{"damage":3,"enemies":"3 Byrds","floor":20,"turns":4},{"damage":18,"enemies":"Shelled Parasite and Fungi","floor":21,"turns":5},{"damage":36,"enemies":"Snake Plant","floor":22,"turns":5}],"seed_played":"4781964205860522276","potions_obtained":[{"floor":1,"key":"LiquidBronze"},{"floor":2,"key":"Block Potion"},{"floor":10,"key":"Regen Potion"},{"floor":14,"key":"EssenceOfSteel"},{"floor":20,"key":"EntropicBrew"}],"is_trial":false,"path_per_floor":["M","M","?","M","?","R","?","R","T","?","R","E","R","M","R","B",null,"M","?","M","M","M"],"character_chosen":"DEFECT","items_purchased":[],"campfire_rested":1,"item_purchase_floors":[],"current_hp_per_floor":[74,60,60,55,55,55,33,70,70,47,47,36,36,35,35,31,75,54,54,51,33,0],"gold":400,"neow_bonus":"BOSS_RELIC","is_prod":false,"is_daily":false,"chose_seed":false,"campfire_upgraded":4,"win_rate":0,"timestamp":1560843602,"path_taken":["M","M","?","?","?","R","?","R","T","?","R","E","R","M","R","BOSS","M","?","M","M","M"],"build_version":"2019-01-23","purchased_purges":0,"victory":false,"max_hp_per_floor":[75,75,75,75,75,75,75,75,75,75,75,75,75,75,75,75,75,75,75,75,75,75],"card_choices":[{"not_picked":["Lockon","Turbo"],"picked":"Genetic Algorithm","floor":1},{"not_picked":["Rebound","Hologram"],"picked":"Defragment","floor":2},{"not_picked":["Cold Snap","Darkness"],"picked":"Ball Lightning","floor":4},{"not_picked":["Melter","Doom and Gloom"],"picked":"Chill","floor":7},{"not_picked":["Steam Power","Reprogram"],"picked":"Compile Driver","floor":10},{"not_picked":["Force Field","Doom and Gloom","Steam Power"],"picked":"SKIP","floor":12},{"not_picked":["Gash","Leap"],"picked":"Loop","floor":14},{"not_picked":["Rainbow","Biased Cognition"],"picked":"Echo Form","floor":16},{"not_picked":["Storm","Cold Snap"],"picked":"Steam","floor":18},{"not_picked":["Redo+1","Barrage","Turbo+1"],"picked":"SKIP","floor":20},{"not_picked":["Stack","Redo+1"],"picked":"Conserve Battery","floor":21}],"player_experience":551526,"relics_obtained":[{"floor":7,"key":"Regal Pillow"},{"floor":9,"key":"Art of War"},{"floor":10,"key":"Odd Mushroom"},{"floor":12,"key":"Shuriken"}],"event_choices":[{"damage_healed":0,"gold_gain":0,"cards_transformed":["Strike_B"],"player_choice":"Transformed","damage_taken":0,"max_hp_gain":0,"max_hp_loss":0,"event_name":"Transmorgrifier","floor":3,"gold_loss":0,"cards_obtained":["Creative AI"]},{"damage_healed":0,"gold_gain":0,"player_choice":"Box","damage_taken":0,"relics_obtained":["DataDisk"],"max_hp_gain":0,"max_hp_loss":0,"event_name":"Big Fish","floor":5,"gold_loss":0,"cards_obtained":["Regret"]},{"damage_healed":0,"gold_gain":0,"player_choice":"Searched \u00271\u0027 times","damage_taken":0,"max_hp_gain":0,"max_hp_loss":0,"event_name":"Dead Adventurer","floor":7,"gold_loss":0},{"damage_healed":0,"gold_gain":0,"player_choice":"Fought Mushrooms","damage_taken":0,"max_hp_gain":0,"max_hp_loss":0,"event_name":"Mushrooms","floor":10,"gold_loss":0},{"damage_healed":0,"gold_gain":0,"cards_transformed":["Strike_B"],"player_choice":"Transformed","damage_taken":0,"max_hp_gain":0,"max_hp_loss":0,"event_name":"Transmorgrifier","floor":19,"gold_loss":0,"cards_obtained":["Streamline"]}],"is_beta":false,"boss_relics":[{"not_picked":["Runic Pyramid","Empty Cage"],"picked":"Ectoplasm"}],"items_purged_floors":[],"is_endless":false,"potions_floor_spawned":[1,2,10,14,20],"killed_by":"Snake Plant","ascension_level":0}