{"gold_per_floor":[115,40,40,40,51,82,82,117,117,267,267,20,20,38,38,109,109,127,127,177,197,208,208,208],"floor_reached":24,"playtime":798,"items_purged":["Doubt"],"score":431,"play_id":"32646218-9596-4ca0-b88d-7291942dd57c","local_time":"20190705225245","is_ascension_mode":true,"campfire_choices":[{"data":"Zap","floor":7,"key":"SMITH"},{"floor":13,"key":"REST"},{"data":"1","floor":15,"key":"LIFT"},{"floor":23,"key":"REST"}],"neow_cost":"NONE","seed_source_timestamp":463092685971838,"circlet_count":0,"master_deck":["AscendersBane","Strike_B+1","Strike_B","Strike_B","Defend_B","Defend_B","Defend_B","Defend_B","Zap+1","Dualcast","Sweeping Beam","Steam","Capacitor","Genetic Algorithm+1","Core Surge","Turbo","Biased Cognition","Ball Lightning"],"relics":["Cracked Core","NeowsBlessing","Pocketwatch","Girya","Kunai","Dead Branch","Fusion Hammer"],"potions_floor_usage":[8,24],"damage_taken":[{"damage":0,"enemies":"Jaw Worm","floor":1,"turns":1},{"damage":0,"enemies":"Small Slimes","floor":5,"turns":1},{"damage":0,"enemies":"Lagavulin","floor":6,"turns":1},{"damage":32,"enemies":"Gremlin Nob","floor":8,"turns":4},{"damage":0,"enemies":"Cultist","floor":14,"turns":3},{"damage":23,"enemies":"Hexaghost","floor":16,"turns":9},{"damage":17,"enemies":"Shell Parasite","floor":18,"turns":4},{"damage":13,"enemies":"Chosen","floor":21,"turns":4},{"damage":25,"enemies":"Snecko","floor":22,"turns":4},{"damage":23,"enemies":"Slavers","floor":24,"turns":1}],"seed_played":"6098260438366104078","potions_obtained":[{"floor":1,"key":"SkillPotion"},{"floor":6,"key":"AttackPotion"},{"floor":22,"key":"FocusPotion"}],"is_trial":false,"path_per_floor":["M","?","$","?","M","E","R","E","T","?","?","$","R","M","R","B",null,"M","?","?","M","M","R","E"],"character_chosen":"DEFECT","items_purchased":["Core Surge"],"campfire_rested":2,"item_purchase_floors":[12],"current_hp_per_floor":[64,64,64,64,64,64,64,32,32,32,11,11,32,32,32,9,56,39,39,39,26,1,22,0],"gold":208,"neow_bonus":"THREE_ENEMY_KILL","is_prod":false,"is_daily":false,"chose_seed":false,"campfire_upgraded":1,"win_rate":0,"timestamp":1562381565,"path_taken":["M","?","$","?","?","E","R","E","T","?","?","$","R","M","R","BOSS","M","?","?","M","M","R","E"],"build_version":"2019-07-05","purchased_purges":1,"victory":false,"max_hp_per_floor":[71,71,71,71,71,71,71,71,71,71,71,71,71,71,71,71,71,71,71,71,71,71,71,71],"card_choices":[{"not_picked":["Lockon","Steam"],"picked":"Sweeping Beam","floor":1},{"not_picked":["Redo","Barrage"],"picked":"Steam","floor":5},{"not_picked":["Hello World","Sweeping Beam"],"picked":"Capacitor","floor":6},{"not_picked":["Coolheaded","White Noise"],"picked":"Genetic Algorithm","floor":8},{"not_picked":["Rebound","Go for the Eyes"],"picked":"Turbo","floor":14},{"not_picked":["Hyperbeam","Amplify"],"picked":"Biased Cognition","floor":16},{"not_picked":["Steam","Turbo+1"],"picked":"Ball Lightning","floor":18},{"not_picked":["Rebound","Go for the Eyes","Static Discharge"],"picked":"SKIP","floor":21},{"not_picked":["Streamline","Scrape","Chaos"],"picked":"SKIP","floor":22}],"player_experience":1114867,"relics_obtained":[{"floor":6,"key":"Girya"},{"floor":8,"key":"Kunai"},{"floor":9,"key":"Dead Branch"}],"event_choices":[{"cards_removed":["Strike_B"],"damage_healed":0,"gold_gain":0,"player_choice":"Card Removal","damage_taken":0,"max_hp_gain":0,"max_hp_loss":0,"event_name":"The Cleric","floor":2,"gold_loss":75},{"damage_healed":0,"gold_gain":0,"player_choice":"Gave Potion","damage_taken":0,"relics_obtained":["Pocketwatch"],"max_hp_gain":0,"max_hp_loss":0,"event_name":"WeMeetAgain","floor":4,"gold_loss":0},{"damage_healed":0,"gold_gain":150,"player_choice":"AGREE","damage_taken":0,"max_hp_gain":0,"max_hp_loss":0,"event_name":"Liars Game","floor":10,"gold_loss":0,"cards_obtained":["Doubt"]},{"damage_healed":0,"gold_gain":0,"player_choice":"Entered Light","damage_taken":21,"max_hp_gain":0,"max_hp_loss":0,"event_name":"Shining Light","floor":11,"gold_loss":0,"cards_upgraded":["Strike_B","Genetic Algorithm"]},{"damage_healed":0,"gold_gain":0,"player_choice":"Ignored","damage_taken":0,"max_hp_gain":0,"max_hp_loss":0,"event_name":"Cursed Tome","floor":19,"gold_loss":0},{"damage_healed":0,"gold_gain":100,"player_choice":"Bet on Murderer","damage_taken":0,"max_hp_gain":0,"max_hp_loss":0,"event_name":"The Joust","floor":20,"gold_loss":50}],"is_beta":false,"boss_relics":[{"not_picked":["Inserter","Tiny House"],"picked":"Fusion Hammer"}],"items_purged_floors":[12],"is_endless":false,"potions_floor_spawned":[1,6,22],"killed_by":"Slavers","ascension_level":18}