{"gold_per_floor":[112,122,122,134,148,148,177,177,202,216,246,100,111,111,111,216,216,232,132,142,142,142,142,153,153,153,179,189,189,261,280,280,376,376,387,407,282,302,312,312,324,174,174,184,184,195,20,52,52,52],"floor_reached":51,"playtime":2861,"items_purged":["Strike_R","Strike_R","Defend_R","Bash+1","Armaments+1"],"score":786,"play_id":"f201aa86-bcda-4e88-9b1e-4f2ad583f175","local_time":"20190730224147","is_ascension_mode":false,"campfire_choices":[{"data":"Bash","floor":6.0,"key":"SMITH"},{"data":"Flame Barrier","floor":8.0,"key":"SMITH"},{"data":"Dropkick","floor":15.0,"key":"SMITH"},{"data":"Armaments","floor":23.0,"key":"SMITH"},{"floor":25.0,"key":"REST"},{"data":"Uppercut","floor":32,"key":"SMITH"},{"data":"Shrug It Off","floor":40,"key":"SMITH"},{"floor":49,"key":"REST"}],"neow_cost":"NONE","seed_source_timestamp":704305163009270,"circlet_count":0,"master_deck":["Flame Barrier+1","Thunderclap","Dropkick+1","Shrug It Off+1","Reaper","Necronomicurse","Uppercut+1"],"special_seed":0,"relics":["Burning Blood","Boot","Pen Nib","Regal Pillow","Runic Cube","Strawberry","Orichalcum","Necronomicon","Blue Candle","Empty Cage","Magic Flower","Ice Cream"],"potions_floor_usage":[28,33,44,48,48,50],"damage_taken":[{"damage":0.0,"enemies":"Jaw Worm","floor":1.0,"turns":6.0},{"damage":1.0,"enemies":"Cultist","floor":2.0,"turns":3.0},{"damage":0.0,"enemies":"2 Louse","floor":4.0,"turns":3.0},{"damage":5.0,"enemies":"Looter","floor":5.0,"turns":4.0},{"damage":35.0,"enemies":"Lagavulin","floor":7.0,"turns":9.0},{"damage":2.0,"enemies":"Blue Slaver","floor":10.0,"turns":7.0},{"damage":14.0,"enemies":"Gremlin Nob","floor":11.0,"turns":3.0},{"damage":0.0,"enemies":"Lots of Slimes","floor":13.0,"turns":3.0},{"damage":28.0,"enemies":"Slime Boss","floor":16.0,"turns":11.0},{"damage":15.0,"enemies":"Shell Parasite","floor":18.0,"turns":7.0},{"damage":21.0,"enemies":"Chosen","floor":20.0,"turns":5.0},{"damage":39.0,"enemies":"Sentry and Sphere","floor":24.0,"turns":12.0},{"damage":41.0,"enemies":"Gremlin Leader","floor":27.0,"turns":8.0},{"damage":7,"enemies":"Centurion and Healer","floor":28,"turns":12},{"damage":10,"enemies":"3 Cultists","floor":31,"turns":5},{"damage":73,"enemies":"Champ","floor":33,"turns":10},{"damage":1,"enemies":"Orb Walker","floor":35,"turns":3},{"damage":20,"enemies":"3 Darklings","floor":36,"turns":6},{"damage":20,"enemies":"Writhing Mass","floor":38,"turns":7},{"damage":24,"enemies":"Jaw Worm Horde","floor":39,"turns":5},{"damage":21,"enemies":"Spire Growth","floor":41,"turns":5},{"damage":9,"enemies":"4 Shapes","floor":44,"turns":15},{"damage":14,"enemies":"Writhing Mass","floor":46,"turns":6},{"damage":66,"enemies":"Nemesis","floor":48,"turns":7},{"damage":92,"enemies":"Awakened One","floor":50,"turns":19}],"seed_played":"-824567910574316661","potions_obtained":[{"floor":2.0,"key":"GamblersBrew"},{"floor":7.0,"key":"EssenceOfSteel"},{"floor":11.0,"key":"Swift Potion"},{"floor":27.0,"key":"Energy Potion"},{"floor":28,"key":"Swift Potion"},{"floor":31,"key":"Strength Potion"},{"floor":35,"key":"BloodPotion"},{"floor":36,"key":"Swift Potion"},{"floor":39,"key":"BloodPotion"},{"floor":48,"key":"Strength Potion"}],"is_trial":false,"path_per_floor":["M","M","?","M","M","R","E","R","T","M","E","$","M","?","R","B",null,"M","$","M","?","?","R","M","R","T","E","M","?","T","M","R","B",null,"M","M","$","M","M","R","M","$","T","M","?","M","$","E","R","B",null],"character_chosen":"IRONCLAD","items_purchased":["Dropkick"],"campfire_rested":2,"item_purchase_floors":[12],"current_hp_per_floor":[80,80,80,80,80,80,51,51,51,55,47,47,53,46,46,24,80,71,71,56,56,56,56,23,62,69,46,59,43,43,75,75,8,87,87,87,87,78,75,75,60,60,60,60,60,55,55,59,87,30],"gold":52,"neow_bonus":"TRANSFORM_CARD","is_prod":false,"is_daily":false,"chose_seed":false,"campfire_upgraded":6,"win_rate":0,"timestamp":1564540907,"path_taken":["M","M","?","M","M","R","E","R","T","M","E","?","M","?","R","BOSS","M","$","M","?","?","R","M","R","T","E","M","?","?","?","R","BOSS","M","?","$","M","M","R","M","?","T","M","?","?","$","E","R","BOSS"],"build_version":"2019-07-17","purchased_purges":5,"victory":true,"max_hp_per_floor":[80,80,80,80,80,80,80,80,80,80,80,80,80,80,80,80,80,80,80,80,80,80,80,80,80,87,87,87,87,87,87,87,87,87,87,87,87,87,87,87,87,87,87,87,87,87,87,87,87,87],"card_choices":[{"not_picked":["Body Slam","Cleave","Pummel"],"picked":"SKIP","floor":1.0},{"not_picked":["Headbutt","Pommel Strike"],"picked":"Thunderclap","floor":2.0},{"not_picked":["Warcry","Headbutt","Blood for Blood"],"picked":"SKIP","floor":4.0},{"not_picked":["Pommel Strike","Armaments","Dual Wield"],"picked":"SKIP","floor":5.0},{"not_picked":["Armaments","Infernal Blade","Rage"],"picked":"SKIP","floor":7.0},{"not_picked":["Hemokinesis","Spot Weakness","Sword Boomerang"],"picked":"SKIP","floor":10.0},{"not_picked":["Infernal Blade","Heavy Blade","Fiend Fire"],"picked":"SKIP","floor":11.0},{"not_picked":["Whirlwind","Uppercut","Warcry"],"picked":"SKIP","floor":13.0},{"not_picked":["Shockwave","Flame Barrier+1","Seeing Red"],"picked":"SKIP","floor":18.0},{"not_picked":["Body Slam","Armaments"],"picked":"Shrug It Off","floor":20.0},{"not_picked":["Flame Barrier","Burning Pact+1","Twin Strike+1"],"picked":"SKIP","floor":24.0},{"not_picked":["Warcry","Flex","Havoc"],"picked":"SKIP","floor":27.0},{"not_picked":["Rupture","Armaments","Combust"],"picked":"SKIP","floor":28},{"not_picked":["Impervious","Clash"],"picked":"Uppercut","floor":31},{"not_picked":["Sword Boomerang+1","Corruption+1","Feel No Pain"],"picked":"SKIP","floor":35},{"not_picked":["Twin Strike","Iron Wave+1","Sword Boomerang+1"],"picked":"SKIP","floor":36},{"not_picked":["Iron Wave+1","Warcry","Rampage+1"],"picked":"SKIP","floor":38},{"not_picked":["Disarm+1","Thunderclap","Warcry"],"picked":"SKIP","floor":39},{"not_picked":["Wild Strike+1","Headbutt+1","Hemokinesis+1"],"picked":"SKIP","floor":41},{"not_picked":["Metallicize+1","Body Slam","Headbutt+1"],"picked":"SKIP","floor":44},{"not_picked":["Fire Breathing+1","Thunderclap","Flex"],"picked":"SKIP","floor":46},{"not_picked":["Body Slam+1","Demon Form","Seeing Red+1"],"picked":"SKIP","floor":48}],"player_experience":1192535,"relics_obtained":[{"floor":7.0,"key":"Boot"},{"floor":9.0,"key":"Pen Nib"},{"floor":11.0,"key":"Regal Pillow"},{"floor":26.0,"key":"Strawberry"},{"floor":27.0,"key":"Orichalcum"},{"floor":29,"key":"Necronomicon"},{"floor":30,"key":"Blue Candle"},{"floor":43,"key":"Magic Flower"},{"floor":48,"key":"Ice Cream"}],"event_choices":[{"damage_healed":0.0,"max_hp_gain":0.0,"max_hp_loss":0.0,"gold_gain":0.0,"event_name":"The Woman in Blue","player_choice":"Bought 0 Potions","floor":3.0,"gold_loss":0.0,"damage_taken":0.0},{"cards_removed":["Defend_R"],"damage_healed":0.0,"max_hp_gain":0.0,"max_hp_loss":0.0,"gold_gain":0.0,"event_name":"Golden Wing","player_choice":"Card Removal","floor":14.0,"gold_loss":0.0,"damage_taken":7.0},{"damage_healed":0.0,"max_hp_gain":0.0,"max_hp_loss":0.0,"gold_gain":0.0,"event_name":"The Mausoleum","player_choice":"Ignored","floor":21.0,"gold_loss":0.0,"damage_taken":0.0},{"damage_healed":0.0,"max_hp_gain":0.0,"max_hp_loss":0.0,"gold_gain":0.0,"cards_transformed":["Strike_R","Defend_R"],"event_name":"Drug Dealer","player_choice":"Became Test Subject","floor":22.0,"gold_loss":0.0,"damage_taken":0.0,"cards_obtained":["Armaments","Reaper"]},{"damage_healed":0,"gold_gain":0,"player_choice":"Obtained Book","damage_taken":16,"max_hp_gain":0,"max_hp_loss":0,"event_name":"Cursed Tome","floor":29,"gold_loss":0},{"damage_healed":0,"gold_gain":0,"player_choice":"0 cards matched","damage_taken":0,"max_hp_gain":0,"max_hp_loss":0,"event_name":"Match and Keep!","floor":45,"gold_loss":0,"cards_obtained":[]}],"is_beta":false,"boss_relics":[{"not_picked":["White Beast Statue","Black Blood"],"picked":"Runic Cube"},{"not_picked":["Calling Bell","Mark of Pain"],"picked":"Empty Cage"}],"items_purged_floors":[12,19,37,42,47],"is_endless":false,"potions_floor_spawned":[2,7,11,27,28,31,35,36,39,48],"ascension_level":0}