{"gold_per_floor":[169,186,8,8,8,8,35,35,35,45,74,37,52,52],"floor_reached":14,"playtime":454,"items_purged":["Strike_R"],"score":172,"play_id":"4a53d985-eeff-46a3-bbd2-c410ec4348f1","local_time":"20190707013051","is_ascension_mode":true,"campfire_choices":[{"data":"1","floor":6.0,"key":"LIFT"},{"floor":8.0,"key":"REST"}],"neow_cost":"NONE","seed_source_timestamp":1126087745110219,"circlet_count":0,"master_deck":["AscendersBane","Strike_R","Strike_R","Strike_R","Strike_R","Defend_R","Defend_R","Defend_R","Defend_R","Bash+1","Clothesline","Shockwave+1","Evolve","Shrug It Off","Corruption","Regret","Whirlwind","Twin Strike","Reaper","Sentinel+1"],"special_seed":0,"relics":["Tiny House","Girya","Toxic Egg 2","Frozen Egg 2","Juzu Bracelet"],"potions_floor_usage":[14],"damage_taken":[{"damage":0.0,"enemies":"Cultist","floor":1.0,"turns":3.0},{"damage":2.0,"enemies":"2 Louse","floor":2.0,"turns":3.0},{"damage":38.0,"enemies":"Gremlin Nob","floor":7.0,"turns":5.0},{"damage":7.0,"enemies":"Small Slimes","floor":10.0,"turns":3.0},{"damage":40.0,"enemies":"3 Sentries","floor":11.0,"turns":9.0},{"damage":19.0,"enemies":"Exordium Wildlife","floor":13.0,"turns":4.0},{"damage":39,"enemies":"Gremlin Nob","floor":14,"turns":4}],"seed_played":"7068507323765868119","potions_obtained":[{"floor":0.0,"key":"BloodPotion"},{"floor":10.0,"key":"Energy Potion"},{"floor":11.0,"key":"BloodPotion"}],"is_trial":false,"path_per_floor":["M","M","$","?","?","R","E","R","T","M","E","?","M","E"],"character_chosen":"IRONCLAD","items_purchased":["Shrug It Off","Corruption"],"campfire_rested":1,"item_purchase_floors":[3,3],"current_hp_per_floor":[73,71,71,71,71,71,33,57,57,50,10,10,11,0],"gold":52,"neow_bonus":"BOSS_RELIC","is_prod":false,"is_daily":false,"chose_seed":false,"campfire_upgraded":0,"win_rate":0,"timestamp":1562455851,"path_taken":["M","M","?","?","?","R","E","R","T","?","E","?","M","E"],"build_version":"2019-07-05","purchased_purges":1,"victory":false,"max_hp_per_floor":[80,80,80,80,80,80,80,80,80,80,80,80,80,80],"card_choices":[{"not_picked":["Headbutt","Thunderclap"],"picked":"Clothesline","floor":0.0},{"not_picked":["Dual Wield","Pommel Strike"],"picked":"Shockwave","floor":1.0},{"not_picked":["Infernal Blade","Body Slam"],"picked":"Evolve","floor":2.0},{"not_picked":["Dual Wield","Wild Strike"],"picked":"Whirlwind","floor":7.0},{"not_picked":["Iron Wave","Thunderclap"],"picked":"Twin Strike","floor":10.0},{"not_picked":["Thunderclap","Rupture+1"],"picked":"Reaper","floor":11.0},{"not_picked":["Infernal Blade+1","Combust+1"],"picked":"Sentinel+1","floor":13.0}],"player_experience":629462,"relics_obtained":[{"floor":7.0,"key":"Toxic Egg 2"},{"floor":9.0,"key":"Frozen Egg 2"},{"floor":11.0,"key":"Juzu Bracelet"}],"event_choices":[{"damage_healed":0.0,"max_hp_gain":0.0,"max_hp_loss":0.0,"gold_gain":0.0,"event_name":"Living Wall","player_choice":"Grow","floor":4.0,"gold_loss":0.0,"damage_taken":0.0,"cards_upgraded":["Shockwave"]},{"damage_healed":0.0,"max_hp_gain":0.0,"max_hp_loss":0.0,"gold_gain":0.0,"event_name":"Big Fish","player_choice":"Box","floor":5.0,"gold_loss":0.0,"damage_taken":0.0,"relics_obtained":["Girya"],"cards_obtained":["Regret"]},{"damage_healed":0.0,"max_hp_gain":0.0,"max_hp_loss":0.0,"gold_gain":0.0,"event_name":"World of Goop","player_choice":"Left Gold","floor":12.0,"gold_loss":37.0,"damage_taken":0.0}],"is_beta":false,"boss_relics":[],"items_purged_floors":[3],"is_endless":false,"potions_floor_spawned":[10,11],"killed_by":"Gremlin Nob","ascension_level":15}