{"gold_per_floor":[115,127,127,147,222,222,250,270,294,294,309,309,309,327,327,432,432,432,432,432,357,357,357,357,357,357,357,357,357,357,357,357,357,357,357,357,357,279,279,279,279,279,279,279,279,84,84,84,84,84],"floor_reached":51,"playtime":3064,"items_purged":["Defend_B"],"score":638,"play_id":"c81e78b7-7f18-4bbb-a484-aa7626af5339","local_time":"20181125164836","is_ascension_mode":false,"campfire_choices":[{"data":"Zap","floor":6,"key":"SMITH"},{"floor":10,"key":"REST"},{"data":"Thunder Strike","floor":12,"key":"SMITH"},{"data":"Lockon","floor":15,"key":"SMITH"},{"data":"Electrodynamics","floor":23,"key":"SMITH"},{"data":"Loop","floor":28,"key":"SMITH"},{"data":"Buffer","floor":30,"key":"SMITH"},{"floor":32,"key":"REST"},{"data":"Conserve Battery","floor":40,"key":"SMITH"},{"data":"Beam Cell","floor":42,"key":"SMITH"},{"data":"Secret Weapon","floor":47,"key":"SMITH"},{"floor":49,"key":"REST"}],"neow_cost":"NONE","seed_source_timestamp":3419040258976005,"circlet_count":0,"master_deck":["Strike_B+1","Strike_B+1","Strike_B","Defend_B+1","Defend_B+1","Zap+1","Dualcast+1","Thunder Strike+1","Conserve Battery+1","Steam","Leap","Turbo","Conserve Battery","Lockon+1","Electrodynamics+1","Sweeping Beam+1","Beam Cell+1","Buffer+1","Jack Of All Trades","Loop+1","Hologram+1","Tempest","Core Surge","Secret Weapon+1","Sweeping Beam+1"],"relics":["Cracked Core","Whetstone","Happy Flower","Ectoplasm","Ancient Tea Set","Bronze Scales","Empty Cage","Gremlin Horn","Pen Nib","Omamori"],"potions_floor_usage":[16,18,22,29,50,50,50],"damage_taken":[{"damage":6,"enemies":"Jaw Worm","floor":1,"turns":3},{"damage":0,"enemies":"2 Louse","floor":2,"turns":2},{"damage":0,"enemies":"Small Slimes","floor":4,"turns":4},{"damage":17,"enemies":"Lagavulin","floor":7,"turns":8},{"damage":7,"enemies":"Exordium Thugs","floor":8,"turns":5},{"damage":0,"enemies":"Large Slime","floor":11,"turns":7},{"damage":0,"enemies":"Lots of Slimes","floor":14,"turns":3},{"damage":34,"enemies":"Slime Boss","floor":16,"turns":12},{"damage":0,"enemies":"3 Byrds","floor":18,"turns":5},{"damage":6,"enemies":"Shell Parasite","floor":20,"turns":4},{"damage":6,"enemies":"Snake Plant","floor":22,"turns":3},{"damage":22,"enemies":"Slavers","floor":27,"turns":3},{"damage":0,"enemies":"Cultist and Chosen","floor":29,"turns":5},{"damage":0,"enemies":"Centurion and Healer","floor":31,"turns":4},{"damage":15,"enemies":"Automaton","floor":33,"turns":5},{"damage":16,"enemies":"3 Darklings","floor":35,"turns":3},{"damage":10,"enemies":"Orb Walker","floor":39,"turns":3},{"damage":0,"enemies":"3 Darklings","floor":45,"turns":2},{"damage":55,"enemies":"Awakened One","floor":50,"turns":10}],"seed_played":"1900969690960384705","potions_obtained":[{"floor":4,"key":"AttackPotion"},{"floor":8,"key":"Dexterity Potion"},{"floor":11,"key":"AttackPotion"},{"floor":19,"key":"SkillPotion"},{"floor":19,"key":"GamblersBrew"},{"floor":27,"key":"Dexterity Potion"},{"floor":29,"key":"FearPotion"}],"is_trial":false,"path_per_floor":["M","M","?","M","?","R","E","M","T","R","M","R","?","M","R","B",null,"M","?","M","$","M","R","$","?","T","E","R","M","R","M","R","B",null,"M","?","?","$","M","R","?","R","T","$","M","$","R","T","R","B",null],"character_chosen":"DEFECT","items_purchased":["FocusPotion","Pen Nib","SpeedPotion"],"campfire_rested":3,"item_purchase_floors":[38,46,46],"current_hp_per_floor":[69,69,54,54,43,43,26,19,19,41,41,41,41,41,41,7,75,75,75,69,69,63,63,63,49,49,27,27,27,27,27,49,34,75,59,59,59,59,49,49,49,49,49,49,49,49,49,49,70,15],"gold":84,"neow_bonus":"ONE_RANDOM_RARE_CARD","is_prod":false,"is_daily":false,"chose_seed":false,"campfire_upgraded":9,"win_rate":0,"timestamp":1543182516,"path_taken":["M","M","?","M","?","R","E","M","T","R","M","R","?","M","R","BOSS","M","?","M","$","?","R","$","?","T","E","R","M","R","?","R","BOSS","M","?","?","$","M","R","?","R","T","$","M","$","R","?","R","BOSS"],"build_version":"2018-11-15","purchased_purges":1,"victory":true,"max_hp_per_floor":[75,75,75,75,75,75,75,75,75,75,75,75,75,75,75,75,75,75,75,75,75,75,75,75,75,75,75,75,75,75,75,75,75,75,75,75,71,71,71,71,71,71,71,71,71,71,71,71,71,71],"card_choices":[{"not_picked":["Redo","White Noise"],"picked":"Conserve Battery","floor":1},{"not_picked":["Defragment","Heatsinks"],"picked":"Steam","floor":2},{"not_picked":["Hello World","Steam"],"picked":"Leap","floor":4},{"not_picked":["Coolheaded","Scrape"],"picked":"Turbo","floor":7},{"not_picked":["Steam","Stack","Chill"],"picked":"SKIP","floor":8},{"not_picked":["Hello World","Streamline"],"picked":"Conserve Battery","floor":11},{"not_picked":["Cold Snap","Storm"],"picked":"Lockon","floor":14},{"not_picked":["Machine Learning","All For One"],"picked":"Electrodynamics","floor":16},{"not_picked":["Redo","Leap+1"],"picked":"Sweeping Beam+1","floor":18},{"not_picked":["Barrage","Streamline"],"picked":"Beam Cell","floor":20},{"not_picked":["Chill","Gash"],"picked":"Buffer","floor":22},{"not_picked":["Stack","Coolheaded"],"picked":"Loop","floor":27},{"not_picked":["Consume+1","Sweeping Beam"],"picked":"Hologram+1","floor":29},{"not_picked":["Force Field","Turbo"],"picked":"Tempest","floor":31},{"not_picked":["Multi-Cast","Rainbow"],"picked":"Core Surge","floor":33},{"not_picked":["Redo","Gash+1","Melter"],"picked":"SKIP","floor":35},{"not_picked":["Streamline+1","Steam Power","Redo"],"picked":"SKIP","floor":39},{"not_picked":["Bandage Up","Apotheosis"],"picked":"Secret Weapon","floor":41},{"not_picked":["Hologram","Conserve Battery"],"picked":"Sweeping Beam+1","floor":45}],"player_experience":577646,"relics_obtained":[{"floor":7,"key":"Whetstone"},{"floor":9,"key":"Happy Flower"},{"floor":26,"key":"Ancient Tea Set"},{"floor":27,"key":"Bronze Scales"},{"floor":43,"key":"Gremlin Horn"},{"floor":48,"key":"Omamori"}],"event_choices":[{"damage_healed":0,"gold_gain":0,"player_choice":"Entered Light","damage_taken":15,"max_hp_gain":0,"max_hp_loss":0,"event_name":"Shining Light","floor":3,"gold_loss":0,"cards_upgraded":["Defend_B","Defend_B"]},{"damage_healed":0,"gold_gain":75,"player_choice":"Gather Gold","damage_taken":11,"max_hp_gain":0,"max_hp_loss":0,"event_name":"World of Goop","floor":5,"gold_loss":0},{"damage_healed":0,"gold_gain":0,"player_choice":"Upgraded","damage_taken":0,"max_hp_gain":0,"max_hp_loss":0,"event_name":"Upgrade Shrine","floor":13,"gold_loss":0,"cards_upgraded":["Dualcast"]},{"damage_healed":0,"gold_gain":0,"player_choice":"Got Potions","damage_taken":0,"max_hp_gain":0,"max_hp_loss":0,"event_name":"Lab","floor":19,"gold_loss":0},{"damage_healed":0,"gold_gain":0,"player_choice":"CARD ","damage_taken":14,"max_hp_gain":0,"max_hp_loss":0,"event_name":"Knowing Skull","floor":25,"potions_obtained":[],"gold_loss":0,"cards_obtained":["Jack Of All Trades"]},{"damage_healed":0,"gold_gain":0,"player_choice":"Ignored","damage_taken":0,"max_hp_gain":0,"max_hp_loss":0,"event_name":"Tomb of Lord Red Mask","floor":36,"gold_loss":0},{"damage_healed":0,"gold_gain":0,"player_choice":"Max HP","damage_taken":0,"max_hp_gain":0,"max_hp_loss":4,"event_name":"Winding Halls","floor":37,"gold_loss":0},{"damage_healed":0,"gold_gain":0,"player_choice":"Memory 1","damage_taken":0,"max_hp_gain":0,"max_hp_loss":0,"event_name":"SensoryStone","floor":41,"gold_loss":0}],"is_beta":false,"boss_relics":[{"not_picked":["Calling Bell","Snecko Eye"],"picked":"Ectoplasm"},{"not_picked":["White Beast Statue","Inserter"],"picked":"Empty Cage"}],"items_purged_floors":[21],"is_endless":false,"potions_floor_spawned":[4,8,11,14,27,29,31,39,45],"ascension_level":0}