{"gold_per_floor":[113,123,138,66,66,66,131,160,160,160,160,177,187,217,217,217],"floor_reached":16,"playtime":613,"items_purged":[],"score":193,"play_id":"d9d5d59f-5145-4f21-9c85-36024f5efd09","local_time":"20191008164847","is_ascension_mode":true,"campfire_choices":[{"data":"Bash","floor":6.0,"key":"SMITH"},{"floor":11.0,"key":"REST"},{"data":"Demon Form","floor":15.0,"key":"SMITH"}],"neow_cost":"TEN_PERCENT_HP_LOSS","seed_source_timestamp":1305347660838500,"circlet_count":0,"master_deck":["AscendersBane","Strike_R","Strike_R","Strike_R","Strike_R","Strike_R","Defend_R","Defend_R","Defend_R","Defend_R","Bash+1","Demon Form+1","Flame Barrier","Battle Trance","Regret","Heavy Blade","Limit Break","Ghostly Armor","Power Through","Anger"],"special_seed":0,"relics":["Burning Blood","Potion Belt","Shuriken","Happy Flower","Mercury Hourglass","PreservedInsect","Self Forming Clay"],"potions_floor_usage":[16],"damage_taken":[{"damage":15.0,"enemies":"Small Slimes","floor":1.0,"turns":4.0},{"damage":2.0,"enemies":"2 Louse","floor":2.0,"turns":3.0},{"damage":1.0,"enemies":"Jaw Worm","floor":3.0,"turns":5.0},{"damage":36.0,"enemies":"Gremlin Nob","floor":7.0,"turns":4.0},{"damage":28.0,"enemies":"3 Sentries","floor":8.0,"turns":6.0},{"damage":26.0,"enemies":"Exordium Thugs","floor":12.0,"turns":4.0},{"damage":9.0,"enemies":"3 Louse","floor":13.0,"turns":3.0},{"damage":3.0,"enemies":"Gremlin Nob","floor":14.0,"turns":3.0},{"damage":11,"enemies":"Hexaghost","floor":16,"turns":9}],"seed_played":"-5897378484914932568","potions_obtained":[{"floor":1.0,"key":"BloodPotion"},{"floor":7.0,"key":"PowerPotion"},{"floor":12.0,"key":"Weak Potion"},{"floor":13.0,"key":"PowerPotion"}],"is_trial":false,"path_per_floor":["M","M","M","$","?","R","?","E","T","?","R","M","M","E","R","B"],"character_chosen":"IRONCLAD","items_purchased":["Battle Trance"],"campfire_rested":1,"item_purchase_floors":[4],"current_hp_per_floor":[59,63,68,68,68,68,38,16,16,11,31,11,8,11,11,0],"gold":217,"neow_bonus":"THREE_RARE_CARDS","is_prod":false,"is_daily":false,"chose_seed":false,"campfire_upgraded":2,"win_rate":0,"timestamp":1570546127,"path_taken":["M","M","M","$","?","R","?","E","T","?","R","M","M","E","R","BOSS"],"build_version":"2019-10-07","purchased_purges":0,"victory":false,"max_hp_per_floor":[68,68,68,68,68,68,68,68,68,68,68,68,68,68,68,68],"card_choices":[{"not_picked":["Impervious","Brutality"],"picked":"Demon Form","floor":0.0},{"not_picked":["Rupture","Body Slam"],"picked":"Flame Barrier","floor":1.0},{"not_picked":["Havoc","Ghostly Armor","Clothesline"],"picked":"SKIP","floor":2.0},{"not_picked":["Wild Strike","Warcry","Sentinel"],"picked":"SKIP","floor":3.0},{"not_picked":["Carnage","Clash"],"picked":"Heavy Blade","floor":7.0},{"not_picked":["Clothesline","True Grit"],"picked":"Limit Break","floor":8.0},{"not_picked":["Wild Strike","Seeing Red"],"picked":"Ghostly Armor","floor":12.0},{"not_picked":["Body Slam","Armaments"],"picked":"Power Through","floor":13.0},{"not_picked":["Clothesline","Sentinel"],"picked":"Anger","floor":14.0}],"player_experience":973930,"relics_obtained":[{"floor":7.0,"key":"Shuriken"},{"floor":8.0,"key":"Happy Flower"},{"floor":9.0,"key":"Mercury Hourglass"},{"floor":14.0,"key":"Self Forming Clay"}],"event_choices":[{"damage_healed":0.0,"max_hp_gain":0.0,"max_hp_loss":0.0,"gold_gain":0.0,"event_name":"Big Fish","player_choice":"Box","floor":5.0,"gold_loss":0.0,"damage_taken":0.0,"relics_obtained":["Potion Belt"],"cards_obtained":["Regret"]},{"damage_healed":0.0,"max_hp_gain":0.0,"max_hp_loss":0.0,"gold_gain":30.0,"event_name":"Dead Adventurer","player_choice":"Searched \u00272\u0027 times","floor":7.0,"gold_loss":0.0,"damage_taken":0.0},{"damage_healed":0.0,"max_hp_gain":0.0,"max_hp_loss":0.0,"gold_gain":0.0,"event_name":"Scrap Ooze","player_choice":"Success","floor":10.0,"gold_loss":0.0,"damage_taken":18.0,"relics_obtained":["PreservedInsect"]}],"is_beta":true,"boss_relics":[],"items_purged_floors":[],"is_endless":false,"potions_floor_spawned":[1,7,12,13],"killed_by":"Hexaghost","ascension_level":15}