{"gold_per_floor":[112,187,187,206,219,219,248,248,328,328,328,359,379,389,389,493,493,506,506,516,526,323,351,351,370,370,370,386,386,586,618,618,719,719,734,734,231,248,348,348,348,348,374,393,405,439,439,439,439,439],"floor_reached":50,"playtime":2341,"items_purged":["Strike_G","Strike_G"],"score":593,"play_id":"1b9cd24f-b2c8-4d57-9c49-8952287e04b4","local_time":"20190520213629","is_ascension_mode":false,"campfire_choices":[{"data":"Dash","floor":6,"key":"SMITH"},{"data":"Neutralize","floor":8,"key":"SMITH"},{"data":"Deadly Poison","floor":10,"key":"SMITH"},{"data":"Cloak And Dagger","floor":15,"key":"SMITH"},{"data":"Blade Dance","floor":24,"key":"SMITH"},{"data":"Cloak And Dagger","floor":27,"key":"SMITH"},{"data":"Glass Knife","floor":32,"key":"SMITH"},{"floor":40,"key":"RECALL"},{"data":"Madness","floor":42,"key":"SMITH"},{"data":"PiercingWail","floor":49,"key":"SMITH"}],"neow_cost":"NONE","seed_source_timestamp":838722172981962,"circlet_count":0,"master_deck":["Defend_G","Defend_G","Defend_G","Defend_G","Strike_G","Strike_G","Survivor+1","Neutralize+1","Dagger Spray+1","Deadly Poison+1","Dash+1","PiercingWail+1","Corpse Explosion","Blade Dance+1","Cloak And Dagger+1","Glass Knife+1","PiercingWail","Well Laid Plans","Cloak And Dagger+1","Backflip","Madness+1","Madness","Flying Knee","Impatience"],"relics":["Ring of the Serpent","Vajra","Shuriken","Pantograph","Busted Crown","Dodecahedron","Bottled Lightning","Juzu Bracelet","Bag of Marbles","Pear","Ice Cream","Oddly Smooth Stone"],"potions_floor_usage":[18,50,50,50],"damage_taken":[{"damage":0,"enemies":"Jaw Worm","floor":1,"turns":4},{"damage":0,"enemies":"2 Louse","floor":4,"turns":1},{"damage":0,"enemies":"Small Slimes","floor":5,"turns":2},{"damage":17,"enemies":"3 Sentries","floor":7,"turns":7},{"damage":8,"enemies":"Gremlin Nob","floor":12,"turns":4},{"damage":3,"enemies":"Red Slaver","floor":13,"turns":4},{"damage":0,"enemies":"3 Louse","floor":14,"turns":2},{"damage":18,"enemies":"Hexaghost","floor":16,"turns":8},{"damage":3,"enemies":"Shell Parasite","floor":18,"turns":4},{"damage":10,"enemies":"Spheric Guardian","floor":20,"turns":3},{"damage":0,"enemies":"3 Cultists","floor":21,"turns":4},{"damage":15,"enemies":"Slavers","floor":23,"turns":2},{"damage":4,"enemies":"Snecko","floor":25,"turns":5},{"damage":4,"enemies":"Sentry and Sphere","floor":28,"turns":3},{"damage":0,"enemies":"Gremlin Leader","floor":31,"turns":6},{"damage":37,"enemies":"Automaton","floor":33,"turns":9},{"damage":0,"enemies":"3 Shapes","floor":35,"turns":3},{"damage":0,"enemies":"Orb Walker","floor":38,"turns":2},{"damage":0,"enemies":"Mind Bloom Boss Battle","floor":39,"turns":5},{"damage":0,"enemies":"3 Darklings","floor":44,"turns":3},{"damage":2,"enemies":"Jaw Worm Horde","floor":45,"turns":2},{"damage":23,"enemies":"Giant Head","floor":46,"turns":7},{"damage":85,"enemies":"Time Eater","floor":50,"turns":11}],"seed_played":"1281628957167699396","potions_obtained":[{"floor":13,"key":"EssenceOfSteel"},{"floor":14,"key":"SkillPotion"},{"floor":20,"key":"SteroidPotion"},{"floor":21,"key":"EssenceOfSteel"},{"floor":25,"key":"FearPotion"},{"floor":33,"key":"Block Potion"},{"floor":44,"key":"SpeedPotion"}],"is_trial":false,"path_per_floor":["M","?","?","M","M","R","E","R","T","R","?","E","M","M","R","B",null,"M","?","M","M","$","E","R","M","T","R","M","?","?","E","R","B",null,"M","?","$","M","?","R","?","R","T","M","M","E","?","?","R","B"],"character_chosen":"THE_SILENT","items_purchased":["Well Laid Plans","Cloak And Dagger","Bag of Marbles","Pear"],"campfire_rested":0,"item_purchase_floors":[22,22,37,37],"current_hp_per_floor":[77,66,51,51,51,51,34,34,34,34,34,26,23,23,23,30,77,74,74,64,64,64,49,49,45,45,45,41,41,41,41,41,29,77,77,77,87,87,87,87,76,76,76,76,74,51,51,51,51,0],"gold":439,"neow_bonus":"TEN_PERCENT_HP_BONUS","is_prod":false,"is_daily":false,"chose_seed":false,"campfire_upgraded":9,"win_rate":0,"timestamp":1558402589,"path_taken":["M","?","?","M","M","R","E","R","T","R","?","E","?","M","R","BOSS","M","?","M","?","$","E","R","M","T","R","M","?","?","E","R","BOSS","M","?","$","M","?","R","?","R","T","M","M","E","?","?","R","BOSS"],"build_version":"2019-01-23","purchased_purges":2,"victory":false,"max_hp_per_floor":[77,77,77,77,77,77,77,77,77,77,77,77,77,77,77,77,77,77,77,77,77,77,77,77,77,77,77,77,77,77,77,77,77,77,77,77,87,87,87,87,87,87,87,87,87,87,87,87,87,87],"card_choices":[{"not_picked":["Outmaneuver","Slice"],"picked":"Dagger Spray","floor":1},{"not_picked":["Tactician","Endless Agony"],"picked":"Deadly Poison","floor":4},{"not_picked":["Backflip","Riddle With Holes"],"picked":"Dash","floor":5},{"not_picked":["Finisher","Prepared"],"picked":"PiercingWail","floor":7},{"not_picked":["Setup","Cloak And Dagger"],"picked":"Corpse Explosion","floor":12},{"not_picked":["Acrobatics","Slice"],"picked":"Blade Dance","floor":13},{"not_picked":["Prepared","Slice"],"picked":"Cloak And Dagger","floor":14},{"not_picked":["Unload","Phantasmal Killer"],"picked":"Glass Knife","floor":16},{"not_picked":["All Out Attack"],"picked":"SKIP","floor":18},{"not_picked":[],"picked":"PiercingWail","floor":20},{"not_picked":["Skewer"],"picked":"SKIP","floor":21},{"not_picked":["Flying Knee+1"],"picked":"SKIP","floor":23},{"not_picked":["Dodge and Roll"],"picked":"SKIP","floor":25},{"not_picked":[],"picked":"Backflip","floor":28},{"not_picked":["Dodge and Roll"],"picked":"SKIP","floor":31},{"not_picked":["Bane"],"picked":"SKIP","floor":35},{"not_picked":["Flechettes+1"],"picked":"SKIP","floor":38},{"not_picked":["Poisoned Stab+1"],"picked":"SKIP","floor":44},{"not_picked":["Distraction"],"picked":"SKIP","floor":45},{"not_picked":["Flying Knee"],"picked":"SKIP","floor":46},{"not_picked":[],"picked":"Flying Knee","floor":46},{"not_picked":[],"picked":"Impatience","floor":47}],"player_experience":918658,"relics_obtained":[{"floor":7,"key":"Vajra"},{"floor":9,"key":"Shuriken"},{"floor":12,"key":"Pantograph"},{"floor":23,"key":"Dodecahedron"},{"floor":26,"key":"Bottled Lightning"},{"floor":31,"key":"Juzu Bracelet"},{"floor":39,"key":"Ice Cream"},{"floor":46,"key":"Oddly Smooth Stone"}],"event_choices":[{"damage_healed":0,"gold_gain":75,"player_choice":"Gather Gold","damage_taken":11,"max_hp_gain":0,"max_hp_loss":0,"event_name":"World of Goop","floor":2,"gold_loss":0},{"damage_healed":0,"gold_gain":0,"player_choice":"Entered Light","damage_taken":15,"max_hp_gain":0,"max_hp_loss":0,"event_name":"Shining Light","floor":3,"gold_loss":0,"cards_upgraded":["Dagger Spray","Survivor"]},{"cards_removed":["Strike_G"],"damage_healed":0,"gold_gain":0,"player_choice":"Forget","damage_taken":0,"max_hp_gain":0,"max_hp_loss":0,"event_name":"Living Wall","floor":11,"gold_loss":0},{"damage_healed":0,"gold_gain":0,"player_choice":"Ignored","damage_taken":0,"max_hp_gain":0,"max_hp_loss":0,"event_name":"NoteForYourself","floor":19,"gold_loss":0},{"damage_healed":0,"gold_gain":0,"player_choice":"Ignored","damage_taken":0,"max_hp_gain":0,"max_hp_loss":0,"event_name":"Vampires","floor":29,"gold_loss":0},{"damage_healed":0,"gold_gain":200,"player_choice":"Gold","damage_taken":0,"max_hp_gain":0,"max_hp_loss":0,"event_name":"Wheel of Change","floor":30,"gold_loss":0},{"cards_removed":["Defend_G"],"damage_healed":0,"gold_gain":0,"player_choice":"Removed Skill","damage_taken":0,"max_hp_gain":0,"max_hp_loss":0,"event_name":"Falling","floor":36,"gold_loss":0},{"damage_healed":0,"gold_gain":0,"player_choice":"Fight","damage_taken":0,"max_hp_gain":0,"max_hp_loss":0,"event_name":"MindBloom","floor":39,"gold_loss":0},{"damage_healed":0,"gold_gain":0,"player_choice":"Embrace Madness","damage_taken":11,"max_hp_gain":0,"max_hp_loss":0,"event_name":"Winding Halls","floor":41,"gold_loss":0,"cards_obtained":["Madness","Madness"]},{"damage_healed":0,"gold_gain":0,"player_choice":"Memory 1","damage_taken":0,"max_hp_gain":0,"max_hp_loss":0,"event_name":"SensoryStone","floor":47,"gold_loss":0},{"damage_healed":0,"gold_gain":0,"player_choice":"Ignored","damage_taken":0,"max_hp_gain":0,"max_hp_loss":0,"event_name":"Tomb of Lord Red Mask","floor":48,"gold_loss":0}],"is_beta":false,"boss_relics":[{"not_picked":["Snecko Eye","Empty Cage"],"picked":"Busted Crown"},{"not_picked":["Calling Bell","Pandora\u0027s Box"],"picked":"Ring of the Serpent"}],"items_purged_floors":[22,37],"is_endless":false,"potions_floor_spawned":[13,14,20,21,25,33,39,44],"killed_by":"Time Eater","ascension_level":0}