{"gold_per_floor":[213,213,231,76,76,110,128,128,128,150,192,222,234,258,270,381,393,423,278,278,278,278,305,305,322,322,339,339,353,368,382,382,485,485,498,598,609,312,328,328,362,362,362,362,362],"floor_reached":45,"playtime":2160,"items_purged":["Regret"],"score":475,"play_id":"9f2cebe5-8eb8-41ce-a71f-5c1ad9a7ca65","local_time":"20190205211412","is_ascension_mode":false,"campfire_choices":[{"data":"Body Slam","floor":8.0,"key":"SMITH"},{"data":"Cleave","floor":13.0,"key":"SMITH"},{"data":"Bash","floor":15.0,"key":"SMITH"},{"floor":24.0,"key":"REST"},{"data":"Sword Boomerang","floor":28,"key":"SMITH"},{"floor":32,"key":"REST"},{"data":"Sword Boomerang","floor":40,"key":"SMITH"},{"data":"Strike_R","floor":42,"key":"PURGE"},{"floor":44,"key":"REST"}],"neow_cost":"NONE","seed_source_timestamp":1299879393120615,"circlet_count":0,"master_deck":["Strike_R","Strike_R","Defend_R","Defend_R","Defend_R","Defend_R","Bash+1","Sword Boomerang+1","Sword Boomerang+1","Hemokinesis+1","Headbutt","Body Slam+1","Cleave+1","Disarm","Offering","Inflame","Necronomicurse","Rupture+1","Power Through+1","True Grit+1","Anger+1","Limit Break+1","Dropkick+1","True Grit+1","Sentinel+1"],"special_seed":0,"relics":["Burning Blood","Ornamental Fan","StoneCalendar","MawBank","Shuriken","Sozu","Bag of Marbles","Necronomicon","Toxic Egg 2","Molten Egg 2","Empty Cage","Shovel","Unceasing Top","Peace Pipe"],"potions_floor_usage":[],"damage_taken":[{"damage":2.0,"enemies":"Small Slimes","floor":1.0,"turns":4.0},{"damage":8.0,"enemies":"2 Louse","floor":3.0,"turns":2.0},{"damage":4.0,"enemies":"Gremlin Nob","floor":6.0,"turns":3.0},{"damage":2.0,"enemies":"Cultist","floor":7.0,"turns":2.0},{"damage":6.0,"enemies":"Gremlin Gang","floor":10.0,"turns":4.0},{"damage":17.0,"enemies":"3 Sentries","floor":11.0,"turns":5.0},{"damage":6.0,"enemies":"Lots of Slimes","floor":12.0,"turns":3.0},{"damage":8.0,"enemies":"3 Louse","floor":14.0,"turns":3.0},{"damage":44.0,"enemies":"Hexaghost","floor":16.0,"turns":6.0},{"damage":2.0,"enemies":"3 Byrds","floor":18.0,"turns":4.0},{"damage":15.0,"enemies":"Colosseum Slavers","floor":21.0,"turns":3.0},{"damage":35.0,"enemies":"Book of Stabbing","floor":23.0,"turns":5.0},{"damage":9,"enemies":"Shell Parasite","floor":25,"turns":3},{"damage":7,"enemies":"Cultist and Chosen","floor":27,"turns":5},{"damage":10,"enemies":"3 Cultists","floor":29,"turns":4},{"damage":8,"enemies":"Chosen and Byrds","floor":30,"turns":4},{"damage":36,"enemies":"Cultist and Chosen","floor":31,"turns":6},{"damage":27,"enemies":"Champ","floor":33,"turns":7},{"damage":1,"enemies":"Orb Walker","floor":35,"turns":3},{"damage":12,"enemies":"Mind Bloom Boss Battle","floor":36,"turns":6},{"damage":24,"enemies":"3 Darklings","floor":37,"turns":7},{"damage":10,"enemies":"Maw","floor":39,"turns":6},{"damage":37,"enemies":"Reptomancer","floor":41,"turns":6},{"damage":49,"enemies":"Writhing Mass","floor":45,"turns":3}],"seed_played":"-4784030843345713995","potions_obtained":[{"floor":6.0,"key":"Ancient Potion"},{"floor":7.0,"key":"Explosive Potion"},{"floor":10.0,"key":"Poison Potion"},{"floor":16.0,"key":"SpeedPotion"}],"is_trial":false,"path_per_floor":["M","?","M","$","?","E","M","R","T","M","E","M","R","M","R","B",null,"M","$","?","?","$","E","R","M","T","M","R","M","M","M","R","B",null,"M","?","M","$","M","R","E","R","T","R","M"],"character_chosen":"IRONCLAD","items_purchased":["Hemokinesis","Bag of Marbles","Unceasing Top"],"campfire_rested":3,"item_purchase_floors":[4,19,38],"current_hp_per_floor":[80,80,78,78,78,80,80,80,80,80,69,69,69,67,67,29,80,80,80,64,55,55,26,50,47,47,46,46,42,40,10,34,13,80,80,74,56,56,52,52,21,21,21,45,0],"gold":362,"neow_bonus":"HUNDRED_GOLD","is_prod":false,"is_daily":false,"chose_seed":false,"campfire_upgraded":5,"win_rate":0,"timestamp":1549419252,"path_taken":["M","?","M","$","?","E","?","R","T","M","E","?","R","M","R","BOSS","M","?","?","?","$","E","R","M","T","?","R","M","M","M","R","BOSS","M","?","M","$","M","R","E","R","T","R","M"],"build_version":"2019-01-23","purchased_purges":1,"victory":false,"max_hp_per_floor":[80,80,80,80,80,80,80,80,80,80,80,80,80,80,80,80,80,80,80,80,80,80,80,80,80,80,80,80,80,80,80,80,80,80,80,80,80,80,80,80,80,80,80,80,80],"card_choices":[{"not_picked":["True Grit","Combust"],"picked":"Sword Boomerang","floor":1.0},{"not_picked":["Sentinel","Twin Strike"],"picked":"Sword Boomerang","floor":3.0},{"not_picked":["Blood for Blood","Corruption"],"picked":"Headbutt","floor":6.0},{"not_picked":["Perfected Strike","Rampage"],"picked":"Body Slam","floor":7.0},{"not_picked":["Blood for Blood","Barricade"],"picked":"Cleave","floor":10.0},{"not_picked":["Body Slam","Sword Boomerang"],"picked":"Disarm","floor":11.0},{"not_picked":["Headbutt","Clash","Flame Barrier"],"picked":"SKIP","floor":12.0},{"not_picked":["Sword Boomerang","Clothesline","Havoc"],"picked":"SKIP","floor":14.0},{"not_picked":["Berserk","Exhume"],"picked":"Offering","floor":16.0},{"not_picked":["Heavy Blade","Flex"],"picked":"Inflame","floor":18.0},{"not_picked":["Shrug It Off+1","Clash"],"picked":"Rupture+1","floor":23.0},{"not_picked":["True Grit+1","Sever Soul"],"picked":"Power Through+1","floor":25},{"not_picked":["Disarm+1","Shrug It Off+1"],"picked":"True Grit+1","floor":27},{"not_picked":["Body Slam+1","Cleave+1"],"picked":"Anger+1","floor":29},{"not_picked":["Pommel Strike+1","Corruption","Clothesline+1"],"picked":"SKIP","floor":30},{"not_picked":["Body Slam+1","Wild Strike+1","Spot Weakness+1"],"picked":"SKIP","floor":31},{"not_picked":["Bludgeon+1","Juggernaut"],"picked":"Limit Break+1","floor":33},{"not_picked":["Spot Weakness+1","Clash+1","Sever Soul+1"],"picked":"SKIP","floor":35},{"not_picked":["Twin Strike+1","Shockwave+1"],"picked":"Dropkick+1","floor":36},{"not_picked":["Clash+1","Warcry+1","Headbutt+1"],"picked":"SKIP","floor":37},{"not_picked":["Dropkick+1","Pommel Strike+1"],"picked":"True Grit+1","floor":39},{"not_picked":["Havoc+1","Clothesline+1"],"picked":"Sentinel+1","floor":41}],"player_experience":658263,"relics_obtained":[{"floor":6.0,"key":"StoneCalendar"},{"floor":9.0,"key":"MawBank"},{"floor":11.0,"key":"Shuriken"},{"floor":20.0,"key":"Necronomicon"},{"floor":23.0,"key":"Toxic Egg 2"},{"floor":26,"key":"Molten Egg 2"},{"floor":36,"key":"Shovel"},{"floor":41,"key":"Peace Pipe"}],"event_choices":[{"damage_healed":0.0,"max_hp_gain":0.0,"max_hp_loss":0.0,"gold_gain":0.0,"event_name":"Big Fish","player_choice":"Box","floor":2.0,"gold_loss":0.0,"damage_taken":0.0,"relics_obtained":["Ornamental Fan"],"cards_obtained":["Regret"]},{"damage_healed":0.0,"max_hp_gain":0.0,"max_hp_loss":0.0,"gold_gain":0.0,"event_name":"Upgrade Shrine","player_choice":"Upgraded","floor":5.0,"gold_loss":0.0,"damage_taken":0.0,"cards_upgraded":["Hemokinesis"]},{"damage_healed":0.0,"max_hp_gain":0.0,"max_hp_loss":0.0,"gold_gain":0.0,"event_name":"Cursed Tome","player_choice":"Obtained Book","floor":20.0,"gold_loss":0.0,"damage_taken":16.0},{"damage_healed":0.0,"max_hp_gain":0.0,"max_hp_loss":0.0,"gold_gain":0.0,"event_name":"Colosseum","player_choice":"Fight","floor":21.0,"gold_loss":0.0,"damage_taken":0.0},{"damage_healed":0.0,"max_hp_gain":0.0,"max_hp_loss":0.0,"gold_gain":0.0,"event_name":"Colosseum","player_choice":"Fled From Nobs","floor":21.0,"gold_loss":0.0,"damage_taken":0.0},{"damage_healed":0,"gold_gain":0,"player_choice":"Fight","damage_taken":0,"max_hp_gain":0,"max_hp_loss":0,"event_name":"MindBloom","floor":36,"gold_loss":0}],"is_beta":false,"boss_relics":[{"not_picked":["Cursed Key","Philosopher\u0027s Stone"],"picked":"Sozu"},{"not_picked":["Eternal Feather","White Beast Statue"],"picked":"Empty Cage"}],"items_purged_floors":[4],"is_endless":false,"potions_floor_spawned":[6,7,10,14,16,18,25,27,30,39],"killed_by":"Writhing Mass","ascension_level":0}