{"gold_per_floor":[361,16,28,28,28,58,58,92,92,92,121,121,134,134,134,207,207,223,203,223,246,246,246,275,275,325,325],"floor_reached":27,"playtime":931,"items_purged":[],"score":429,"play_id":"00ff5587-2b44-4d6e-84f9-36c409204e04","local_time":"20190726183831","is_ascension_mode":true,"campfire_choices":[{"data":"Immolate","floor":7.0,"key":"SMITH"},{"data":"Uppercut","floor":10.0,"key":"SMITH"},{"data":"Shockwave","floor":15.0,"key":"SMITH"},{"data":"Flame Barrier","floor":23,"key":"SMITH"}],"neow_cost":"TEN_PERCENT_HP_LOSS","seed_source_timestamp":1329750355347635,"circlet_count":0,"master_deck":["AscendersBane","Strike_R","Strike_R","Defend_R","Defend_R","Defend_R","Defend_R","Bash","Immolate+1","Iron Wave","Thunderclap","Uppercut+1","Metallicize","Shockwave+1","Offering","Entrench+1","Thunderclap+1","Fire Breathing+1","Wild Strike","Flame Barrier+1"],"special_seed":0,"relics":["Burning Blood","Medical Kit","Torii","Pen Nib","Mango","Question Card","Ornamental Fan","Astrolabe","Strawberry","Blood Vial","Prayer Wheel"],"potions_floor_usage":[],"damage_taken":[{"damage":1.0,"enemies":"Cultist","floor":1.0,"turns":4.0},{"damage":2.0,"enemies":"2 Louse","floor":3.0,"turns":3.0},{"damage":27.0,"enemies":"Gremlin Nob","floor":6.0,"turns":4.0},{"damage":37.0,"enemies":"Lagavulin","floor":8.0,"turns":6.0},{"damage":19.0,"enemies":"Gremlin Nob","floor":11.0,"turns":4.0},{"damage":0.0,"enemies":"Small Slimes","floor":13.0,"turns":3.0},{"damage":8.0,"enemies":"Hexaghost","floor":16.0,"turns":10.0},{"damage":13,"enemies":"3 Byrds","floor":18,"turns":4},{"damage":17,"enemies":"Chosen","floor":20,"turns":6},{"damage":40,"enemies":"Slavers","floor":24,"turns":5},{"damage":41,"enemies":"Book of Stabbing","floor":27,"turns":6}],"seed_played":"-3331782550877792999","potions_obtained":[{"floor":1.0,"key":"Poison Potion"},{"floor":8.0,"key":"AttackPotion"},{"floor":13.0,"key":"SpeedPotion"},{"floor":19,"key":"Ancient Potion"}],"is_trial":false,"path_per_floor":["M","$","M","$","?","E","R","E","T","R","E","?","M","?","R","B",null,"M","?","M","T","?","R","E","T","T","E"],"character_chosen":"IRONCLAD","items_purchased":["Immolate","Medical Kit"],"campfire_rested":0,"item_purchase_floors":[2,2],"current_hp_per_floor":[68,68,68,68,68,47,47,16,30,30,17,12,18,23,23,21,71,64,64,53,60,60,60,26,26,26,0],"gold":325,"neow_bonus":"TWO_FIFTY_GOLD","is_prod":false,"is_daily":false,"chose_seed":false,"campfire_upgraded":4,"win_rate":0,"timestamp":1564159111,"path_taken":["M","$","M","$","?","E","R","E","T","R","E","?","M","?","R","BOSS","M","?","?","?","?","R","E","?","T","E"],"build_version":"2019-07-17","purchased_purges":0,"victory":false,"max_hp_per_floor":[68,68,68,68,68,68,68,68,82,82,82,82,82,87,87,87,87,87,87,87,94,94,94,94,94,94,94],"card_choices":[{"not_picked":["Combust","Rage","Wild Strike"],"picked":"SKIP","floor":1.0},{"not_picked":["Dropkick","Sever Soul"],"picked":"Iron Wave","floor":3.0},{"not_picked":["Flex","Anger"],"picked":"Thunderclap","floor":6.0},{"not_picked":["Bloodletting","Pummel"],"picked":"Uppercut","floor":8.0},{"not_picked":["Twin Strike","Armaments"],"picked":"Metallicize","floor":11.0},{"not_picked":["Clash","Offering","Headbutt"],"picked":"Shockwave","floor":13.0},{"not_picked":["Limit Break","Berserk","Impervious"],"picked":"Offering","floor":16.0},{"not_picked":["Carnage","Pommel Strike","Twin Strike"],"picked":"Wild Strike","floor":18},{"not_picked":["Carnage","Warcry","Inflame"],"picked":"Flame Barrier","floor":20},{"not_picked":["Armaments","Inflame","Searing Blow","Flex"],"picked":"SKIP","floor":24}],"player_experience":696354,"relics_obtained":[{"floor":6.0,"key":"Torii"},{"floor":8.0,"key":"Pen Nib"},{"floor":9.0,"key":"Mango"},{"floor":11.0,"key":"Question Card"},{"floor":21,"key":"Strawberry"},{"floor":24,"key":"Blood Vial"},{"floor":25,"key":"Prayer Wheel"}],"event_choices":[{"damage_healed":0.0,"max_hp_gain":0.0,"max_hp_loss":0.0,"gold_gain":0.0,"event_name":"Liars Game","player_choice":"Ignored","floor":5.0,"gold_loss":0.0,"damage_taken":0.0},{"damage_healed":0.0,"max_hp_gain":0.0,"max_hp_loss":0.0,"gold_gain":0.0,"event_name":"Scrap Ooze","player_choice":"Success","floor":12.0,"gold_loss":0.0,"damage_taken":5.0,"relics_obtained":["Ornamental Fan"]},{"damage_healed":0.0,"max_hp_gain":5.0,"max_hp_loss":0.0,"gold_gain":0.0,"event_name":"Big Fish","player_choice":"Donut","floor":14.0,"gold_loss":0.0,"damage_taken":0.0},{"damage_healed":0,"gold_gain":0,"player_choice":"Bought 1 Potion","damage_taken":0,"max_hp_gain":0,"max_hp_loss":0,"event_name":"The Woman in Blue","floor":19,"gold_loss":0},{"damage_healed":0,"gold_gain":0,"player_choice":"Ignored","damage_taken":0,"max_hp_gain":0,"max_hp_loss":0,"event_name":"Ghosts","floor":22,"gold_loss":0}],"is_beta":false,"boss_relics":[{"not_picked":["Lizard Tail","White Beast Statue"],"picked":"Astrolabe"}],"items_purged_floors":[],"is_endless":false,"potions_floor_spawned":[1,8,13,20,24],"killed_by":"Book of Stabbing","ascension_level":15}