{"gold_per_floor":[117,117,128,53,5,5,38,53,53,53,79,6,6,25,25,101,101,112,92,8,8,22,57,57,91,91,103,103],"floor_reached":28,"playtime":1191,"items_purged":[],"score":506,"play_id":"5d395cf5-614b-49d4-9c75-e28a68ea3b79","local_time":"20190919184013","is_ascension_mode":true,"campfire_choices":[{"data":"Bash","floor":6,"key":"SMITH"},{"data":"Twin Strike","floor":10,"key":"SMITH"},{"data":"Disarm","floor":15,"key":"SMITH"}],"neow_cost":"NONE","seed_source_timestamp":585495870710200,"circlet_count":0,"master_deck":["AscendersBane","Strike_R","Strike_R","Strike_R+1","Strike_R+1","Defend_R","Defend_R","Defend_R","Defend_R","Bash+1","Disarm+1","Twin Strike+1","Feel No Pain","Anger+1","Battle Trance+1","Shrug It Off+1","Bludgeon","Dual Wield+1","Fire Breathing","True Grit+1","Writhe","Ghostly Armor+1","Metallicize","Shrug It Off+1","Shrug It Off+1"],"relics":["Burning Blood","NeowsBlessing","Unceasing Top","Toxic Egg 2","Juzu Bracelet","SacredBark","Matryoshka","Regal Pillow","Ornamental Fan","Omamori","Eternal Feather"],"potions_floor_usage":[14,19,22],"damage_taken":[{"damage":0,"enemies":"Cultist","floor":1,"turns":1},{"damage":0,"enemies":"Small Slimes","floor":3,"turns":1},{"damage":0,"enemies":"Lagavulin","floor":7,"turns":1},{"damage":2,"enemies":"Jaw Worm","floor":8,"turns":3},{"damage":23,"enemies":"3 Sentries","floor":11,"turns":11},{"damage":2,"enemies":"Blue Slaver","floor":14,"turns":3},{"damage":12,"enemies":"Slime Boss","floor":16,"turns":10},{"damage":36,"enemies":"2 Thieves","floor":18,"turns":4},{"damage":8,"enemies":"Spheric Guardian","floor":22,"turns":5},{"damage":56,"enemies":"Gremlin Leader","floor":23,"turns":14},{"damage":39,"enemies":"Book of Stabbing","floor":25,"turns":7},{"damage":39,"enemies":"Snake Plant","floor":27,"turns":5},{"damage":29,"enemies":"Slavers","floor":28,"turns":1}],"seed_played":"3033244690439156243","potions_obtained":[{"floor":8,"key":"BloodPotion"},{"floor":14,"key":"SpeedPotion"},{"floor":19,"key":"FairyPotion"}],"is_trial":false,"path_per_floor":["M","?","M","?","$","R","E","M","T","R","E","$","?","M","R","B",null,"M","?","$","?","M","E","$","E","T","M","E"],"character_chosen":"IRONCLAD","items_purchased":["Block Potion","Battle Trance+1","Fire Breathing","True Grit+1"],"campfire_rested":0,"item_purchase_floors":[5,12,20,20],"current_hp_per_floor":[74,51,57,57,57,57,63,67,67,67,50,50,50,54,54,48,68,38,75,75,75,73,23,23,51,51,18,0],"gold":103,"neow_bonus":"THREE_ENEMY_KILL","is_prod":false,"is_daily":false,"chose_seed":false,"campfire_upgraded":3,"win_rate":0,"timestamp":1568911213,"path_taken":["M","?","M","?","$","R","E","M","T","R","E","$","?","M","R","BOSS","M","?","?","?","M","E","$","E","T","M","E"],"build_version":"2019-09-18","purchased_purges":0,"victory":false,"max_hp_per_floor":[75,75,75,75,75,75,75,75,75,75,75,75,75,75,75,75,75,75,75,75,75,75,75,75,75,75,75,75],"card_choices":[{"not_picked":["Cleave","Bloodletting"],"picked":"Disarm","floor":1},{"not_picked":["Sword Boomerang","Perfected Strike"],"picked":"Twin Strike","floor":3},{"not_picked":["Flex","Burning Pact"],"picked":"Feel No Pain","floor":7},{"not_picked":["Heavy Blade","Sword Boomerang","Armaments"],"picked":"SKIP","floor":8},{"not_picked":["Pommel Strike","Carnage"],"picked":"Anger","floor":11},{"not_picked":["Clash","True Grit+1"],"picked":"Shrug It Off+1","floor":14},{"not_picked":["Offering+1","Demon Form"],"picked":"Bludgeon","floor":16},{"not_picked":["Headbutt","Pommel Strike"],"picked":"Dual Wield+1","floor":18},{"not_picked":["Clothesline","Rage+1"],"picked":"Ghostly Armor+1","floor":22},{"not_picked":["Intimidate+1","Perfected Strike"],"picked":"Metallicize","floor":23},{"not_picked":["Clash","Entrench+1"],"picked":"Shrug It Off+1","floor":25},{"not_picked":["Intimidate+1","Clothesline"],"picked":"Shrug It Off+1","floor":27}],"player_experience":882113,"relics_obtained":[{"floor":7,"key":"Unceasing Top"},{"floor":9,"key":"Toxic Egg 2"},{"floor":11,"key":"Juzu Bracelet"},{"floor":23,"key":"Regal Pillow"},{"floor":25,"key":"Ornamental Fan"},{"floor":26,"key":"Omamori"},{"floor":26,"key":"Eternal Feather"}],"event_choices":[{"damage_healed":0,"gold_gain":0,"player_choice":"Entered Light","damage_taken":23,"max_hp_gain":0,"max_hp_loss":0,"event_name":"Shining Light","floor":2,"gold_loss":0,"cards_upgraded":["Strike_R","Strike_R"]},{"cards_removed":["Strike_R"],"damage_healed":0,"gold_gain":0,"player_choice":"Card Removal","damage_taken":0,"max_hp_gain":0,"max_hp_loss":0,"event_name":"The Cleric","floor":4,"gold_loss":75},{"damage_healed":0,"gold_gain":0,"player_choice":"Grow","damage_taken":0,"max_hp_gain":0,"max_hp_loss":0,"event_name":"Living Wall","floor":13,"gold_loss":0,"cards_upgraded":["Anger"]},{"damage_healed":0,"gold_gain":0,"player_choice":"Bought 1 Potion","damage_taken":0,"max_hp_gain":0,"max_hp_loss":0,"event_name":"The Woman in Blue","floor":19,"gold_loss":0},{"damage_healed":0,"gold_gain":0,"player_choice":"Opened","damage_taken":0,"relics_obtained":["Matryoshka"],"max_hp_gain":0,"max_hp_loss":0,"event_name":"The Mausoleum","floor":21,"gold_loss":0,"cards_obtained":["Writhe"]}],"is_beta":true,"boss_relics":[{"not_picked":["Runic Pyramid","Tiny House"],"picked":"SacredBark"}],"items_purged_floors":[],"is_endless":false,"potions_floor_spawned":[8,11,14],"killed_by":"Slavers","ascension_level":15}