{"gold_per_floor":[112,112,112,123,48,48,74,85,135,135,152,152,180,200,200,277,277,293,218,232,232,250,250,269,269,269,279,279,304,304,316,316,316],"floor_reached":33,"playtime":2068,"items_purged":["Strike_G"],"score":540,"play_id":"e4ff6417-55a2-4cc0-b0cb-08042d0ab3cc","local_time":"20190711224750","is_ascension_mode":true,"campfire_choices":[{"data":"Predator","floor":6.0,"key":"SMITH"},{"floor":10.0,"key":"REST"},{"data":"Caltrops","floor":15.0,"key":"SMITH"},{"floor":23.0,"key":"REST"},{"data":"Deflect","floor":25.0,"key":"SMITH"},{"floor":28,"key":"REST"},{"floor":30,"key":"REST"},{"data":"Bouncing Flask","floor":32,"key":"SMITH"}],"neow_cost":"NONE","seed_source_timestamp":979888463318566,"circlet_count":0,"master_deck":["AscendersBane","Survivor","Neutralize+1","Predator+1","Caltrops+1","Endless Agony","Blade Dance","Dagger Spray","Deadly Poison","PiercingWail","Glass Knife","Sucker Punch","Skewer","Quick Slash","Malaise","Choke","Bouncing Flask+1","Malaise","PiercingWail","Deflect+1","Backflip","Leg Sweep+1","Heel Hook"],"special_seed":0,"relics":["Ring of the Snake","Ninja Scroll","Boot","Centennial Puzzle","Paper Crane","Strawberry","Pandora\u0027s Box","Sundial","Potion Belt"],"potions_floor_usage":[33,33,33],"damage_taken":[{"damage":9.0,"enemies":"Small Slimes","floor":1.0,"turns":8.0},{"damage":0.0,"enemies":"Jaw Worm","floor":4.0,"turns":3.0},{"damage":25.0,"enemies":"3 Sentries","floor":7.0,"turns":9.0},{"damage":0.0,"enemies":"Cultist","floor":8.0,"turns":2.0},{"damage":0.0,"enemies":"Blue Slaver","floor":11.0,"turns":2.0},{"damage":2.0,"enemies":"Lagavulin","floor":13.0,"turns":4.0},{"damage":10.0,"enemies":"Exordium Wildlife","floor":14.0,"turns":2.0},{"damage":12.0,"enemies":"The Guardian","floor":16.0,"turns":11.0},{"damage":13.0,"enemies":"2 Thieves","floor":18.0,"turns":4.0},{"damage":0.0,"enemies":"3 Byrds","floor":20.0,"turns":3.0},{"damage":9.0,"enemies":"Snake Plant","floor":22.0,"turns":4.0},{"damage":14.0,"enemies":"Centurion and Healer","floor":24.0,"turns":7.0},{"damage":23,"enemies":"Cultist and Chosen","floor":27,"turns":5},{"damage":16,"enemies":"Gremlin Leader","floor":29,"turns":10},{"damage":7,"enemies":"Snake Plant","floor":31,"turns":4},{"damage":52,"enemies":"Champ","floor":33,"turns":13}],"seed_played":"-6777995480631176743","potions_obtained":[{"floor":1.0,"key":"Block Potion"},{"floor":11.0,"key":"Block Potion"},{"floor":14.0,"key":"Dexterity Potion"},{"floor":16.0,"key":"AttackPotion"},{"floor":22.0,"key":"SteroidPotion"},{"floor":29,"key":"FearPotion"}],"is_trial":false,"path_per_floor":["M","?","T","M","$","R","E","M","T","R","M","?","E","M","R","B",null,"M","?","M","?","M","R","M","R","T","M","R","E","R","M","R","B"],"character_chosen":"THE_SILENT","items_purchased":[],"campfire_rested":4,"item_purchase_floors":[],"current_hp_per_floor":[56,49,49,49,49,49,24,24,24,45,45,40,45,35,35,23,65,52,52,52,52,43,66,52,52,52,29,52,36,59,52,52,0],"gold":316,"neow_bonus":"TEN_PERCENT_HP_BONUS","is_prod":false,"is_daily":false,"chose_seed":false,"campfire_upgraded":4,"win_rate":0,"timestamp":1562899670,"path_taken":["M","?","?","?","$","R","E","M","T","R","M","?","E","M","R","BOSS","M","?","M","?","M","R","M","R","T","M","R","E","R","M","R","BOSS"],"build_version":"2019-07-05","purchased_purges":1,"victory":false,"max_hp_per_floor":[72,72,72,72,72,72,72,72,72,72,72,72,79,79,79,79,79,79,79,79,79,79,79,79,79,79,79,79,79,79,79,79,79],"card_choices":[{"not_picked":["Cloak And Dagger","Outmaneuver"],"picked":"Predator","floor":1.0},{"not_picked":["Flying Knee","Backflip"],"picked":"Caltrops","floor":4.0},{"not_picked":["Riddle With Holes","Prepared"],"picked":"Endless Agony","floor":7.0},{"not_picked":["Poisoned Stab","Dagger Throw"],"picked":"Blade Dance","floor":8.0},{"not_picked":["Outmaneuver","Backflip"],"picked":"Dagger Spray","floor":11.0},{"not_picked":["Concentrate","Backflip"],"picked":"Deadly Poison","floor":13.0},{"not_picked":["Blade Dance","Quick Slash"],"picked":"PiercingWail","floor":14.0},{"not_picked":["Grand Finale","Night Terror"],"picked":"Glass Knife","floor":16.0},{"not_picked":["Distraction","Flechettes"],"picked":"PiercingWail","floor":18.0},{"not_picked":["Blade Dance","Outmaneuver","Expertise"],"picked":"SKIP","floor":20.0},{"not_picked":["Slice","Dash","Deadly Poison+1"],"picked":"SKIP","floor":22.0},{"not_picked":["Sucker Punch","Blade Dance"],"picked":"Deflect","floor":24.0},{"not_picked":["Cloak And Dagger+1","Bane"],"picked":"Backflip","floor":27},{"not_picked":["Unload","Escape Plan"],"picked":"Leg Sweep+1","floor":29},{"not_picked":["Flechettes+1","Slice"],"picked":"Heel Hook","floor":31}],"player_experience":1129190,"relics_obtained":[{"floor":3.0,"key":"Ninja Scroll"},{"floor":7.0,"key":"Boot"},{"floor":9.0,"key":"Centennial Puzzle"},{"floor":13.0,"key":"Strawberry"},{"floor":26.0,"key":"Sundial"},{"floor":29,"key":"Potion Belt"}],"event_choices":[{"cards_removed":["Strike_G"],"damage_healed":0.0,"max_hp_gain":0.0,"max_hp_loss":0.0,"gold_gain":0.0,"event_name":"Golden Wing","player_choice":"Card Removal","floor":2.0,"gold_loss":0.0,"damage_taken":7.0},{"damage_healed":0.0,"max_hp_gain":0.0,"max_hp_loss":0.0,"gold_gain":0.0,"event_name":"Scrap Ooze","player_choice":"Success","floor":12.0,"gold_loss":0.0,"damage_taken":5.0,"relics_obtained":["Paper Crane"]},{"cards_removed":["Setup"],"damage_healed":0.0,"max_hp_gain":0.0,"max_hp_loss":0.0,"gold_gain":0.0,"event_name":"Beggar","player_choice":"Gave Gold","floor":19.0,"gold_loss":75.0,"damage_taken":0.0},{"damage_healed":0.0,"max_hp_gain":0.0,"max_hp_loss":0.0,"gold_gain":0.0,"event_name":"Upgrade Shrine","player_choice":"Upgraded","floor":21.0,"gold_loss":0.0,"damage_taken":0.0,"cards_upgraded":["Neutralize"]}],"is_beta":false,"boss_relics":[{"not_picked":["Calling Bell","White Beast Statue"],"picked":"Pandora\u0027s Box"}],"items_purged_floors":[5],"is_endless":false,"potions_floor_spawned":[1,11,14,16,22,27,29],"killed_by":"Champ","ascension_level":19}