{"gold_per_floor":[114,189,20,30,45,45,45,75,75,3,34,48,48,65,65,162,162,146,165,18,34,45,76,76,86,86,50,63,97,97,110,110,213,213,223,278,292,292,302,302,331,351,351,351,376,376,35,49,49,49,49,49,49,77,77],"floor_reached":56,"playtime":3209,"items_purged":["Strike_G"],"score":1334,"play_id":"b543ad01-ccd5-4367-bb3d-cc3135aca0f0","local_time":"20190926212038","is_ascension_mode":false,"campfire_choices":[{"data":"Neutralize","floor":6.0,"key":"SMITH"},{"data":"Footwork","floor":13.0,"key":"SMITH"},{"data":"Cloak And Dagger","floor":15.0,"key":"SMITH"},{"data":"A Thousand Cuts","floor":30,"key":"SMITH"},{"floor":32,"key":"REST"},{"floor":40,"key":"RECALL"},{"floor":46,"key":"REST"},{"floor":49,"key":"REST"},{"data":"Caltrops","floor":52,"key":"SMITH"}],"neow_cost":"NONE","seed_source_timestamp":1103012798884180,"circlet_count":0,"master_deck":["Survivor","Neutralize+1","Heel Hook","Dagger Spray","Footwork+1","Backflip","Cloak And Dagger+1","Malaise","Crippling Poison","Dodge and Roll","Poisoned Stab","Endless Agony","Blade Dance","A Thousand Cuts+1","Blade Dance+1","Leg Sweep+1","Infinite Blades","PiercingWail","Poisoned Stab","Footwork","Caltrops+1","After Image","Dagger Spray","Crippling Poison","Venomology","Backflip","Poisoned Stab","Deflect","Glass Knife","Flechettes","Acrobatics+1","Blur+1","Noxious Fumes+1","PiercingWail+1","After Image","Dodge and Roll"],"special_seed":0,"relics":["Ring of the Snake","Mummified Hand","Ancient Tea Set","Shuriken","Sozu","Blue Candle","FossilizedHelix","Mercury Hourglass","Pandora\u0027s Box","Calipers","Pocketwatch","Pear","DollysMirror","Oddly Smooth Stone","Bottled Lightning"],"potions_floor_usage":[55,55,55],"damage_taken":[{"damage":2.0,"enemies":"Small Slimes","floor":1.0,"turns":4.0},{"damage":1.0,"enemies":"Cultist","floor":4.0,"turns":3.0},{"damage":0.0,"enemies":"Jaw Worm","floor":5.0,"turns":5.0},{"damage":8.0,"enemies":"3 Sentries","floor":8.0,"turns":7.0},{"damage":20.0,"enemies":"Gremlin Nob","floor":11.0,"turns":5.0},{"damage":0.0,"enemies":"Red Slaver","floor":12.0,"turns":3.0},{"damage":0.0,"enemies":"Exordium Wildlife","floor":14.0,"turns":2.0},{"damage":9.0,"enemies":"The Guardian","floor":16.0,"turns":9.0},{"damage":11,"enemies":"2 Thieves","floor":18,"turns":4},{"damage":0,"enemies":"Chosen","floor":19,"turns":5},{"damage":8,"enemies":"Snecko","floor":21,"turns":4},{"damage":0,"enemies":"Shelled Parasite and Fungi","floor":22,"turns":5},{"damage":18,"enemies":"Book of Stabbing","floor":23,"turns":6},{"damage":0,"enemies":"Chosen and Byrds","floor":25,"turns":6},{"damage":0,"enemies":"Cultist and Chosen","floor":28,"turns":4},{"damage":7,"enemies":"Gremlin Leader","floor":29,"turns":6},{"damage":0,"enemies":"Shelled Parasite and Fungi","floor":31,"turns":4},{"damage":0,"enemies":"Collector","floor":33,"turns":7},{"damage":0,"enemies":"Orb Walker","floor":35,"turns":3},{"damage":16,"enemies":"2 Orb Walkers","floor":36,"turns":4},{"damage":0,"enemies":"3 Darklings","floor":37,"turns":4},{"damage":0,"enemies":"4 Shapes","floor":39,"turns":3},{"damage":19,"enemies":"Reptomancer","floor":41,"turns":7},{"damage":0,"enemies":"Sphere and 2 Shapes","floor":42,"turns":5},{"damage":23,"enemies":"Nemesis","floor":45,"turns":7},{"damage":0,"enemies":"Jaw Worm Horde","floor":48,"turns":2},{"damage":0,"enemies":"Awakened One","floor":50,"turns":11},{"damage":16,"enemies":"Shield and Spear","floor":54,"turns":7},{"damage":17,"enemies":"The Heart","floor":55,"turns":10}],"seed_played":"5337080079946472587","potions_obtained":[{"floor":1.0,"key":"Regen Potion"},{"floor":4.0,"key":"Regen Potion"},{"floor":8.0,"key":"Block Potion"}],"is_trial":false,"path_per_floor":["M","?","$","M","M","R","?","E","T","$","E","M","R","M","R","B",null,"M","M","$","M","M","E","?","M","T","$","M","E","R","M","R","B",null,"M","?","M","?","M","R","E","M","T","?","E","R","$","M","R","B",null,"R","$","E","B",null],"character_chosen":"THE_SILENT","items_purchased":["Footwork","Backflip","Dagger Spray","Dodge and Roll","Poisoned Stab","Infinite Blades","Footwork","DollysMirror","Oddly Smooth Stone"],"campfire_rested":3,"item_purchase_floors":[3,3,3,10,10,20,27,47,47],"current_hp_per_floor":[68,57,57,56,56,56,56,48,48,48,28,28,28,28,28,19,70,59,59,59,51,51,33,33,33,33,33,33,26,26,26,47,47,70,70,54,54,54,54,54,35,35,35,35,22,44,44,44,66,66,76,76,76,60,76],"gold":77,"neow_bonus":"THREE_CARDS","is_prod":false,"is_daily":false,"chose_seed":false,"campfire_upgraded":5,"win_rate":0,"timestamp":1569547238,"path_taken":["M","?","$","M","M","R","?","E","T","$","E","M","R","M","R","BOSS","M","M","$","M","?","E","?","?","T","?","M","E","R","M","R","BOSS","M","?","M","?","M","R","E","M","T","?","E","R","$","M","R","BOSS","R","$","E","BOSS"],"build_version":"2019-07-17","purchased_purges":1,"victory":true,"max_hp_per_floor":[70,70,70,70,70,70,70,70,70,70,70,70,70,70,70,70,70,70,70,70,70,70,70,70,70,70,70,70,70,70,70,70,70,70,70,70,70,70,70,70,70,70,70,66,76,76,76,76,76,76,76,76,76,76,76],"card_choices":[{"not_picked":["Acrobatics","Bane"],"picked":"Heel Hook","floor":0.0},{"not_picked":["Skewer","Choke"],"picked":"Dagger Spray","floor":1.0},{"not_picked":["Acrobatics","Dodge and Roll"],"picked":"Cloak And Dagger","floor":4.0},{"not_picked":["Deflect","Slice"],"picked":"Malaise","floor":5.0},{"not_picked":["Glass Knife","Bouncing Flask"],"picked":"Crippling Poison","floor":8.0},{"not_picked":["Crippling Poison","Backflip"],"picked":"Endless Agony","floor":11.0},{"not_picked":["Choke","Poisoned Stab"],"picked":"Blade Dance","floor":12.0},{"not_picked":["Tactician","Acrobatics","Distraction"],"picked":"SKIP","floor":14.0},{"not_picked":["Wraith Form v2","Malaise"],"picked":"A Thousand Cuts","floor":16.0},{"not_picked":["Leg Sweep","Heel Hook"],"picked":"Blade Dance+1","floor":18},{"not_picked":["Prepared+1","Poisoned Stab"],"picked":"Leg Sweep+1","floor":19},{"not_picked":["Bane+1","Poisoned Stab","Quick Slash+1"],"picked":"SKIP","floor":21},{"not_picked":["Heel Hook","Quick Slash","Bane"],"picked":"SKIP","floor":22},{"not_picked":["Venomology","Bane+1"],"picked":"PiercingWail","floor":23},{"not_picked":["Backflip","Dagger Throw+1","Night Terror"],"picked":"SKIP","floor":25},{"not_picked":["Crippling Poison","Outmaneuver","Bane"],"picked":"SKIP","floor":28},{"not_picked":["Predator+1","Heel Hook"],"picked":"Caltrops","floor":29},{"not_picked":["Distraction","Deadly Poison","Riddle With Holes"],"picked":"SKIP","floor":31},{"not_picked":["Glass Knife","A Thousand Cuts"],"picked":"After Image","floor":33},{"not_picked":["Outmaneuver+1","Skewer"],"picked":"Acrobatics+1","floor":35},{"not_picked":["Dodge and Roll","Backflip"],"picked":"Blur+1","floor":36},{"not_picked":["Calculated Gamble+1","Flying Knee+1"],"picked":"Noxious Fumes+1","floor":37},{"not_picked":["Predator+1","Slice","Noxious Fumes+1"],"picked":"SKIP","floor":39},{"not_picked":["Outmaneuver+1","Dagger Throw","Crippling Poison+1"],"picked":"SKIP","floor":41},{"not_picked":["Catalyst+1","Quick Slash+1"],"picked":"PiercingWail+1","floor":42},{"not_picked":["Eviscerate","Dash","Heel Hook+1"],"picked":"SKIP","floor":45},{"not_picked":["Dagger Spray","Eviscerate+1"],"picked":"Dodge and Roll","floor":48},{"not_picked":["Prepared+1","Poisoned Stab+1","Dagger Spray"],"picked":"SKIP","floor":54}],"player_experience":1314365,"relics_obtained":[{"floor":8.0,"key":"Mummified Hand"},{"floor":9.0,"key":"Ancient Tea Set"},{"floor":11.0,"key":"Shuriken"},{"floor":23,"key":"Blue Candle"},{"floor":26,"key":"FossilizedHelix"},{"floor":29,"key":"Mercury Hourglass"},{"floor":36,"key":"Calipers"},{"floor":41,"key":"Pocketwatch"},{"floor":45,"key":"Pear"},{"floor":54,"key":"Bottled Lightning"}],"event_choices":[{"damage_healed":0.0,"max_hp_gain":0.0,"max_hp_loss":0.0,"gold_gain":75.0,"event_name":"World of Goop","player_choice":"Gather Gold","floor":2.0,"gold_loss":0.0,"damage_taken":11.0},{"damage_healed":0.0,"max_hp_gain":0.0,"max_hp_loss":0.0,"gold_gain":0.0,"event_name":"NoteForYourself","player_choice":"Ignored","floor":7.0,"gold_loss":0.0,"damage_taken":0.0},{"damage_healed":0,"gold_gain":0,"cards_transformed":["Strike_G"],"player_choice":"Transformed","damage_taken":0,"max_hp_gain":0,"max_hp_loss":0,"event_name":"Transmorgrifier","floor":24,"gold_loss":0,"cards_obtained":["Poisoned Stab"]},{"damage_healed":0,"gold_gain":0,"player_choice":"Fight","damage_taken":0,"max_hp_gain":0,"max_hp_loss":0,"event_name":"Mysterious Sphere","floor":36,"gold_loss":0},{"cards_removed":["Dagger Spray"],"damage_healed":0,"gold_gain":0,"player_choice":"Removed Attack","damage_taken":0,"max_hp_gain":0,"max_hp_loss":0,"event_name":"Falling","floor":38,"gold_loss":0},{"damage_healed":0,"gold_gain":0,"player_choice":"Max HP","damage_taken":0,"max_hp_gain":0,"max_hp_loss":4,"event_name":"Winding Halls","floor":44,"gold_loss":0}],"is_beta":false,"boss_relics":[{"not_picked":["Philosopher\u0027s Stone","Calling Bell"],"picked":"Sozu"},{"not_picked":["Lizard Tail","Velvet Choker"],"picked":"Pandora\u0027s Box"}],"items_purged_floors":[20],"is_endless":false,"potions_floor_spawned":[1,4,8,12,19,22,23,25,28,29,35,39,41],"ascension_level":0}