{"gold_per_floor":[119,119,22,22,22,22,38,38,85,85,100,139,154,174,174,304,304,294,314,413,426,22,22,66,66,66,107,14,29,29,44,44,165,165,188,22,22,22,22,65,65,65,65,65,398,398,413,413,413,413],"floor_reached":51,"playtime":3461,"items_purged":["Strike_R","Strike_R"],"score":709,"play_id":"698ca6e1-a2b0-47ed-80aa-2bdb7fae640d","local_time":"20181007002639","is_ascension_mode":false,"campfire_choices":[{"data":"Flex","floor":6.0,"key":"SMITH"},{"data":"Rampage","floor":8.0,"key":"SMITH"},{"data":"Shrug It Off","floor":10.0,"key":"SMITH"},{"data":"Flex","floor":15.0,"key":"SMITH"},{"floor":23,"key":"REST"},{"floor":25,"key":"REST"},{"data":"Shockwave","floor":32,"key":"SMITH"},{"floor":41,"key":"REST"},{"data":"Limit Break","floor":44,"key":"SMITH"},{"data":"Uppercut","floor":46,"key":"SMITH"},{"data":"Disarm","floor":49,"key":"SMITH"}],"neow_cost":"NONE","seed_source_timestamp":255633560223748,"circlet_count":0,"master_deck":["Strike_R","Strike_R","Strike_R","Defend_R","Defend_R","Defend_R","Defend_R","Shrug It Off+1","Flex+1","Pommel Strike","Rampage+1","Flex+1","Disarm+1","Sword Boomerang","Limit Break+1","Blood for Blood+1","Reaper","Uppercut+1","Shockwave+1","Metallicize","Thunderclap","True Grit+1","Dark Embrace","Cleave+1","Madness","Madness","Parasite","Battle Trance+1","Shrug It Off+1"],"special_seed":0,"relics":["Burning Blood","CultistMask","Orichalcum","Oddly Smooth Stone","Black Star","Regal Pillow","Pen Nib","Juzu Bracelet","Self Forming Clay","The Courier","Mummified Hand","Cursed Key","Lee\u0027s Waffle","Girya","Ice Cream","Prayer Wheel","Blood Vial"],"potions_floor_usage":[21,50,50,50],"damage_taken":[{"damage":0.0,"enemies":"2 Louse","floor":1.0,"turns":2.0},{"damage":0.0,"enemies":"Cultist","floor":7.0,"turns":2.0},{"damage":1.0,"enemies":"Jaw Worm","floor":11.0,"turns":3.0},{"damage":12.0,"enemies":"3 Sentries","floor":12.0,"turns":7.0},{"damage":0.0,"enemies":"3 Louse","floor":13.0,"turns":4.0},{"damage":4.0,"enemies":"Exordium Thugs","floor":14.0,"turns":5.0},{"damage":38.0,"enemies":"The Guardian","floor":16.0,"turns":9.0},{"damage":14.0,"enemies":"2 Thieves","floor":18.0,"turns":4.0},{"damage":8.0,"enemies":"Shell Parasite","floor":19.0,"turns":6.0},{"damage":56,"enemies":"3 Cultists","floor":21,"turns":8},{"damage":62,"enemies":"Slavers","floor":24,"turns":9},{"damage":36,"enemies":"Book of Stabbing","floor":27,"turns":7},{"damage":8,"enemies":"Centurion and Healer","floor":29,"turns":6},{"damage":15,"enemies":"Snake Plant","floor":31,"turns":2},{"damage":42,"enemies":"Automaton","floor":33,"turns":10},{"damage":25,"enemies":"3 Darklings","floor":35,"turns":5},{"damage":1,"enemies":"Mind Bloom Boss Battle","floor":37,"turns":4},{"damage":53,"enemies":"Giant Head","floor":40,"turns":9},{"damage":7,"enemies":"Orb Walker","floor":47,"turns":3},{"damage":24,"enemies":"Awakened One","floor":50,"turns":9}],"seed_played":"6785962799956237607","potions_obtained":[{"floor":1.0,"key":"EssenceOfSteel"},{"floor":4.0,"key":"Ancient Potion"},{"floor":4.0,"key":"SkillPotion"},{"floor":7.0,"key":"Dexterity Potion"},{"floor":29,"key":"SteroidPotion"}],"is_trial":false,"path_per_floor":["M","?","$","?","?","R","M","R","T","R","M","E","M","M","R","B",null,"M","M","?","M","$","R","E","R","T","E","$","M","?","M","R","B",null,"M","$","?","?","?","E","R","?","T","R","?","R","M","?","R","B"],"character_chosen":"IRONCLAD","items_purchased":["Pommel Strike","Regal Pillow","Reaper","Metallicize","Block Potion","Lee\u0027s Waffle"],"campfire_rested":3,"item_purchase_floors":[3,22,22,28,28,36],"current_hp_per_floor":[80,80,80,80,60,60,66,66,66,66,71,65,71,73,73,41,80,72,70,70,20,20,59,24,63,63,37,37,78,78,69,69,45,80,63,87,87,76,76,41,82,82,82,82,82,82,83,83,83,67],"gold":413,"neow_bonus":"THREE_CARDS","is_prod":false,"is_daily":false,"chose_seed":false,"campfire_upgraded":8,"win_rate":0,"timestamp":1538886399,"path_taken":["M","?","$","?","?","R","?","R","T","R","M","E","M","M","R","BOSS","M","M","?","?","$","R","E","R","T","E","$","M","?","M","R","BOSS","M","$","?","?","?","E","R","?","T","R","?","R","M","?","R","BOSS"],"build_version":"2018-10-04v2","purchased_purges":2,"victory":true,"max_hp_per_floor":[80,80,80,80,80,80,80,80,80,80,80,80,80,80,80,80,80,80,80,80,80,80,80,80,80,80,80,80,80,80,80,80,80,80,80,87,87,87,87,87,87,87,87,87,87,87,87,87,87,87],"card_choices":[{"not_picked":["Burning Pact","Sentinel"],"picked":"Shrug It Off","floor":0.0},{"not_picked":["Second Wind","Clash"],"picked":"Flex","floor":1.0},{"not_picked":["Flex","Impervious"],"picked":"Rampage","floor":7.0},{"not_picked":["Armaments","Blood for Blood"],"picked":"Flex","floor":11.0},{"not_picked":["Corruption","Fiend Fire"],"picked":"Disarm","floor":12.0},{"not_picked":["Body Slam","Feel No Pain"],"picked":"Sword Boomerang","floor":13.0},{"not_picked":["Searing Blow","Anger","Evolve"],"picked":"SKIP","floor":14.0},{"not_picked":["Exhume","Fiend Fire"],"picked":"Limit Break","floor":16.0},{"not_picked":["Reckless Charge","Body Slam","True Grit"],"picked":"SKIP","floor":18.0},{"not_picked":["Clothesline","Carnage","Dropkick"],"picked":"SKIP","floor":19.0},{"not_picked":["Anger","Bloodletting"],"picked":"Blood for Blood+1","floor":21},{"not_picked":["Clash","Warcry"],"picked":"Uppercut","floor":24},{"not_picked":["True Grit","Rupture"],"picked":"Shockwave","floor":27},{"not_picked":["Feed","Anger"],"picked":"Thunderclap","floor":29},{"not_picked":["Flame Barrier","Havoc"],"picked":"True Grit+1","floor":31},{"not_picked":["Reaper","Impervious"],"picked":"Dark Embrace","floor":33},{"not_picked":["Havoc","Twin Strike+1"],"picked":"Cleave+1","floor":35},{"not_picked":["Rupture+1","Fiend Fire","True Grit"],"picked":"SKIP","floor":40},{"not_picked":["Iron Wave+1","Armaments"],"picked":"Battle Trance+1","floor":47},{"not_picked":["Headbutt+1","Clothesline+1"],"picked":"Shrug It Off+1","floor":47}],"player_experience":493289,"relics_obtained":[{"floor":9.0,"key":"Orichalcum"},{"floor":12.0,"key":"Oddly Smooth Stone"},{"floor":24,"key":"Pen Nib"},{"floor":24,"key":"Juzu Bracelet"},{"floor":26,"key":"Self Forming Clay"},{"floor":27,"key":"The Courier"},{"floor":27,"key":"Mummified Hand"},{"floor":37,"key":"Girya"},{"floor":40,"key":"Ice Cream"},{"floor":40,"key":"Prayer Wheel"},{"floor":43,"key":"Blood Vial"}],"event_choices":[{"event_name":"FaceTrader","player_choice":"Trade","floor":2.0,"damage_taken":0.0},{"event_name":"The Lab","player_choice":"Got Potions","floor":4.0,"damage_taken":0.0},{"event_name":"Golden Idol","player_choice":"Take Damage","floor":5.0,"damage_taken":0.0},{"event_name":"Nest","player_choice":"Stole From Cult","floor":20.0,"damage_taken":0.0},{"event_name":"Vampires","player_choice":"Ignored","floor":30,"damage_taken":0},{"event_name":"MindBloom","player_choice":"Fight","floor":37,"damage_taken":0},{"event_name":"Winding Halls","player_choice":"Embrace Madness","floor":38,"damage_taken":0},{"event_name":"SensoryStone","player_choice":"Memory 1","floor":39,"damage_taken":0},{"event_name":"Mysterious Sphere","player_choice":"Ignore","floor":42,"damage_taken":0},{"event_name":"The Moai Head","player_choice":"Gave Idol","floor":45,"damage_taken":0},{"event_name":"Falling","player_choice":"Removed Attack","floor":48,"damage_taken":0}],"is_beta":false,"boss_relics":[{"not_picked":["Snecko Eye","Runic Pyramid"],"picked":"Black Star"},{"not_picked":["Pandora\u0027s Box","Runic Cube"],"picked":"Cursed Key"}],"items_purged_floors":[3,22],"is_endless":false,"potions_floor_spawned":[1,7,11,16,19,29,31,33,35],"ascension_level":0}