{"gold_per_floor":[115,131,144,99,112,112,141,158,158,174,174,192,192,202,202,300,300,311,325,325,340,87,87,87],"floor_reached":24,"playtime":995,"items_purged":[],"score":202,"play_id":"652e191f-dcbb-4e4f-b964-d149644f04a2","local_time":"20190210195947","is_ascension_mode":false,"campfire_choices":[{"data":"Sweeping Beam","floor":6,"key":"SMITH"},{"data":"Sunder","floor":11,"key":"SMITH"},{"data":"Buffer","floor":15,"key":"SMITH"},{"floor":23,"key":"REST"}],"neow_cost":"PERCENT_DAMAGE","seed_source_timestamp":1728604778010950,"circlet_count":0,"master_deck":["Strike_B","Strike_B","Strike_B","Strike_B","Defend_B","Defend_B","Defend_B","Zap","Dualcast","Buffer+1","Melter","Sunder+1","Stack","Conserve Battery","Sweeping Beam+1","Defragment","Steam","Turbo","Rip and Tear","Biased Cognition","Steam","Reinforced Body+1","Defragment"],"relics":["Cracked Core","Omamori","Inserter","Symbiotic Virus"],"potions_floor_usage":[],"damage_taken":[{"damage":0,"enemies":"Cultist","floor":1,"turns":4},{"damage":0,"enemies":"Small Slimes","floor":2,"turns":2},{"damage":1,"enemies":"Jaw Worm","floor":3,"turns":3},{"damage":2,"enemies":"Blue Slaver","floor":5,"turns":4},{"damage":14,"enemies":"Gremlin Nob","floor":7,"turns":4},{"damage":1,"enemies":"Red Slaver","floor":8,"turns":2},{"damage":3,"enemies":"Exordium Thugs","floor":10,"turns":4},{"damage":0,"enemies":"Exordium Wildlife","floor":12,"turns":2},{"damage":0,"enemies":"Large Slime","floor":14,"turns":4},{"damage":11,"enemies":"Slime Boss","floor":16,"turns":8},{"damage":23,"enemies":"2 Thieves","floor":18,"turns":4},{"damage":16,"enemies":"3 Byrds","floor":19,"turns":5},{"damage":34,"enemies":"3 Cultists","floor":21,"turns":6},{"damage":24,"enemies":"Cultist and Chosen","floor":24,"turns":6}],"seed_played":"-3461473142991152232","potions_obtained":[{"floor":5,"key":"FearPotion"},{"floor":7,"key":"Regen Potion"},{"floor":8,"key":"SteroidPotion"},{"floor":14,"key":"SpeedPotion"}],"is_trial":false,"path_per_floor":["M","M","M","$","M","R","E","M","T","M","R","M","?","M","R","B",null,"M","M","?","M","$","R","M"],"character_chosen":"DEFECT","items_purchased":["Conserve Battery","Symbiotic Virus"],"campfire_rested":1,"item_purchase_floors":[4,22],"current_hp_per_floor":[54,54,53,53,51,51,37,36,36,33,33,33,33,33,33,22,75,52,36,36,2,2,24,0],"gold":87,"neow_bonus":"THREE_RARE_CARDS","is_prod":false,"is_daily":false,"chose_seed":false,"campfire_upgraded":3,"win_rate":0,"timestamp":1549846787,"path_taken":["M","M","?","$","M","R","E","M","T","M","R","M","?","M","R","BOSS","M","?","?","M","$","R","M"],"build_version":"2019-01-23","purchased_purges":0,"victory":false,"max_hp_per_floor":[75,75,75,75,75,75,75,75,75,75,75,75,75,75,75,75,75,75,75,75,75,75,75,75],"card_choices":[{"not_picked":["Meteor Strike","Seek"],"picked":"Buffer","floor":0},{"not_picked":["Stack","Gash"],"picked":"Melter","floor":1},{"not_picked":["Consume","Hologram"],"picked":"Sunder","floor":2},{"not_picked":["Storm","Barrage"],"picked":"Stack","floor":3},{"not_picked":["Hologram","Cold Snap"],"picked":"Sweeping Beam","floor":5},{"not_picked":["Barrage","Storm","Chaos"],"picked":"SKIP","floor":7},{"not_picked":["Coolheaded","Streamline"],"picked":"Defragment","floor":8},{"not_picked":["Barrage","Stack"],"picked":"Steam","floor":10},{"not_picked":["Cold Snap","Machine Learning"],"picked":"Turbo","floor":12},{"not_picked":["Aggregate","Leap"],"picked":"Rip and Tear","floor":14},{"not_picked":["All For One","Thunder Strike"],"picked":"Biased Cognition","floor":16},{"not_picked":["Hologram","Compile Driver"],"picked":"Steam","floor":18},{"not_picked":["Loop+1","Skim"],"picked":"Reinforced Body+1","floor":19},{"not_picked":["Coolheaded","Stack"],"picked":"Defragment","floor":21}],"player_experience":677572,"relics_obtained":[{"floor":7,"key":"Omamori"}],"event_choices":[{"cards_removed":["Defend_B"],"damage_healed":0,"gold_gain":0,"player_choice":"Offered Basic","damage_taken":0,"max_hp_gain":0,"max_hp_loss":0,"event_name":"Bonfire Elementals","floor":13,"gold_loss":0},{"damage_healed":0,"gold_gain":0,"player_choice":"Smashed Altar","damage_taken":0,"max_hp_gain":0,"max_hp_loss":0,"event_name":"Forgotten Altar","floor":20,"gold_loss":0,"cards_obtained":["Decay"]}],"is_beta":false,"boss_relics":[{"not_picked":["Coffee Dripper","Eternal Feather"],"picked":"Inserter"}],"items_purged_floors":[],"is_endless":false,"potions_floor_spawned":[5,7,8,14,19],"killed_by":"Cultist and Chosen","ascension_level":0}