{"gold_per_floor":[118,42,59,59,76,76,95,122,122,122,149,167,182,197,197,197],"floor_reached":16,"playtime":771,"items_purged":[],"score":228,"play_id":"2df978b5-0ac8-4d98-abc9-211d34e46a39","local_time":"20190609230414","is_ascension_mode":true,"campfire_choices":[{"data":"Sucker Punch","floor":6.0,"key":"SMITH"},{"floor":10.0,"key":"REST"},{"data":"Noxious Fumes","floor":15.0,"key":"SMITH"}],"neow_cost":"NONE","seed_source_timestamp":780271195862566,"circlet_count":0,"master_deck":["AscendersBane","Defend_G","Defend_G","Defend_G","Defend_G","Defend_G","Strike_G","Strike_G","Strike_G","Strike_G","Strike_G","Survivor","Neutralize","Sucker Punch+1","Dash","Pain","Caltrops","Dagger Spray","Noxious Fumes+1","Blur","Cloak And Dagger"],"special_seed":0,"relics":["Ring of the Snake","NeowsBlessing","WarpedTongs","Letter Opener","Meat on the Bone","Question Card"],"potions_floor_usage":[],"damage_taken":[{"damage":0.0,"enemies":"2 Louse","floor":1.0,"turns":1.0},{"damage":0.0,"enemies":"Cultist","floor":3.0,"turns":1.0},{"damage":0.0,"enemies":"Small Slimes","floor":5.0,"turns":1.0},{"damage":8.0,"enemies":"Exordium Thugs","floor":7.0,"turns":5.0},{"damage":27.0,"enemies":"Lagavulin","floor":8.0,"turns":10.0},{"damage":28.0,"enemies":"Gremlin Nob","floor":11.0,"turns":4.0},{"damage":19.0,"enemies":"Exordium Wildlife","floor":12.0,"turns":4.0},{"damage":14.0,"enemies":"Large Slime","floor":13.0,"turns":7.0},{"damage":3.0,"enemies":"Gremlin Gang","floor":14.0,"turns":5.0},{"damage":27,"enemies":"The Guardian","floor":16,"turns":4}],"seed_played":"-6350030071800829299","potions_obtained":[{"floor":3.0,"key":"AttackPotion"},{"floor":7.0,"key":"Weak Potion"},{"floor":12.0,"key":"SteroidPotion"},{"floor":14.0,"key":"Fire Potion"}],"is_trial":false,"path_per_floor":["M","$","M","?","M","R","M","E","T","R","E","M","M","M","R","B"],"character_chosen":"THE_SILENT","items_purchased":["Dash"],"campfire_rested":1,"item_purchase_floors":[2],"current_hp_per_floor":[59,59,59,59,59,59,51,24,24,43,27,20,18,27,27,0],"gold":197,"neow_bonus":"THREE_ENEMY_KILL","is_prod":false,"is_daily":false,"chose_seed":false,"campfire_upgraded":2,"win_rate":0,"timestamp":1560114254,"path_taken":["M","$","M","?","M","R","M","E","T","R","E","M","M","?","R","BOSS"],"build_version":"2019-01-23","purchased_purges":0,"victory":false,"max_hp_per_floor":[66,66,66,66,66,66,66,66,66,66,66,66,66,66,66,66],"card_choices":[{"not_picked":["Bane","Dagger Throw"],"picked":"Sucker Punch","floor":1.0},{"not_picked":["All Out Attack","Flying Knee","Underhanded Strike"],"picked":"SKIP","floor":3.0},{"not_picked":["PiercingWail","Masterful Stab"],"picked":"Caltrops","floor":5.0},{"not_picked":["Venomology","Blade Dance"],"picked":"Dagger Spray","floor":7.0},{"not_picked":["Deflect","Acrobatics"],"picked":"Noxious Fumes","floor":8.0},{"not_picked":["Dagger Throw","Cloak And Dagger"],"picked":"Blur","floor":11.0},{"not_picked":["Bane","Dagger Spray","Acrobatics"],"picked":"Cloak And Dagger","floor":12.0},{"not_picked":["Distraction","Flying Knee","Acrobatics","Setup"],"picked":"SKIP","floor":13.0},{"not_picked":["Concentrate","Infinite Blades","Blade Dance","Flechettes"],"picked":"SKIP","floor":14.0}],"player_experience":490825,"relics_obtained":[{"floor":8.0,"key":"Letter Opener"},{"floor":9.0,"key":"Meat on the Bone"},{"floor":11.0,"key":"Question Card"}],"event_choices":[{"damage_healed":0.0,"max_hp_gain":0.0,"max_hp_loss":0.0,"gold_gain":0.0,"event_name":"Accursed Blacksmith","player_choice":"Rummage","floor":4.0,"gold_loss":0.0,"damage_taken":0.0,"relics_obtained":["WarpedTongs"],"cards_obtained":["Pain"]}],"is_beta":false,"boss_relics":[],"items_purged_floors":[],"is_endless":false,"potions_floor_spawned":[3,7,8,12,14],"killed_by":"The Guardian","ascension_level":20}