{"gold_per_floor":[114,39,39,58,58,78,111,111,111,111,136,136],"floor_reached":12,"playtime":461,"items_purged":[],"score":151,"play_id":"87b59565-4297-4900-8b5d-cf1c50da5a74","local_time":"20190603184944","is_ascension_mode":true,"campfire_choices":[{"data":"Bash","floor":8,"key":"SMITH"},{"floor":10,"key":"REST"}],"neow_cost":"NONE","seed_source_timestamp":247032323377392,"circlet_count":0,"master_deck":["AscendersBane","Strike_R","Strike_R","Strike_R","Defend_R","Defend_R","Defend_R","Defend_R","Bash+1","Intimidate","True Grit","Ghostly Armor","Clothesline","Offering"],"relics":["Burning Blood","Unceasing Top","Bottled Lightning","Art of War"],"potions_floor_usage":[],"damage_taken":[{"damage":9,"enemies":"2 Louse","floor":1,"turns":4},{"damage":5,"enemies":"Small Slimes","floor":4,"turns":4},{"damage":11,"enemies":"Jaw Worm","floor":6,"turns":6},{"damage":33,"enemies":"3 Sentries","floor":7,"turns":16},{"damage":48,"enemies":"Gremlin Nob","floor":11,"turns":5},{"damage":8,"enemies":"Blue Slaver","floor":12,"turns":2}],"seed_played":"-829608264287456399","potions_obtained":[{"floor":1,"key":"SteroidPotion"},{"floor":11,"key":"Fire Potion"}],"is_trial":false,"path_per_floor":["M","?","$","M","?","M","E","R","T","R","E","M"],"character_chosen":"IRONCLAD","items_purchased":[],"campfire_rested":1,"item_purchase_floors":[],"current_hp_per_floor":[65,65,65,66,59,54,27,27,27,49,7,0],"gold":136,"neow_bonus":"THREE_CARDS","is_prod":false,"is_daily":false,"chose_seed":false,"campfire_upgraded":1,"win_rate":0,"timestamp":1559580584,"path_taken":["M","?","$","M","?","M","E","R","T","R","E","M"],"build_version":"2019-01-23","purchased_purges":0,"victory":false,"max_hp_per_floor":[75,75,75,75,75,75,75,75,75,75,75,75],"card_choices":[{"not_picked":["Iron Wave","Wild Strike"],"picked":"Intimidate","floor":0},{"not_picked":["Second Wind","Clash"],"picked":"True Grit","floor":1},{"not_picked":["True Grit","Bloodletting"],"picked":"Ghostly Armor","floor":4},{"not_picked":["Warcry","Power Through","Second Wind"],"picked":"SKIP","floor":6},{"not_picked":["Corruption","Flex"],"picked":"Clothesline","floor":7},{"not_picked":["Havoc","Clothesline"],"picked":"Offering","floor":11}],"player_experience":444610,"relics_obtained":[{"floor":7,"key":"Unceasing Top"},{"floor":9,"key":"Bottled Lightning"},{"floor":11,"key":"Art of War"}],"event_choices":[{"cards_removed":["Strike_R"],"damage_healed":0,"gold_gain":0,"player_choice":"Card Removal","damage_taken":0,"max_hp_gain":0,"max_hp_loss":0,"event_name":"The Cleric","floor":2,"gold_loss":75},{"cards_removed":["Strike_R"],"damage_healed":0,"gold_gain":0,"player_choice":"Card Removal","damage_taken":7,"max_hp_gain":0,"max_hp_loss":0,"event_name":"Golden Wing","floor":5,"gold_loss":0}],"is_beta":false,"boss_relics":[],"items_purged_floors":[],"is_endless":false,"potions_floor_spawned":[1,11],"killed_by":"Blue Slaver","ascension_level":15}