{"gold_per_floor":[115,190,190,340,19,53,53,53,53,69,69,82,109,122,122,193,193,209,134,151,162,162],"floor_reached":22,"playtime":826,"items_purged":["Strike_R"],"score":471,"play_id":"1aca9547-fac6-4094-99b7-1692f54a5d3e","local_time":"20190916185452","is_ascension_mode":true,"campfire_choices":[{"data":"Whirlwind","floor":7,"key":"SMITH"},{"data":"Bash","floor":11,"key":"SMITH"},{"data":"Fire Breathing","floor":15,"key":"SMITH"}],"neow_cost":"NONE","seed_source_timestamp":327519722110100,"circlet_count":0,"master_deck":["AscendersBane","Strike_R","Strike_R","Strike_R","Defend_R","Defend_R","Defend_R","Defend_R","Bash+1","Pommel Strike","Doubt","Fire Breathing+1","Whirlwind+1","Carnage","Inflame","Disarm","Limit Break","CurseOfTheBell","Flame Barrier","Shockwave","Uppercut+1"],"relics":["Burning Blood","NeowsBlessing","OrangePellets","Gambling Chip","Centennial Puzzle","Letter Opener","Calling Bell","PreservedInsect","Singing Bowl","Unceasing Top"],"potions_floor_usage":[5,21,22],"damage_taken":[{"damage":0,"enemies":"Small Slimes","floor":1,"turns":1},{"damage":0,"enemies":"3 Sentries","floor":6,"turns":1},{"damage":0,"enemies":"2 Louse","floor":10,"turns":1},{"damage":0,"enemies":"Jaw Worm","floor":12,"turns":3},{"damage":32,"enemies":"Gremlin Nob","floor":13,"turns":4},{"damage":12,"enemies":"Looter","floor":14,"turns":3},{"damage":0,"enemies":"Slime Boss","floor":16,"turns":6},{"damage":6,"enemies":"Chosen","floor":18,"turns":5},{"damage":27,"enemies":"2 Thieves","floor":20,"turns":3},{"damage":67,"enemies":"Shelled Parasite and Fungi","floor":21,"turns":12},{"damage":21,"enemies":"Snake Plant","floor":22,"turns":2}],"seed_played":"8585483765188918325","potions_obtained":[{"floor":12,"key":"Ancient Potion"},{"floor":13,"key":"SpeedPotion"},{"floor":14,"key":"BloodPotion"},{"floor":21,"key":"Regen Potion"}],"is_trial":false,"path_per_floor":["M","?","?","?","$","E","R","$","T","M","R","M","E","M","R","B",null,"M","$","M","M","M"],"character_chosen":"IRONCLAD","items_purchased":["Fire Breathing","OrangePellets","Fruit Juice"],"campfire_rested":0,"item_purchase_floors":[5,5,5],"current_hp_per_floor":[74,63,56,56,61,67,67,67,67,73,73,79,53,47,47,53,73,73,73,52,11,0],"gold":162,"neow_bonus":"THREE_ENEMY_KILL","is_prod":false,"is_daily":false,"chose_seed":false,"campfire_upgraded":3,"win_rate":0,"timestamp":1568652892,"path_taken":["M","?","?","?","$","E","R","?","T","M","R","M","E","M","R","BOSS","M","$","M","M","M"],"build_version":"2019-09-12","purchased_purges":1,"victory":false,"max_hp_per_floor":[75,75,75,75,80,80,80,80,80,80,80,80,80,80,80,80,80,80,80,80,80,80],"card_choices":[{"not_picked":["Perfected Strike","Sever Soul"],"picked":"Pommel Strike","floor":1},{"not_picked":["Cleave","Uppercut"],"picked":"Whirlwind","floor":6},{"not_picked":["Thunderclap","Havoc"],"picked":"Carnage","floor":10},{"not_picked":["Whirlwind","Reaper"],"picked":"Inflame","floor":12},{"not_picked":["Wild Strike","Uppercut"],"picked":"Disarm","floor":13},{"not_picked":["Perfected Strike","Clash","Rupture"],"picked":"SKIP","floor":14},{"not_picked":["Barricade","Offering"],"picked":"Limit Break","floor":16},{"not_picked":["Armaments","Infernal Blade"],"picked":"Flame Barrier","floor":18},{"not_picked":["Second Wind+1","True Grit"],"picked":"Shockwave","floor":20},{"not_picked":["Pommel Strike","Flame Barrier"],"picked":"Uppercut+1","floor":21}],"player_experience":842905,"relics_obtained":[{"floor":6,"key":"Gambling Chip"},{"floor":9,"key":"Centennial Puzzle"},{"floor":13,"key":"Letter Opener"},{"floor":17,"key":"PreservedInsect"},{"floor":17,"key":"Singing Bowl"},{"floor":17,"key":"Unceasing Top"}],"event_choices":[{"damage_healed":0,"gold_gain":75,"player_choice":"Gather Gold","damage_taken":11,"max_hp_gain":0,"max_hp_loss":0,"event_name":"World of Goop","floor":2,"gold_loss":0},{"cards_removed":["Strike_R"],"damage_healed":0,"gold_gain":0,"player_choice":"Card Removal","damage_taken":7,"max_hp_gain":0,"max_hp_loss":0,"event_name":"Golden Wing","floor":3,"gold_loss":0},{"damage_healed":0,"gold_gain":150,"player_choice":"AGREE","damage_taken":0,"max_hp_gain":0,"max_hp_loss":0,"event_name":"Liars Game","floor":4,"gold_loss":0,"cards_obtained":["Doubt"]}],"is_beta":true,"boss_relics":[{"not_picked":["Mark of Pain","Tiny House"],"picked":"Calling Bell"}],"items_purged_floors":[19],"is_endless":false,"potions_floor_spawned":[12,13,14,21],"killed_by":"Snake Plant","ascension_level":15}