{"gold_per_floor":[118,133,150,150,225,225,258,272,317,317,73,103,103,16,16,118,118,129,129,147,164,181,181,215,228,228,239,239,239,239,39,39,143,143,158,169,169,179,196,230,230,257,257,47,61,81,81,131,131,131,131,131,81,114,114],"floor_reached":56,"playtime":2696,"items_purged":["Strike_R","Strike_R","Strike_R+1","Feed"],"score":1312,"play_id":"38c0b2d2-f9e4-46d6-ba17-a7d0330c7881","local_time":"20191004220451","is_ascension_mode":false,"campfire_choices":[{"data":"Bash","floor":6.0,"key":"SMITH"},{"data":"Rampage","floor":13.0,"key":"SMITH"},{"data":"Anger","floor":15.0,"key":"SMITH"},{"floor":23.0,"key":"RECALL"},{"floor":28.0,"key":"REST"},{"floor":32.0,"key":"REST"},{"floor":41,"key":"REST"},{"floor":47,"key":"REST"},{"floor":49,"key":"REST"},{"floor":52,"key":"REST"}],"neow_cost":"PERCENT_DAMAGE","seed_source_timestamp":1797333538686493,"circlet_count":0,"master_deck":["Defend_R+1","Defend_R+1","Defend_R+1","Defend_R+1","Bash+1","Anger+1","Iron Wave","Impervious","Feel No Pain+1","Rampage+1","Offering","Metallicize+1","Juggernaut+1","True Grit+1","Double Tap","Headbutt","Inflame+1","Intimidate+1","Dual Wield","Evolve+1","Disarm","Immolate","Headbutt+1"],"special_seed":0,"relics":["Burning Blood","Frozen Egg 2","Smiling Mask","Bag of Marbles","Lantern","Oddly Smooth Stone","Fusion Hammer","Pen Nib","Centennial Puzzle","Busted Crown","Art of War","Mummified Hand","ClockworkSouvenir","Gambling Chip","Mango"],"potions_floor_usage":[39,55,55,55],"damage_taken":[{"damage":8.0,"enemies":"Jaw Worm","floor":1.0,"turns":5.0},{"damage":0.0,"enemies":"Small Slimes","floor":2.0,"turns":3.0},{"damage":7.0,"enemies":"2 Louse","floor":3.0,"turns":2.0},{"damage":26.0,"enemies":"Lagavulin","floor":7.0,"turns":6.0},{"damage":10.0,"enemies":"Red Slaver","floor":8.0,"turns":4.0},{"damage":8.0,"enemies":"3 Sentries","floor":12.0,"turns":7.0},{"damage":21.0,"enemies":"Slime Boss","floor":16.0,"turns":12.0},{"damage":6.0,"enemies":"Spheric Guardian","floor":18.0,"turns":4.0},{"damage":6.0,"enemies":"3 Byrds","floor":20.0,"turns":3.0},{"damage":8.0,"enemies":"3 Cultists","floor":21.0,"turns":5.0},{"damage":7.0,"enemies":"Snecko","floor":22.0,"turns":3.0},{"damage":29.0,"enemies":"Gremlin Leader","floor":24.0,"turns":6.0},{"damage":12.0,"enemies":"Shelled Parasite and Fungi","floor":25.0,"turns":5.0},{"damage":8.0,"enemies":"Centurion and Healer","floor":27.0,"turns":7.0},{"damage":43.0,"enemies":"Collector","floor":33.0,"turns":9.0},{"damage":0.0,"enemies":"3 Darklings","floor":35.0,"turns":2.0},{"damage":3.0,"enemies":"3 Shapes","floor":36.0,"turns":3.0},{"damage":6,"enemies":"Transient","floor":38,"turns":5},{"damage":10,"enemies":"Spire Growth","floor":39,"turns":4},{"damage":46,"enemies":"Nemesis","floor":40,"turns":7},{"damage":6,"enemies":"Reptomancer","floor":42,"turns":4},{"damage":6,"enemies":"3 Darklings","floor":45,"turns":1},{"damage":6,"enemies":"Sphere and 2 Shapes","floor":46,"turns":5},{"damage":40,"enemies":"2 Orb Walkers","floor":48,"turns":6},{"damage":60,"enemies":"Awakened One","floor":50,"turns":9},{"damage":14,"enemies":"Shield and Spear","floor":54,"turns":5},{"damage":33,"enemies":"The Heart","floor":55,"turns":8}],"seed_played":"-712933325594661377","potions_obtained":[{"floor":3.0,"key":"Dexterity Potion"},{"floor":8.0,"key":"FearPotion"},{"floor":16.0,"key":"Energy Potion"},{"floor":24.0,"key":"Strength Potion"},{"floor":27.0,"key":"Block Potion"},{"floor":39,"key":"AttackPotion"},{"floor":45,"key":"PowerPotion"},{"floor":48,"key":"SpeedPotion"}],"is_trial":false,"path_per_floor":["M","M","M","?","?","R","E","M","T","T","$","E","R","$","R","B",null,"M","?","M","M","M","R","E","M","T","M","R","?","?","$","R","B",null,"M","M","?","M","M","E","R","E","T","$","M","M","R","?","R","B",null,"R","$","E","B",null],"character_chosen":"IRONCLAD","items_purchased":["Rampage","Lantern","Metallicize+1","Evolve+1","Disarm","ClockworkSouvenir"],"campfire_rested":6,"item_purchase_floors":[11,11,14,31,31,44],"current_hp_per_floor":[57,66,68,61,50,50,33,29,29,29,29,30,30,30,30,18,98,98,98,101,102,101,101,78,75,75,76,109,109,109,109,110,76,113,113,113,113,113,109,72,106,109,109,109,109,112,122,91,125,74,128,128,128,134,107],"gold":114,"neow_bonus":"THREE_RARE_CARDS","is_prod":false,"is_daily":false,"chose_seed":false,"campfire_upgraded":3,"win_rate":0,"timestamp":1570241091,"path_taken":["M","M","M","?","?","R","E","M","T","?","?","E","R","$","R","BOSS","M","?","?","M","?","R","E","?","T","M","R","?","?","$","R","BOSS","M","M","?","M","?","E","R","E","T","$","?","M","R","?","R","BOSS","R","$","E","BOSS"],"build_version":"2019-07-17","purchased_purges":4,"victory":true,"max_hp_per_floor":[83,86,89,89,89,89,92,92,92,92,92,95,95,95,95,98,98,98,98,101,104,104,104,104,107,107,110,110,110,110,110,110,113,113,113,113,113,113,113,116,116,119,119,119,119,122,122,125,125,128,128,128,128,142,142],"card_choices":[{"not_picked":["Double Tap","Immolate"],"picked":"Feed","floor":0.0},{"not_picked":["Flex","Pommel Strike"],"picked":"Anger","floor":1.0},{"not_picked":["Wild Strike","Dual Wield","Flex"],"picked":"SKIP","floor":2.0},{"not_picked":["Havoc","Perfected Strike"],"picked":"Iron Wave","floor":3.0},{"not_picked":["Reckless Charge","Ghostly Armor"],"picked":"Impervious","floor":7.0},{"not_picked":["Flex","Anger"],"picked":"Feel No Pain+1","floor":8.0},{"not_picked":["Wild Strike","Dual Wield"],"picked":"Offering","floor":12.0},{"not_picked":["Demon Form+1","Berserk+1"],"picked":"Juggernaut+1","floor":16.0},{"not_picked":["Cleave","Rage"],"picked":"True Grit+1","floor":18.0},{"not_picked":["Armaments","Anger+1"],"picked":"Headbutt","floor":20.0},{"not_picked":["Warcry","Clash"],"picked":"Inflame+1","floor":21.0},{"not_picked":["Burning Pact+1","Iron Wave"],"picked":"Intimidate+1","floor":22.0},{"not_picked":["Rupture+1","Blood for Blood+1","Carnage"],"picked":"SKIP","floor":24.0},{"not_picked":["Perfected Strike+1","Carnage"],"picked":"Dual Wield","floor":25.0},{"not_picked":["Sword Boomerang","Searing Blow","Body Slam"],"picked":"SKIP","floor":27.0},{"not_picked":["Double Tap","Juggernaut+1"],"picked":"Immolate","floor":33.0},{"not_picked":["Hemokinesis+1"],"picked":"SKIP","floor":35.0},{"not_picked":["True Grit"],"picked":"SKIP","floor":36.0},{"not_picked":["Iron Wave"],"picked":"SKIP","floor":38},{"not_picked":[],"picked":"Headbutt+1","floor":39},{"not_picked":["Warcry"],"picked":"SKIP","floor":40},{"not_picked":["Thunderclap"],"picked":"SKIP","floor":42},{"not_picked":["Clothesline+1"],"picked":"SKIP","floor":45},{"not_picked":["Clothesline+1"],"picked":"SKIP","floor":45},{"not_picked":["Ghostly Armor+1"],"picked":"SKIP","floor":46},{"not_picked":["Headbutt"],"picked":"SKIP","floor":54}],"player_experience":1338248,"relics_obtained":[{"floor":7.0,"key":"Frozen Egg 2"},{"floor":9.0,"key":"Smiling Mask"},{"floor":10.0,"key":"Bag of Marbles"},{"floor":12.0,"key":"Oddly Smooth Stone"},{"floor":24.0,"key":"Pen Nib"},{"floor":26.0,"key":"Centennial Puzzle"},{"floor":40,"key":"Art of War"},{"floor":42,"key":"Mummified Hand"},{"floor":48,"key":"Gambling Chip"},{"floor":54,"key":"Mango"}],"event_choices":[{"cards_removed":["Strike_R"],"damage_healed":0.0,"max_hp_gain":0.0,"max_hp_loss":0.0,"gold_gain":0.0,"event_name":"Golden Wing","player_choice":"Card Removal","floor":4.0,"gold_loss":0.0,"damage_taken":7.0},{"damage_healed":0.0,"max_hp_gain":0.0,"max_hp_loss":0.0,"gold_gain":75.0,"event_name":"World of Goop","player_choice":"Gather Gold","floor":5.0,"gold_loss":0.0,"damage_taken":11.0},{"damage_healed":0.0,"max_hp_gain":0.0,"max_hp_loss":0.0,"gold_gain":0.0,"cards_transformed":["Strike_R"],"event_name":"Transmorgrifier","player_choice":"Transformed","floor":19.0,"gold_loss":0.0,"damage_taken":0.0,"cards_obtained":["Double Tap"]},{"damage_healed":0.0,"max_hp_gain":0.0,"max_hp_loss":0.0,"gold_gain":0.0,"event_name":"Vampires","player_choice":"Ignored","floor":29.0,"gold_loss":0.0,"damage_taken":0.0},{"damage_healed":0.0,"max_hp_gain":0.0,"max_hp_loss":0.0,"gold_gain":0.0,"event_name":"Back to Basics","player_choice":"Simplicity","floor":30.0,"gold_loss":0.0,"damage_taken":0.0,"cards_upgraded":["Strike_R","Defend_R","Defend_R","Defend_R","Defend_R"]},{"damage_healed":0,"gold_gain":0,"player_choice":"Ignored","damage_taken":0,"max_hp_gain":0,"max_hp_loss":0,"event_name":"Transmorgrifier","floor":37,"gold_loss":0},{"damage_healed":0,"gold_gain":0,"player_choice":"Fight","damage_taken":0,"max_hp_gain":0,"max_hp_loss":0,"event_name":"Mysterious Sphere","floor":48,"gold_loss":0}],"is_beta":false,"boss_relics":[{"not_picked":["Ectoplasm","Mark of Pain"],"picked":"Fusion Hammer"},{"not_picked":["Velvet Choker","Astrolabe"],"picked":"Busted Crown"}],"items_purged_floors":[11,14,31,53],"is_endless":false,"potions_floor_spawned":[3,8,16,18,24,27,33,36,39,40,45,48],"ascension_level":0}