{"gold_per_floor":[10,25,100,350,367,399,399,459,459,475,475,475,475,487,487,487],"floor_reached":16,"playtime":1652,"items_purged":[],"score":135,"play_id":"fa4ce281-7997-4011-a8e8-5cffe15f571e","local_time":"20180708140438","is_ascension_mode":false,"campfire_choices":[{"data":"Perfected Strike","floor":7,"key":"SMITH"},{"data":"Shockwave","floor":12,"key":"SMITH"},{"data":"Iron Wave","floor":15,"key":"SMITH"}],"neow_cost":"NO_GOLD","seed_source_timestamp":0,"circlet_count":0,"master_deck":["Strike_R","Strike_R","Strike_R","Strike_R","Strike_R","Defend_R","Defend_R","Defend_R","Defend_R","Bash","Iron Wave+1","Perfected Strike+1","Regret","Pommel Strike","Battle Trance","Metallicize","Shockwave+1","Bash","Carnage","Blood for Blood"],"special_seed":17720,"relics":["Burning Blood","Bottled Lightning","Tiny Chest","Dodecahedron","Smiling Mask"],"potions_floor_usage":[14,16,16,16],"damage_taken":[{"damage":9,"enemies":"2 Louse","floor":1,"turns":3},{"damage":1,"enemies":"Cultist","floor":2,"turns":4},{"damage":4,"enemies":"Small Slimes","floor":5,"turns":3},{"damage":49,"enemies":"Lagavulin","floor":6,"turns":7},{"damage":21,"enemies":"Gremlin Nob","floor":8,"turns":4},{"damage":10,"enemies":"Looter","floor":10,"turns":3},{"damage":10,"enemies":"Gremlin Gang","floor":14,"turns":5},{"damage":30,"enemies":"Slime Boss","floor":16,"turns":11}],"seed_played":"5952392564398475268","potions_obtained":[{"floor":2,"key":"LiquidBronze"},{"floor":5,"key":"Weak Potion"},{"floor":6,"key":"BloodPotion"},{"floor":10,"key":"EssenceOfSteel"},{"floor":14,"key":"SkillPotion"}],"is_trial":false,"path_per_floor":["M","M","?","?","M","E","R","E","T","M","?","R","T","M","R"],"character_chosen":"IRONCLAD","items_purchased":[],"campfire_rested":0,"item_purchase_floors":[],"current_hp_per_floor":[93,96,85,85,87,44,44,29,29,25,25,25,25,30,30,0],"gold":487,"neow_bonus":"TWENTY_PERCENT_HP_BONUS","is_prod":false,"is_daily":false,"chose_seed":false,"campfire_upgraded":3,"win_rate":0,"timestamp":1531073078,"path_taken":["M","M","?","?","?","E","R","E","T","M","?","R","?","M","R","BOSS"],"build_version":"2018-07-05","purchased_purges":0,"victory":false,"max_hp_per_floor":[96,96,96,96,96,96,96,96,96,96,96,96,96,96,96,96],"card_choices":[{"not_picked":["Armaments","Fire Breathing"],"picked":"Iron Wave","floor":1},{"not_picked":["Headbutt","Clothesline"],"picked":"Perfected Strike","floor":2},{"not_picked":["Sever Soul","Heavy Blade"],"picked":"Pommel Strike","floor":5},{"not_picked":["Fire Breathing","Cleave"],"picked":"Battle Trance","floor":6},{"not_picked":["Burning Pact","Clash"],"picked":"Metallicize","floor":8},{"not_picked":["Impervious","Pommel Strike"],"picked":"Shockwave","floor":10},{"not_picked":["Clothesline","Feel No Pain"],"picked":"Blood for Blood","floor":14}],"player_experience":104757,"relics_obtained":[{"floor":6,"key":"Bottled Lightning"},{"floor":8,"key":"Tiny Chest"},{"floor":9,"key":"Dodecahedron"},{"floor":13,"key":"Smiling Mask"}],"event_choices":[{"event_name":"World of Goop","player_choice":"Gather Gold","floor":3,"damage_taken":0},{"event_name":"Golden Shrine","player_choice":"Desecrate","floor":4,"damage_taken":0},{"event_name":"Match and Keep!","player_choice":"2 cards matched","floor":11,"damage_taken":0},{"event_name":"Match and Keep!","player_choice":"2 cards matched","floor":11,"damage_taken":0}],"boss_relics":[],"items_purged_floors":[],"is_endless":false,"potions_floor_spawned":[2,5,6,10,14],"killed_by":"Slime Boss","ascension_level":0}