{"gold_per_floor":[211,10,26,26,41,41,71,71,124,144,154,154,154,168,168,298,298,317,317,317,337,358,399,131,131,131,131,152,152,3,22,22,151,151,175,236,260,279,279,312,327,358,358,381,381,381,402,416,416,416,416,416,1,35,35],"floor_reached":56,"playtime":3458,"items_purged":["Strike_R","Strike_R"],"score":1256,"play_id":"462e8375-9ecc-4cbd-b009-83ae9f68b968","local_time":"20191006175042","is_ascension_mode":false,"campfire_choices":[{"data":"Bash","floor":6,"key":"SMITH"},{"data":"True Grit","floor":8,"key":"SMITH"},{"data":"Uppercut","floor":12,"key":"SMITH"},{"data":"Anger","floor":15,"key":"SMITH"},{"data":"The Bomb","floor":25,"key":"SMITH"},{"data":"Rampage","floor":27,"key":"SMITH"},{"data":"Metallicize","floor":29,"key":"SMITH"},{"data":"Blood for Blood","floor":32,"key":"SMITH"},{"floor":45,"key":"RECALL"},{"data":"Demon Form","floor":49,"key":"SMITH"},{"data":"Ghostly Armor","floor":52,"key":"SMITH"}],"neow_cost":"NONE","seed_source_timestamp":6725244759000,"circlet_count":0,"master_deck":["Strike_R","Strike_R","Strike_R","Defend_R","Defend_R","Defend_R","Defend_R","Bash+1","Metallicize+1","Rampage+1","Anger+1","Clothesline","Headbutt","True Grit+1","Uppercut+1","Limit Break","Headbutt","Reaper","Corruption","Blood for Blood+1","The Bomb+1","Barricade","Feel No Pain+1","Ghostly Armor+1","Power Through+1","Second Wind+1","Demon Form+1","Disarm+1","Panacea+1","Body Slam"],"relics":["Burning Blood","Blood Vial","Happy Flower","Golden Idol","Snecko Eye","Potion Belt","Nilry\u0027s Codex","Mercury Hourglass","Paper Frog","Bag of Marbles","Sozu","Dead Branch","Toxic Egg 2","Bronze Scales","Mummified Hand","Oddly Smooth Stone"],"potions_floor_usage":[33,55,55,55,55],"damage_taken":[{"damage":2,"enemies":"2 Louse","floor":1,"turns":3},{"damage":1,"enemies":"Jaw Worm","floor":3,"turns":4},{"damage":3,"enemies":"Cultist","floor":5,"turns":3},{"damage":14,"enemies":"3 Sentries","floor":7,"turns":6},{"damage":1,"enemies":"2 Fungi Beasts","floor":10,"turns":3},{"damage":2,"enemies":"Exordium Wildlife","floor":11,"turns":5},{"damage":7,"enemies":"3 Louse","floor":14,"turns":4},{"damage":50,"enemies":"Hexaghost","floor":16,"turns":11},{"damage":0,"enemies":"3 Byrds","floor":18,"turns":4},{"damage":9,"enemies":"Shell Parasite","floor":21,"turns":4},{"damage":3,"enemies":"Snake Plant","floor":22,"turns":4},{"damage":0,"enemies":"Gremlin Leader","floor":23,"turns":5},{"damage":14,"enemies":"Shelled Parasite and Fungi","floor":28,"turns":4},{"damage":11,"enemies":"Snecko","floor":31,"turns":4},{"damage":28,"enemies":"Collector","floor":33,"turns":8},{"damage":19,"enemies":"3 Darklings","floor":35,"turns":5},{"damage":31,"enemies":"2 Orb Walkers","floor":36,"turns":4},{"damage":0,"enemies":"3 Shapes","floor":37,"turns":4},{"damage":3,"enemies":"Maw","floor":38,"turns":6},{"damage":26,"enemies":"Nemesis","floor":40,"turns":5},{"damage":2,"enemies":"Writhing Mass","floor":41,"turns":4},{"damage":33,"enemies":"Reptomancer","floor":42,"turns":6},{"damage":0,"enemies":"Jaw Worm Horde","floor":44,"turns":3},{"damage":11,"enemies":"4 Shapes","floor":47,"turns":7},{"damage":2,"enemies":"Sphere and 2 Shapes","floor":48,"turns":3},{"damage":29,"enemies":"Donu and Deca","floor":50,"turns":7},{"damage":15,"enemies":"Shield and Spear","floor":54,"turns":8},{"damage":7,"enemies":"The Heart","floor":55,"turns":5}],"seed_played":"6087913852413947386","potions_obtained":[{"floor":1,"key":"BloodPotion"},{"floor":10,"key":"Swift Potion"},{"floor":16,"key":"BloodPotion"},{"floor":28,"key":"LiquidBronze"},{"floor":31,"key":"Weak Potion"},{"floor":33,"key":"LiquidBronze"}],"is_trial":false,"path_per_floor":["M","$","M","?","M","R","E","R","T","M","M","R","?","M","R","B",null,"M","?","?","M","M","E","$","R","T","R","M","R","$","M","R","B",null,"M","?","M","M","?","E","M","E","T","M","R","?","M","M","R","B",null,"R","$","E","B",null],"character_chosen":"IRONCLAD","items_purchased":["Rampage","Anger","The Bomb","Bag of Marbles","Mummified Hand","Disarm+1","Panacea+1"],"campfire_rested":0,"item_purchase_floors":[2,2,24,30,53,53,53],"current_hp_per_floor":[80,80,80,80,80,80,72,72,72,79,80,80,60,61,61,19,80,80,80,64,73,80,80,80,80,80,80,77,77,77,80,80,69,80,67,51,66,75,75,63,69,62,62,76,76,76,76,76,76,76,76,76,76,71,76],"gold":35,"neow_bonus":"HUNDRED_GOLD","is_prod":false,"is_daily":false,"chose_seed":false,"campfire_upgraded":10,"win_rate":0,"timestamp":1570398642,"path_taken":["M","$","M","?","M","R","E","R","T","M","M","R","?","?","R","BOSS","M","?","?","M","M","E","?","R","T","R","M","R","$","M","R","BOSS","M","?","M","M","?","E","M","E","T","M","R","?","M","M","R","BOSS","R","$","E","BOSS"],"build_version":"2019-07-17","purchased_purges":2,"victory":true,"max_hp_per_floor":[80,80,80,80,80,80,80,80,80,80,80,80,80,80,80,80,80,80,80,80,80,80,80,80,80,80,80,80,80,80,80,80,80,80,80,80,80,80,76,76,76,76,76,76,76,76,76,76,76,76,76,76,76,76,76],"card_choices":[{"not_picked":["Armaments","True Grit"],"picked":"Metallicize","floor":1},{"not_picked":["Sever Soul","Clothesline","Body Slam"],"picked":"SKIP","floor":3},{"not_picked":["Sever Soul","Body Slam"],"picked":"Clothesline","floor":3},{"not_picked":["Thunderclap","Cleave"],"picked":"Headbutt","floor":5},{"not_picked":["Sentinel","Iron Wave"],"picked":"True Grit","floor":7},{"not_picked":["Flex","Armaments"],"picked":"Uppercut","floor":10},{"not_picked":["Evolve","Havoc"],"picked":"Limit Break","floor":11},{"not_picked":["Rage","Wild Strike"],"picked":"Headbutt","floor":14},{"not_picked":["Brutality","Bludgeon"],"picked":"Reaper","floor":16},{"not_picked":["Armaments+1","Cleave+1"],"picked":"Corruption","floor":18},{"not_picked":["Seeing Red","Infernal Blade+1","Heavy Blade"],"picked":"SKIP","floor":21},{"not_picked":["Pommel Strike","Perfected Strike"],"picked":"Blood for Blood","floor":22},{"not_picked":["Anger","Clash+1","Perfected Strike"],"picked":"SKIP","floor":23},{"not_picked":["Infernal Blade","Perfected Strike+1","Clothesline"],"picked":"SKIP","floor":28},{"not_picked":["Wild Strike+1","Iron Wave","Hemokinesis"],"picked":"SKIP","floor":31},{"not_picked":["Feed","Brutality"],"picked":"Barricade","floor":33},{"not_picked":["Sword Boomerang","Cleave"],"picked":"Feel No Pain+1","floor":35},{"not_picked":["Rage+1","Armaments"],"picked":"Ghostly Armor","floor":36},{"not_picked":["Body Slam+1","Thunderclap+1","Pummel+1"],"picked":"SKIP","floor":37},{"not_picked":["Combust","Twin Strike+1"],"picked":"Power Through+1","floor":38},{"not_picked":["Heavy Blade+1","Armaments","Thunderclap"],"picked":"SKIP","floor":40},{"not_picked":["Dual Wield+1","Pommel Strike+1"],"picked":"Second Wind+1","floor":41},{"not_picked":["Warcry+1","Reckless Charge"],"picked":"Demon Form","floor":42},{"not_picked":["Whirlwind+1","Uppercut+1","Pommel Strike"],"picked":"SKIP","floor":44},{"not_picked":["Cleave","Shrug It Off+1","Infernal Blade+1"],"picked":"SKIP","floor":47},{"not_picked":["Inflame+1","Dropkick","Clothesline"],"picked":"SKIP","floor":48},{"not_picked":["Warcry+1","Sever Soul"],"picked":"Body Slam","floor":54}],"player_experience":1340944,"relics_obtained":[{"floor":7,"key":"Blood Vial"},{"floor":9,"key":"Happy Flower"},{"floor":20,"key":"Nilry\u0027s Codex"},{"floor":23,"key":"Mercury Hourglass"},{"floor":26,"key":"Paper Frog"},{"floor":36,"key":"Dead Branch"},{"floor":40,"key":"Toxic Egg 2"},{"floor":42,"key":"Bronze Scales"},{"floor":54,"key":"Oddly Smooth Stone"}],"event_choices":[{"damage_healed":0,"gold_gain":0,"player_choice":"Ignored","damage_taken":0,"max_hp_gain":0,"max_hp_loss":0,"event_name":"Liars Game","floor":4,"gold_loss":0},{"damage_healed":0,"gold_gain":0,"player_choice":"Take Damage","damage_taken":20,"relics_obtained":["Golden Idol"],"max_hp_gain":0,"max_hp_loss":0,"event_name":"Golden Idol","floor":13,"gold_loss":0},{"damage_healed":0,"gold_gain":0,"player_choice":"Opened","damage_taken":0,"relics_obtained":["Potion Belt"],"max_hp_gain":0,"max_hp_loss":0,"event_name":"The Mausoleum","floor":19,"gold_loss":0},{"damage_healed":0,"gold_gain":0,"player_choice":"Obtained Book","damage_taken":16,"max_hp_gain":0,"max_hp_loss":0,"event_name":"Cursed Tome","floor":20,"gold_loss":0},{"damage_healed":0,"gold_gain":0,"player_choice":"Fight","damage_taken":0,"max_hp_gain":0,"max_hp_loss":0,"event_name":"Mysterious Sphere","floor":36,"gold_loss":0},{"damage_healed":0,"gold_gain":0,"player_choice":"Max HP","damage_taken":0,"max_hp_gain":0,"max_hp_loss":4,"event_name":"Winding Halls","floor":39,"gold_loss":0},{"damage_healed":0,"gold_gain":0,"player_choice":"Ignored","damage_taken":0,"max_hp_gain":0,"max_hp_loss":0,"event_name":"Tomb of Lord Red Mask","floor":46,"gold_loss":0}],"is_beta":false,"boss_relics":[{"not_picked":["Runic Dome","Tiny House"],"picked":"Snecko Eye"},{"not_picked":["Pandora\u0027s Box","Runic Cube"],"picked":"Sozu"}],"items_purged_floors":[2,24],"is_endless":false,"potions_floor_spawned":[1,10,16,28,31,33,40,41,42],"ascension_level":0}