{"gold_per_floor":[368,387,4,19,34,34,67,81,81,81,116,131,144,157,157,236,236,250,265,27,27,27,59,78,78,78,109,126,151,168,203,203,281,281,308,308,319,334,349,387,410,445,452,475,514,535,562,335,335,335,335,335,7,45,45],"floor_reached":56,"playtime":3048,"items_purged":["Strike_R","Strike_R"],"score":2296,"play_id":"2f87bfa9-06fa-42d2-8f24-7e05209f6816","local_time":"20190915234408","is_ascension_mode":true,"campfire_choices":[{"data":"Bludgeon","floor":6.0,"key":"SMITH"},{"data":"True Grit","floor":10.0,"key":"SMITH"},{"data":"Bash","floor":15.0,"key":"SMITH"},{"data":"Whirlwind","floor":25.0,"key":"SMITH"},{"data":"Fire Breathing","floor":32.0,"key":"SMITH"},{"floor":49.0,"key":"RECALL"},{"data":"Shockwave","floor":52,"key":"SMITH"}],"neow_cost":"PERCENT_DAMAGE","seed_source_timestamp":256041460711300,"circlet_count":0,"master_deck":["AscendersBane","Strike_R+1","Strike_R","Strike_R+1","Defend_R","Defend_R","Defend_R","Defend_R","Bash+1","Battle Trance","Rampage","Flame Barrier","True Grit+1","Bludgeon+1","Offering","Whirlwind+1","Immolate","Disarm","Shrug It Off","True Grit","Fire Breathing+1","Clothesline+1","Shockwave+1","Flame Barrier","Shame","Power Through+1","Shrug It Off+1","Metallicize+1","Shrug It Off+1","Burning Pact","Shrug It Off","Bludgeon+1","Impervious","Feel No Pain+1","Second Wind"],"special_seed":0,"relics":["Burning Blood","Membership Card","Paper Frog","Pen Nib","Centennial Puzzle","Torii","Bottled Flame","Snecko Eye","Chemical X","Bottled Lightning","Gambling Chip","Akabeko","CeramicFish","Singing Bowl","Cursed Key","TungstenRod","Dodecahedron","Shuriken","Frozen Egg 2","Whetstone","Charon\u0027s Ashes","DollysMirror","CaptainsWheel","War Paint"],"potions_floor_usage":[55,55],"damage_taken":[{"damage":6.0,"enemies":"Cultist","floor":1.0,"turns":3.0},{"damage":3.0,"enemies":"Small Slimes","floor":2.0,"turns":3.0},{"damage":7.0,"enemies":"Jaw Worm","floor":4.0,"turns":3.0},{"damage":2.0,"enemies":"2 Fungi Beasts","floor":5.0,"turns":4.0},{"damage":25.0,"enemies":"Lagavulin","floor":7.0,"turns":4.0},{"damage":4.0,"enemies":"Red Slaver","floor":8.0,"turns":3.0},{"damage":11.0,"enemies":"3 Sentries","floor":11.0,"turns":7.0},{"damage":8.0,"enemies":"Lots of Slimes","floor":12.0,"turns":3.0},{"damage":0.0,"enemies":"2 Fungi Beasts","floor":13.0,"turns":4.0},{"damage":6.0,"enemies":"Gremlin Gang","floor":14.0,"turns":2.0},{"damage":12.0,"enemies":"The Guardian","floor":16.0,"turns":12.0},{"damage":0.0,"enemies":"3 Byrds","floor":18.0,"turns":2.0},{"damage":0.0,"enemies":"Shell Parasite","floor":19.0,"turns":1.0},{"damage":24.0,"enemies":"Gremlin Leader","floor":23.0,"turns":4.0},{"damage":0.0,"enemies":"Chosen and Byrds","floor":24.0,"turns":2.0},{"damage":0.0,"enemies":"Slavers","floor":27.0,"turns":1.0},{"damage":0.0,"enemies":"Snake Plant","floor":28.0,"turns":1.0},{"damage":1.0,"enemies":"Book of Stabbing","floor":29.0,"turns":3.0},{"damage":0.0,"enemies":"Snecko","floor":30.0,"turns":1.0},{"damage":8.0,"enemies":"Slavers","floor":31.0,"turns":4.0},{"damage":40.0,"enemies":"Collector","floor":33.0,"turns":5.0},{"damage":7.0,"enemies":"3 Shapes","floor":35.0,"turns":3.0},{"damage":7.0,"enemies":"3 Darklings","floor":37.0,"turns":2.0},{"damage":0.0,"enemies":"Sphere and 2 Shapes","floor":38.0,"turns":1.0},{"damage":0.0,"enemies":"Jaw Worm Horde","floor":39.0,"turns":1.0},{"damage":11.0,"enemies":"Nemesis","floor":40.0,"turns":5.0},{"damage":22.0,"enemies":"4 Shapes","floor":41.0,"turns":3.0},{"damage":0.0,"enemies":"Reptomancer","floor":42.0,"turns":3.0},{"damage":11.0,"enemies":"Maw","floor":44.0,"turns":5.0},{"damage":0.0,"enemies":"Nemesis","floor":45.0,"turns":1.0},{"damage":5.0,"enemies":"Sphere and 2 Shapes","floor":46.0,"turns":4.0},{"damage":0.0,"enemies":"Writhing Mass","floor":47.0,"turns":1.0},{"damage":57,"enemies":"Donu and Deca","floor":50,"turns":9},{"damage":10,"enemies":"Shield and Spear","floor":54,"turns":4},{"damage":38,"enemies":"The Heart","floor":55,"turns":7}],"seed_played":"-2685014551866998207","potions_obtained":[{"floor":4.0,"key":"Swift Potion"},{"floor":7.0,"key":"AttackPotion"},{"floor":8.0,"key":"SkillPotion"},{"floor":31.0,"key":"Dexterity Potion"},{"floor":41.0,"key":"DuplicationPotion"}],"is_trial":false,"path_per_floor":["M","M","$","M","M","R","E","M","T","R","E","M","M","M","R","B",null,"M","M","$","?","?","E","M","R","T","E","M","E","M","E","R","B",null,"M","?","M","M","M","E","M","E","T","M","E","M","M","$","R","B",null,"R","$","E","B",null],"character_chosen":"IRONCLAD","items_purchased":["Membership Card","Paper Frog","Pen Nib","Flame Barrier","Chemical X","Disarm","Bottled Lightning","Charon\u0027s Ashes","Burning Pact","Shrug It Off","DollysMirror","Impervious","CaptainsWheel","Feel No Pain+1"],"campfire_rested":0,"item_purchase_floors":[3,3,3,3,20,20,20,48,48,48,53,53,53,53],"current_hp_per_floor":[50,53,53,52,56,56,37,39,39,39,34,32,38,38,38,32,64,70,75,75,75,75,57,63,63,63,69,75,75,75,75,75,43,70,69,69,70,78,85,80,64,72,72,67,73,74,80,80,80,29,73,73,73,69,37],"gold":45,"neow_bonus":"TWO_FIFTY_GOLD","is_prod":false,"is_daily":false,"chose_seed":false,"campfire_upgraded":6,"win_rate":0,"timestamp":1568583848,"path_taken":["M","M","$","M","M","R","E","M","T","R","E","M","?","M","R","BOSS","M","M","$","?","?","E","M","R","T","E","M","E","M","E","R","BOSS","M","?","?","M","M","E","M","E","T","?","E","M","M","$","R","BOSS","R","$","E","BOSS"],"build_version":"2019-09-12","purchased_purges":2,"victory":true,"max_hp_per_floor":[75,75,75,75,75,75,75,75,75,75,75,75,75,75,75,75,75,75,75,75,75,75,75,75,75,75,75,75,75,75,77,77,79,79,79,79,81,83,85,85,85,87,87,87,87,87,87,87,87,87,87,87,87,87,87],"card_choices":[{"not_picked":["Heavy Blade","Armaments"],"picked":"Battle Trance","floor":1.0},{"not_picked":["Perfected Strike","Thunderclap"],"picked":"Rampage","floor":2.0},{"not_picked":["Flex","Power Through"],"picked":"True Grit","floor":4.0},{"not_picked":["Havoc","Flex"],"picked":"Bludgeon","floor":5.0},{"not_picked":["Cleave","Pommel Strike"],"picked":"Offering","floor":7.0},{"not_picked":["Perfected Strike","Heavy Blade","Blood for Blood"],"picked":"SKIP","floor":8.0},{"not_picked":["Clash","Headbutt"],"picked":"Whirlwind","floor":11.0},{"not_picked":["Iron Wave","Searing Blow","Whirlwind"],"picked":"SKIP","floor":12.0},{"not_picked":["Wild Strike","Heavy Blade","Headbutt"],"picked":"SKIP","floor":13.0},{"not_picked":["Bloodletting","Carnage","Twin Strike"],"picked":"SKIP","floor":14.0},{"not_picked":["Juggernaut","Reaper"],"picked":"Immolate","floor":16.0},{"not_picked":["Clothesline","Anger","Headbutt"],"picked":"SKIP","floor":18.0},{"not_picked":["Reckless Charge","Wild Strike","Pommel Strike"],"picked":"SKIP","floor":19.0},{"not_picked":["Armaments","Offering","Thunderclap"],"picked":"SKIP","floor":23.0},{"not_picked":["Carnage","Sever Soul"],"picked":"Shrug It Off","floor":24.0},{"not_picked":["Thunderclap","Rupture"],"picked":"True Grit","floor":27.0},{"not_picked":["Armaments","Warcry","Sword Boomerang"],"picked":"SKIP","floor":28.0},{"not_picked":["Combust","Limit Break","Bloodletting"],"picked":"SKIP","floor":29.0},{"not_picked":["Sword Boomerang","Wild Strike"],"picked":"Fire Breathing","floor":30.0},{"not_picked":["Rampage","Seeing Red","Hemokinesis"],"picked":"Singing Bowl","floor":31.0},{"not_picked":["Exhume","Brutality","Barricade"],"picked":"Singing Bowl","floor":33.0},{"not_picked":["Sword Boomerang","Rampage+1"],"picked":"Clothesline+1","floor":35.0},{"not_picked":["Rampage","Anger","Twin Strike+1"],"picked":"Singing Bowl","floor":37.0},{"not_picked":["Warcry+1","Heavy Blade","Clash"],"picked":"Singing Bowl","floor":38.0},{"not_picked":["Havoc","Clash","Body Slam"],"picked":"Singing Bowl","floor":39.0},{"not_picked":["Headbutt+1","Evolve"],"picked":"Shockwave","floor":40.0},{"not_picked":["Reckless Charge","Perfected Strike"],"picked":"Flame Barrier","floor":41.0},{"not_picked":["Sword Boomerang","Havoc","Wild Strike"],"picked":"Singing Bowl","floor":42.0},{"not_picked":["Immolate","Pommel Strike+1"],"picked":"Power Through+1","floor":44.0},{"not_picked":["Clash","Sword Boomerang+1"],"picked":"Shrug It Off","floor":45.0},{"not_picked":["Body Slam+1","Sword Boomerang"],"picked":"Metallicize+1","floor":46.0},{"not_picked":["Body Slam","Clash"],"picked":"Shrug It Off","floor":47.0},{"not_picked":["Shockwave","Sentinel"],"picked":"Second Wind","floor":54}],"player_experience":839857,"relics_obtained":[{"floor":7.0,"key":"Centennial Puzzle"},{"floor":9.0,"key":"Torii"},{"floor":11.0,"key":"Bottled Flame"},{"floor":23.0,"key":"Gambling Chip"},{"floor":27.0,"key":"Akabeko"},{"floor":29.0,"key":"CeramicFish"},{"floor":31.0,"key":"Singing Bowl"},{"floor":36.0,"key":"TungstenRod"},{"floor":40.0,"key":"Dodecahedron"},{"floor":42.0,"key":"Shuriken"},{"floor":43.0,"key":"Frozen Egg 2"},{"floor":45.0,"key":"Whetstone"},{"floor":54,"key":"War Paint"}],"event_choices":[{"damage_healed":0.0,"max_hp_gain":0.0,"max_hp_loss":0.0,"gold_gain":0.0,"event_name":"Ghosts","player_choice":"Ignored","floor":21.0,"gold_loss":0.0,"damage_taken":0.0},{"damage_healed":0.0,"max_hp_gain":0.0,"max_hp_loss":0.0,"gold_gain":0.0,"event_name":"Vampires","player_choice":"Ignored","floor":22.0,"gold_loss":0.0,"damage_taken":0.0},{"damage_healed":0.0,"max_hp_gain":0.0,"max_hp_loss":0.0,"gold_gain":0.0,"event_name":"Wheel of Change","player_choice":"Relic","floor":36.0,"gold_loss":0.0,"damage_taken":0.0}],"is_beta":true,"boss_relics":[{"not_picked":["Philosopher\u0027s Stone","Velvet Choker"],"picked":"Snecko Eye"},{"not_picked":["Runic Cube","SacredBark"],"picked":"Cursed Key"}],"items_purged_floors":[48,53],"is_endless":false,"potions_floor_spawned":[4,7,8,11,18,27,29,30,31,33,40,41,45,54],"ascension_level":15}