{"gold_per_floor":[111,186,264,264,277,277,321,321,390,428,428,446,446,485,485,605,605,620,620,644,658,252,252,167,167,167,190,138,138,152,61,61,186,186,206,206,230,248,266,266,317,317,317,317,317,317,144,159,159,159],"floor_reached":51,"playtime":3847,"items_purged":[],"score":793,"play_id":"dfda23d3-745a-45e9-b6d2-6f087524d2c1","local_time":"20180812140424","is_ascension_mode":true,"campfire_choices":[{"data":"Rampage","floor":6,"key":"SMITH"},{"data":"Armaments","floor":8,"key":"SMITH"},{"floor":11,"key":"REST"},{"data":"Whirlwind","floor":13,"key":"SMITH"},{"data":"Cleave","floor":15,"key":"SMITH"},{"data":"Rupture","floor":23,"key":"SMITH"},{"data":"Hemokinesis","floor":25,"key":"SMITH"},{"floor":29,"key":"REST"},{"data":"Enlightenment","floor":32,"key":"SMITH"},{"data":"Heavy Blade","floor":42,"key":"SMITH"},{"data":"Searing Blow+2","floor":44,"key":"SMITH"},{"data":"Searing Blow+3","floor":46,"key":"SMITH"},{"floor":49,"key":"REST"}],"neow_cost":"NONE","seed_source_timestamp":500864075683068,"circlet_count":0,"master_deck":["Bash","Rampage+1","Armaments+1","Headbutt","Whirlwind+1","Cleave+1","Reaper","Sentinel","Twin Strike","Pummel","Blood for Blood","Clothesline+1","Blood for Blood","Heavy Blade+1","Metallicize","Searing Blow+4","Ghostly Armor+1","Rupture+1","Hemokinesis+1","Flame Barrier+1","Thunderclap","Enlightenment+1","Impervious","Rage+1","Infernal Blade+1","Combust","Dark Shackles","Iron Wave+1"],"relics":["Burning Blood","Lantern","Tiny Chest","Golden Idol","Centennial Puzzle","Pantograph","Peace Pipe","Oddly Smooth Stone","Pandora\u0027s Box","Bag of Preparation","Mummified Hand","Shuriken","Matryoshka","Busted Crown","Red Skull","Whetstone","Juzu Bracelet","Ornamental Fan","Prayer Wheel"],"potions_floor_usage":[7,14,33,50,50,50],"damage_taken":[{"damage":4,"enemies":"2 Louse","floor":1,"turns":2},{"damage":7,"enemies":"Jaw Worm","floor":5,"turns":2},{"damage":12,"enemies":"Gremlin Nob","floor":7,"turns":4},{"damage":33,"enemies":"Lagavulin","floor":10,"turns":8},{"damage":3,"enemies":"Small Slimes","floor":12,"turns":2},{"damage":0,"enemies":"3 Sentries","floor":14,"turns":1},{"damage":18,"enemies":"Slime Boss","floor":16,"turns":6},{"damage":11,"enemies":"Spheric Guardian","floor":18,"turns":3},{"damage":15,"enemies":"Chosen","floor":21,"turns":5},{"damage":44,"enemies":"Centurion and Healer","floor":27,"turns":4},{"damage":12,"enemies":"Snecko","floor":30,"turns":4},{"damage":55,"enemies":"Automaton","floor":33,"turns":7},{"damage":27,"enemies":"3 Darklings","floor":35,"turns":3},{"damage":4,"enemies":"3 Shapes","floor":37,"turns":3},{"damage":41,"enemies":"Maw","floor":38,"turns":7},{"damage":19,"enemies":"Flame Bruiser 2 Orb","floor":39,"turns":5},{"damage":42,"enemies":"4 Shapes","floor":48,"turns":4},{"damage":63,"enemies":"Donu and Deca","floor":50,"turns":6}],"seed_played":"-2663775657465906401","potions_obtained":[{"floor":1,"key":"Block Potion"},{"floor":7,"key":"PowerPotion"},{"floor":10,"key":"SteroidPotion"},{"floor":30,"key":"Ancient Potion"},{"floor":35,"key":"EssenceOfSteel"},{"floor":37,"key":"SteroidPotion"}],"is_trial":false,"path_per_floor":["M","?","T","?","M","R","E","R","T","E","R","M","R","E","R","B",null,"M","?","T","M","$","R","?","R","T","M","$","R","M","$","R","B",null,"M","?","M","M","M","?","T","R","T","R","T","R","$","M","R","B"],"character_chosen":"IRONCLAD","items_purchased":["Mummified Hand","Rupture","Hemokinesis","Thunderclap","Enlightenment","Combust","Dark Shackles"],"campfire_rested":3,"item_purchase_floors":[22,22,22,28,31,47,47],"current_hp_per_floor":[80,69,69,49,48,48,42,42,42,15,39,42,42,48,48,61,75,70,70,70,62,62,62,62,62,62,24,24,48,42,42,42,18,65,59,59,76,46,45,45,45,45,45,45,45,45,45,27,51,38],"gold":159,"neow_bonus":"RANDOM_COMMON_RELIC","is_prod":false,"is_daily":false,"chose_seed":false,"campfire_upgraded":10,"win_rate":0,"timestamp":1534097064,"path_taken":["M","?","?","?","M","R","E","R","T","E","R","M","R","E","R","BOSS","M","?","?","M","$","R","?","R","T","M","$","R","?","?","R","BOSS","M","?","?","M","M","?","?","R","T","R","?","R","$","M","R","BOSS"],"build_version":"2018-08-09","purchased_purges":0,"victory":true,"max_hp_per_floor":[80,80,80,80,80,80,80,80,80,80,80,80,80,80,80,80,80,80,80,80,80,80,80,80,80,80,80,80,80,80,80,80,80,80,80,80,80,80,80,80,80,80,80,80,80,80,80,80,80,80],"card_choices":[{"not_picked":["Feel No Pain","Evolve"],"picked":"Rampage","floor":1},{"not_picked":["Havoc","Sentinel"],"picked":"Rupture","floor":5},{"not_picked":["Burning Pact","Body Slam"],"picked":"Armaments","floor":7},{"not_picked":["Sever Soul","Anger"],"picked":"Headbutt","floor":10},{"not_picked":["Blood for Blood","Perfected Strike"],"picked":"Whirlwind","floor":12},{"not_picked":["Clash","Armaments"],"picked":"Cleave","floor":14},{"not_picked":["Limit Break","Demon Form"],"picked":"Reaper","floor":16},{"not_picked":["Pommel Strike","Clothesline","Dual Wield"],"picked":"SKIP","floor":18},{"not_picked":["Rage","Hemokinesis+1"],"picked":"Ghostly Armor+1","floor":21},{"not_picked":["Blood for Blood+1","Clash"],"picked":"Flame Barrier+1","floor":27},{"not_picked":["Perfected Strike","Entrench","Spot Weakness"],"picked":"SKIP","floor":30},{"not_picked":["Barricade","Fiend Fire"],"picked":"Impervious","floor":33},{"not_picked":["Pommel Strike"],"picked":"SKIP","floor":35},{"not_picked":["Anger+1"],"picked":"SKIP","floor":37},{"not_picked":[],"picked":"Rage+1","floor":38},{"not_picked":[],"picked":"Infernal Blade+1","floor":39},{"not_picked":[],"picked":"Iron Wave+1","floor":48},{"not_picked":["Pommel Strike"],"picked":"SKIP","floor":48}],"player_experience":269259,"relics_obtained":[{"floor":3,"key":"Tiny Chest"},{"floor":7,"key":"Centennial Puzzle"},{"floor":9,"key":"Pantograph"},{"floor":10,"key":"Peace Pipe"},{"floor":14,"key":"Oddly Smooth Stone"},{"floor":20,"key":"Bag of Preparation"},{"floor":26,"key":"Matryoshka"},{"floor":41,"key":"Red Skull"},{"floor":41,"key":"Whetstone"},{"floor":43,"key":"Juzu Bracelet"},{"floor":43,"key":"Ornamental Fan"},{"floor":45,"key":"Prayer Wheel"}],"event_choices":[{"event_name":"World of Goop","player_choice":"Gather Gold","floor":2,"damage_taken":0},{"event_name":"Golden Idol","player_choice":"Take Damage","floor":4,"damage_taken":0},{"event_name":"Upgrade Shrine","player_choice":"Upgraded","floor":19,"damage_taken":0},{"event_name":"Addict","player_choice":"Obtained Relic","floor":24,"damage_taken":0},{"event_name":"Tomb of Lord Red Mask","player_choice":"Ignored","floor":36,"damage_taken":0},{"event_name":"Falling","player_choice":"Removed Power","floor":40,"damage_taken":0}],"is_beta":false,"boss_relics":[{"not_picked":["Sozu","Runic Dome"],"picked":"Pandora\u0027s Box"},{"not_picked":["Coffee Dripper","Cursed Key"],"picked":"Busted Crown"}],"items_purged_floors":[],"is_endless":false,"potions_floor_spawned":[1,7,10,30,35,37,39],"ascension_level":5}