{"gold_per_floor":[113,113,38,48,60,60,60,70,70,103,122,148,148,171,171,272,272,284,304,315,315,330,330,340,201,201,234,234,250,282,299,299,401,401,416,75,75,86,98,129,129,79,79,79,79,99,1,11,11,11],"floor_reached":50,"playtime":4525,"items_purged":["Defend_G","Strike_G","Strike_G","Strike_G","Writhe"],"score":599,"play_id":"51190bf3-adf6-427e-b2b8-6ce2f4af1bf1","local_time":"20191008000406","is_ascension_mode":false,"campfire_choices":[{"data":"Skewer","floor":6.0,"key":"SMITH"},{"data":"Backflip","floor":13.0,"key":"SMITH"},{"data":"Neutralize","floor":15.0,"key":"SMITH"},{"data":"Dash","floor":23.0,"key":"SMITH"},{"floor":28,"key":"REST"},{"floor":32,"key":"REST"},{"floor":41,"key":"REST"},{"floor":45,"key":"REST"},{"data":"Footwork","floor":49,"key":"SMITH"}],"neow_cost":"NONE","seed_source_timestamp":0,"circlet_count":0,"master_deck":["Defend_G+1","Defend_G+1","Defend_G","Survivor","Neutralize+1","Skewer+1","Backflip+1","Dagger Throw","Backstab","Prepared","Tools of the Trade","Dash+1","Terror","Predator","Dagger Spray+1","Riddle With Holes+1","Malaise","Footwork+1","Tools of the Trade","PiercingWail+1","Parasite","Calculated Gamble+1"],"special_seed":0,"relics":["Ring of the Snake","War Paint","Ninja Scroll","Turnip","StoneCalendar","Odd Mushroom","Velvet Choker","Dodecahedron","Kunai","Blue Candle","Smiling Mask","Empty Cage","Bottled Tornado","Boot","Mummified Hand"],"potions_floor_usage":[27,27,33,39,48,50,50,50,50,50],"damage_taken":[{"damage":0.0,"enemies":"2 Louse","floor":1.0,"turns":2.0},{"damage":0.0,"enemies":"Cultist","floor":4.0,"turns":3.0},{"damage":0.0,"enemies":"Small Slimes","floor":5.0,"turns":4.0},{"damage":0.0,"enemies":"2 Fungi Beasts","floor":8.0,"turns":4.0},{"damage":23.0,"enemies":"3 Sentries","floor":10.0,"turns":9.0},{"damage":0.0,"enemies":"3 Louse","floor":11.0,"turns":2.0},{"damage":0.0,"enemies":"Gremlin Nob","floor":12.0,"turns":2.0},{"damage":1.0,"enemies":"The Mushroom Lair","floor":14.0,"turns":4.0},{"damage":0.0,"enemies":"The Guardian","floor":16.0,"turns":13.0},{"damage":0.0,"enemies":"Spheric Guardian","floor":18.0,"turns":1.0},{"damage":2.0,"enemies":"Chosen","floor":19.0,"turns":4.0},{"damage":12.0,"enemies":"Snake Plant","floor":20.0,"turns":7.0},{"damage":5.0,"enemies":"Snecko","floor":22.0,"turns":5.0},{"damage":10.0,"enemies":"Centurion and Healer","floor":24.0,"turns":7.0},{"damage":11,"enemies":"Gremlin Leader","floor":27,"turns":8},{"damage":5,"enemies":"3 Cultists","floor":29,"turns":5},{"damage":6,"enemies":"Book of Stabbing","floor":30,"turns":5},{"damage":7,"enemies":"Snake Plant","floor":31,"turns":4},{"damage":22,"enemies":"Collector","floor":33,"turns":8},{"damage":9,"enemies":"3 Darklings","floor":35,"turns":7},{"damage":0,"enemies":"Orb Walker","floor":38,"turns":3},{"damage":21,"enemies":"Jaw Worm Horde","floor":39,"turns":5},{"damage":17,"enemies":"Reptomancer","floor":40,"turns":8},{"damage":4,"enemies":"4 Shapes","floor":46,"turns":7},{"damage":0,"enemies":"Writhing Mass","floor":48,"turns":7},{"damage":58,"enemies":"Awakened One","floor":50,"turns":23}],"seed_played":"529885151609139610","potions_obtained":[{"floor":2.0,"key":"Poison Potion"},{"floor":2.0,"key":"Weak Potion"},{"floor":2.0,"key":"FearPotion"},{"floor":11.0,"key":"PowerPotion"},{"floor":14.0,"key":"Ancient Potion"},{"floor":20.0,"key":"Fire Potion"},{"floor":24.0,"key":"Regen Potion"},{"floor":29,"key":"SpeedPotion"},{"floor":35,"key":"Swift Potion"},{"floor":46,"key":"Energy Potion"},{"floor":48,"key":"EntropicBrew"}],"is_trial":false,"path_per_floor":["M","?","$","M","M","R","$","M","T","E","M","E","R","?","R","B",null,"M","M","M","?","M","R","M","$","T","E","R","M","E","M","R","B",null,"M","$","?","M","M","E","R","$","T","?","R","M","$","M","R","B"],"character_chosen":"THE_SILENT","items_purchased":["Predator","Footwork","Bottled Tornado","FearPotion"],"campfire_rested":4,"item_purchase_floors":[25,36,36,47],"current_hp_per_floor":[70,70,70,70,70,70,70,70,70,47,47,47,47,46,46,46,70,70,68,56,56,51,51,41,41,41,45,66,61,55,48,69,47,70,61,61,61,61,40,23,42,42,42,42,61,57,57,57,57,0],"gold":11,"neow_bonus":"RANDOM_COMMON_RELIC","is_prod":false,"is_daily":false,"chose_seed":false,"campfire_upgraded":5,"win_rate":0,"timestamp":1570507446,"path_taken":["M","?","$","M","M","R","?","M","T","E","M","E","R","?","R","BOSS","M","M","M","?","M","R","M","$","T","E","R","M","E","M","R","BOSS","M","$","?","M","M","E","R","$","T","?","R","M","$","?","R","BOSS"],"build_version":"2019-07-17","purchased_purges":5,"victory":false,"max_hp_per_floor":[70,70,70,70,70,70,70,70,70,70,70,70,70,70,70,70,70,70,70,70,70,70,70,70,70,70,70,70,70,70,70,70,70,70,70,70,66,66,66,66,66,66,66,66,66,66,66,66,66,66],"card_choices":[{"not_picked":["Underhanded Strike","Leg Sweep"],"picked":"Skewer","floor":1.0},{"not_picked":["Dagger Spray","Deflect"],"picked":"Backflip","floor":4.0},{"not_picked":["Cloak And Dagger","Deflect"],"picked":"Dagger Throw","floor":5.0},{"not_picked":["PiercingWail","Sucker Punch"],"picked":"Backstab","floor":8.0},{"not_picked":["Backflip","Quick Slash","Masterful Stab"],"picked":"SKIP","floor":10.0},{"not_picked":["Dagger Throw","Backstab"],"picked":"Prepared","floor":11.0},{"not_picked":["Skewer","Flying Knee","Eviscerate"],"picked":"SKIP","floor":12.0},{"not_picked":["Storm of Steel","Adrenaline"],"picked":"Tools of the Trade","floor":16.0},{"not_picked":["Cloak And Dagger","Noxious Fumes","Acrobatics"],"picked":"SKIP","floor":18.0},{"not_picked":["Acrobatics","Backflip+1"],"picked":"Dash","floor":19.0},{"not_picked":["Phantasmal Killer","Outmaneuver+1","Prepared"],"picked":"SKIP","floor":20.0},{"not_picked":["Backflip","Backstab","Skewer"],"picked":"SKIP","floor":22.0},{"not_picked":["Outmaneuver","Dagger Throw"],"picked":"Terror","floor":24.0},{"not_picked":["Deadly Poison","Accuracy+1"],"picked":"Dagger Spray+1","floor":27},{"not_picked":["Deflect","Accuracy","Dagger Spray"],"picked":"SKIP","floor":29},{"not_picked":["Masterful Stab","Dagger Throw"],"picked":"Riddle With Holes+1","floor":30},{"not_picked":["Eviscerate+1","Terror","Dagger Throw"],"picked":"SKIP","floor":31},{"not_picked":["Glass Knife","Storm of Steel"],"picked":"Malaise","floor":33},{"not_picked":["Dagger Spray","Bane","Quick Slash+1"],"picked":"SKIP","floor":35},{"not_picked":["Dagger Throw","Quick Slash+1","Acrobatics"],"picked":"SKIP","floor":38},{"not_picked":["Cloak And Dagger","Skewer+1","PiercingWail"],"picked":"SKIP","floor":39},{"not_picked":["Bane+1","Reflex","Finisher+1"],"picked":"SKIP","floor":40},{"not_picked":["Expertise+1","Catalyst+1"],"picked":"PiercingWail+1","floor":46},{"not_picked":["Choke+1","Outmaneuver"],"picked":"Calculated Gamble+1","floor":48}],"player_experience":349540,"relics_obtained":[{"floor":9.0,"key":"Ninja Scroll"},{"floor":10.0,"key":"Turnip"},{"floor":12.0,"key":"StoneCalendar"},{"floor":14.0,"key":"Odd Mushroom"},{"floor":26,"key":"Kunai"},{"floor":27,"key":"Blue Candle"},{"floor":30,"key":"Smiling Mask"},{"floor":40,"key":"Boot"},{"floor":43,"key":"Mummified Hand"}],"event_choices":[{"damage_healed":0.0,"max_hp_gain":0.0,"max_hp_loss":0.0,"gold_gain":0.0,"event_name":"Lab","player_choice":"Got Potions","floor":2.0,"gold_loss":0.0,"damage_taken":0.0},{"damage_healed":0.0,"max_hp_gain":0.0,"max_hp_loss":0.0,"gold_gain":0.0,"event_name":"Mushrooms","player_choice":"Fought Mushrooms","floor":14.0,"gold_loss":0.0,"damage_taken":0.0},{"damage_healed":0.0,"max_hp_gain":0.0,"max_hp_loss":0.0,"gold_gain":0.0,"event_name":"The Mausoleum","player_choice":"Opened","floor":21.0,"gold_loss":0.0,"damage_taken":0.0,"relics_obtained":["Dodecahedron"],"cards_obtained":["Writhe"]},{"damage_healed":0,"gold_gain":0,"player_choice":"Max HP","damage_taken":0,"max_hp_gain":0,"max_hp_loss":4,"event_name":"Winding Halls","floor":37,"gold_loss":0},{"damage_healed":0,"gold_gain":0,"cards_transformed":["Defend_G"],"player_choice":"Transformed","damage_taken":0,"max_hp_gain":0,"max_hp_loss":0,"event_name":"Transmorgrifier","floor":44,"gold_loss":0,"cards_obtained":["Tools of the Trade"]}],"is_beta":false,"boss_relics":[{"not_picked":["Eternal Feather","Philosopher\u0027s Stone"],"picked":"Velvet Choker"},{"not_picked":["WristBlade","Astrolabe"],"picked":"Empty Cage"}],"items_purged_floors":[3,25,36,42,47],"is_endless":false,"potions_floor_spawned":[4,5,11,14,20,22,24,29,35,46,48],"killed_by":"Awakened One","ascension_level":0}