{"gold_per_floor":[109,284,23,38,58,58,91,102,102,102,102,114,114,69,69,172,172,184,184,199,199,28,58,58,58],"floor_reached":25,"playtime":1654,"items_purged":["Doubt","Decay"],"score":230,"play_id":"8a81f4e1-d5eb-4865-95a2-a6f35cb809b3","local_time":"20191005231551","is_ascension_mode":true,"campfire_choices":[{"data":"Mayhem","floor":6,"key":"SMITH"},{"data":"Anger","floor":10,"key":"SMITH"},{"data":"Flex","floor":11,"key":"SMITH"},{"data":"Rage","floor":13,"key":"SMITH"},{"data":"Pommel Strike","floor":15,"key":"SMITH"},{"data":"Berserk","floor":24,"key":"SMITH"}],"neow_cost":"NONE","seed_source_timestamp":115279987506800,"circlet_count":0,"master_deck":["Strike_R","Strike_R","Strike_R","Strike_R","Strike_R","Defend_R","Defend_R","Defend_R","Defend_R","Bash","Headbutt","Mayhem+1","Anger+1","Flex+1","Rage+1","Cleave","Thunderclap","Pommel Strike+1","Berserk+1","Warcry","Fire Breathing","Flame Barrier"],"relics":["Burning Blood","Bag of Preparation","WingedGreaves","Paper Frog","Sozu","Gambling Chip","Bottled Lightning"],"potions_floor_usage":[18,23],"damage_taken":[{"damage":2,"enemies":"2 Louse","floor":1,"turns":4},{"damage":1,"enemies":"Cultist","floor":4,"turns":3},{"damage":0,"enemies":"Small Slimes","floor":5,"turns":3},{"damage":16,"enemies":"Lagavulin","floor":7,"turns":5},{"damage":4,"enemies":"2 Fungi Beasts","floor":8,"turns":4},{"damage":5,"enemies":"Exordium Thugs","floor":12,"turns":4},{"damage":33,"enemies":"The Guardian","floor":16,"turns":9},{"damage":0,"enemies":"Spheric Guardian","floor":18,"turns":3},{"damage":22,"enemies":"2 Thieves","floor":20,"turns":3},{"damage":34,"enemies":"Slavers","floor":23,"turns":5},{"damage":70,"enemies":"Book of Stabbing","floor":25,"turns":6}],"seed_played":"-7083307048567440790","potions_obtained":[{"floor":4,"key":"BloodPotion"},{"floor":8,"key":"FairyPotion"},{"floor":12,"key":"Fire Potion"},{"floor":16,"key":"Ancient Potion"}],"is_trial":false,"path_per_floor":["M","?","$","M","M","R","E","M","T","R","R","M","R","$","R","B",null,"M","?","M","T","$","E","R","E"],"character_chosen":"IRONCLAD","items_purchased":["Mayhem","Pommel Strike","Fire Breathing"],"campfire_rested":0,"item_purchase_floors":[3,14,22],"current_hp_per_floor":[80,80,80,80,80,80,70,72,72,72,72,73,73,73,73,46,80,80,80,64,64,64,56,56,0],"gold":58,"neow_bonus":"RANDOM_COMMON_RELIC","is_prod":false,"is_daily":false,"chose_seed":false,"campfire_upgraded":6,"win_rate":0,"timestamp":1570331751,"path_taken":["M","?","$","M","M","R","E","M","T","R","R","M","R","$","R","BOSS","M","?","?","?","$","E","R","E"],"build_version":"2019-07-17","purchased_purges":2,"victory":false,"max_hp_per_floor":[80,80,80,80,80,80,80,80,80,80,80,80,80,80,80,80,80,80,80,80,80,80,80,80,80],"card_choices":[{"not_picked":["Twin Strike","Sever Soul"],"picked":"Headbutt","floor":1},{"not_picked":["Spot Weakness","Searing Blow"],"picked":"Anger","floor":4},{"not_picked":["Carnage","Clash"],"picked":"Flex","floor":5},{"not_picked":["Clothesline","Twin Strike"],"picked":"Rage","floor":7},{"not_picked":["Impervious","Iron Wave"],"picked":"Cleave","floor":8},{"not_picked":["Headbutt","Twin Strike"],"picked":"Thunderclap","floor":12},{"not_picked":["Offering","Bludgeon"],"picked":"Berserk","floor":16},{"not_picked":["Pummel","Evolve","Wild Strike"],"picked":"SKIP","floor":18},{"not_picked":["Flex","Perfected Strike"],"picked":"Warcry","floor":20},{"not_picked":["Body Slam","Shrug It Off"],"picked":"Flame Barrier","floor":23}],"player_experience":38189,"relics_obtained":[{"floor":7,"key":"WingedGreaves"},{"floor":9,"key":"Paper Frog"},{"floor":21,"key":"Gambling Chip"},{"floor":23,"key":"Bottled Lightning"}],"event_choices":[{"damage_healed":0,"gold_gain":175,"player_choice":"AGREE","damage_taken":0,"max_hp_gain":0,"max_hp_loss":0,"event_name":"Liars Game","floor":2,"gold_loss":0,"cards_obtained":["Doubt"]},{"damage_healed":0,"gold_gain":0,"player_choice":"Cursed","damage_taken":0,"max_hp_gain":0,"max_hp_loss":0,"event_name":"Wheel of Change","floor":19,"gold_loss":0,"cards_obtained":["Decay"]}],"is_beta":false,"boss_relics":[{"not_picked":["Philosopher\u0027s Stone","Calling Bell"],"picked":"Sozu"}],"items_purged_floors":[3,22],"is_endless":false,"potions_floor_spawned":[4,8,12,16,18,20],"killed_by":"Book of Stabbing","ascension_level":1}