{"gold_per_floor":[359,534,534,358,372,372,383,383,383,383,383,403,428,447,447,447],"floor_reached":16,"playtime":573,"items_purged":["Doubt"],"score":165,"play_id":"249ba62b-f014-4513-94d4-5a8c685acaea","local_time":"20190529224059","is_ascension_mode":true,"campfire_choices":[{"data":"Zap","floor":6,"key":"SMITH"},{"data":"Doom and Gloom","floor":8,"key":"SMITH"},{"floor":10,"key":"REST"},{"data":"Dualcast","floor":15,"key":"SMITH"}],"neow_cost":"PERCENT_DAMAGE","seed_source_timestamp":91386450129779,"circlet_count":0,"master_deck":["AscendersBane","Strike_B","Strike_B","Strike_B","Defend_B","Defend_B","Defend_B","Defend_B","Zap+1","Dualcast+1","Gash","Doom and Gloom+1","Ball Lightning","Cold Snap","Core Surge","Gash"],"relics":["Cracked Core","Shuriken","Potion Belt","Juzu Bracelet"],"potions_floor_usage":[16,16],"damage_taken":[{"damage":0,"enemies":"Jaw Worm","floor":1,"turns":3},{"damage":11,"enemies":"2 Louse","floor":5,"turns":3},{"damage":1,"enemies":"Cultist","floor":7,"turns":3},{"damage":9,"enemies":"2 Fungi Beasts","floor":12,"turns":2},{"damage":23,"enemies":"Lagavulin","floor":13,"turns":6},{"damage":4,"enemies":"Red Slaver","floor":14,"turns":3},{"damage":28,"enemies":"Hexaghost","floor":16,"turns":9}],"seed_played":"1885709662392225864","potions_obtained":[{"floor":12,"key":"SpeedPotion"},{"floor":14,"key":"EssenceOfSteel"}],"is_trial":false,"path_per_floor":["M","?","T","$","M","R","M","R","T","R","?","M","E","M","R","B"],"character_chosen":"DEFECT","items_purchased":["SteroidPotion","SkillPotion"],"campfire_rested":1,"item_purchase_floors":[4,4],"current_hp_per_floor":[50,50,50,50,39,39,38,38,38,60,60,51,28,24,24,0],"gold":447,"neow_bonus":"TWO_FIFTY_GOLD","is_prod":false,"is_daily":false,"chose_seed":false,"campfire_upgraded":3,"win_rate":0,"timestamp":1559162459,"path_taken":["M","?","?","$","M","R","M","R","T","R","?","?","E","M","R","BOSS"],"build_version":"2019-01-23","purchased_purges":1,"victory":false,"max_hp_per_floor":[75,75,75,75,75,75,75,75,75,75,75,75,75,75,75,75],"card_choices":[{"not_picked":["Barrage","Turbo"],"picked":"Gash","floor":1},{"not_picked":["Ball Lightning","Go for the Eyes"],"picked":"Doom and Gloom","floor":5},{"not_picked":["Beam Cell","Compile Driver"],"picked":"Ball Lightning","floor":7},{"not_picked":["Chaos","Beam Cell"],"picked":"Cold Snap","floor":12},{"not_picked":["Leap","Consume"],"picked":"Core Surge","floor":13},{"not_picked":["Steam","Tempest"],"picked":"Gash","floor":14}],"player_experience":384991,"relics_obtained":[{"floor":3,"key":"Shuriken"},{"floor":9,"key":"Potion Belt"},{"floor":13,"key":"Juzu Bracelet"}],"event_choices":[{"damage_healed":0,"gold_gain":175,"player_choice":"AGREE","damage_taken":0,"max_hp_gain":0,"max_hp_loss":0,"event_name":"Liars Game","floor":2,"gold_loss":0,"cards_obtained":["Doubt"]},{"cards_removed":["Strike_B"],"damage_healed":0,"gold_gain":0,"player_choice":"Offered Basic","damage_taken":0,"max_hp_gain":0,"max_hp_loss":0,"event_name":"Bonfire Elementals","floor":11,"gold_loss":0}],"is_beta":false,"boss_relics":[],"items_purged_floors":[4],"is_endless":false,"potions_floor_spawned":[12,14],"killed_by":"Hexaghost","ascension_level":13}