{"gold_per_floor":[114,289,289,306,326,326,352,352,352,352,378,395,405,424,424,524,524,541,541,271,289,388,413,413,413,439,439,474,486,404,420,420,521,521,538,538,555,555,555,566,601,601,601,601,616,662,662,104,104,104,104,104,4,35,35],"floor_reached":56,"playtime":3816,"items_purged":["Doubt","Writhe","Strike_R+1"],"score":1223,"play_id":"e5b3e579-b67a-4850-bc3c-3d93776fb749","local_time":"20190502233346","is_ascension_mode":false,"campfire_choices":[{"data":"Bash","floor":6.0,"key":"SMITH"},{"data":"Battle Trance","floor":8.0,"key":"SMITH"},{"data":"Wild Strike","floor":10.0,"key":"SMITH"},{"data":"Barricade","floor":15.0,"key":"SMITH"},{"data":"Flame Barrier","floor":25.0,"key":"SMITH"},{"data":"True Grit","floor":27.0,"key":"SMITH"},{"data":"Rage","floor":32.0,"key":"SMITH"},{"data":"Exhume","floor":42,"key":"SMITH"},{"data":"Metallicize","floor":44,"key":"SMITH"},{"floor":49,"key":"RECALL"},{"data":"Flame Barrier","floor":52,"key":"SMITH"}],"neow_cost":"PERCENT_DAMAGE","seed_source_timestamp":2350122574968650,"circlet_count":0,"master_deck":["Strike_R+1","Strike_R+1","Strike_R+1","Strike_R+1","Defend_R+1","Defend_R+1","Defend_R+1","Defend_R+1","Bash+1","Fiend Fire+1","Wild Strike+1","Flame Barrier+1","Cleave","Battle Trance+1","Barricade+1","Headbutt","True Grit+1","Exhume+1","Rage+1","Metallicize+1","Corruption+1","Evolve+1","Flame Barrier+1","Shrug It Off","Entrench+1","Offering+1","Clothesline","Sword Boomerang+1","Dark Shackles","Warcry+1","Body Slam+1","Power Through+1","Feel No Pain+1","Feel No Pain+1"],"special_seed":0,"relics":["Burning Blood","Shuriken","The Courier","Darkstone Periapt","Sozu","MutagenicStrength","Bag of Marbles","Pantograph","Lantern","Frozen Egg 2","Runic Cube","War Paint","Ornamental Fan","Nunchaku","Champion Belt","Self Forming Clay","Blue Candle"],"potions_floor_usage":[55],"damage_taken":[{"damage":4.0,"enemies":"Jaw Worm","floor":1.0,"turns":4.0},{"damage":0.0,"enemies":"2 Louse","floor":4.0,"turns":2.0},{"damage":0.0,"enemies":"Small Slimes","floor":5.0,"turns":2.0},{"damage":22.0,"enemies":"3 Sentries","floor":7.0,"turns":9.0},{"damage":8.0,"enemies":"Gremlin Nob","floor":11.0,"turns":3.0},{"damage":6.0,"enemies":"Blue Slaver","floor":12.0,"turns":5.0},{"damage":8.0,"enemies":"Large Slime","floor":13.0,"turns":2.0},{"damage":0.0,"enemies":"Lots of Slimes","floor":14.0,"turns":1.0},{"damage":22.0,"enemies":"The Guardian","floor":16.0,"turns":17.0},{"damage":10.0,"enemies":"Shell Parasite","floor":18.0,"turns":4.0},{"damage":0.0,"enemies":"Spheric Guardian","floor":21.0,"turns":2.0},{"damage":45.0,"enemies":"Slavers","floor":23.0,"turns":5.0},{"damage":0.0,"enemies":"Gremlin Leader","floor":28.0,"turns":3.0},{"damage":0.0,"enemies":"Snake Plant","floor":29.0,"turns":2.0},{"damage":8.0,"enemies":"Sentry and Sphere","floor":31.0,"turns":6.0},{"damage":24.0,"enemies":"Champ","floor":33.0,"turns":13.0},{"damage":0.0,"enemies":"Orb Walker","floor":35.0,"turns":3.0},{"damage":1,"enemies":"3 Darklings","floor":37,"turns":8},{"damage":24,"enemies":"Spire Growth","floor":40,"turns":5},{"damage":12,"enemies":"Reptomancer","floor":41,"turns":1},{"damage":6,"enemies":"Sphere and 2 Shapes","floor":45,"turns":5},{"damage":6,"enemies":"2 Orb Walkers","floor":46,"turns":3},{"damage":13,"enemies":"Time Eater","floor":50,"turns":8},{"damage":25,"enemies":"Shield and Spear","floor":54,"turns":4},{"damage":37,"enemies":"The Heart","floor":55,"turns":9}],"seed_played":"-3126981073879642575","potions_obtained":[{"floor":4.0,"key":"Regen Potion"},{"floor":11.0,"key":"Weak Potion"},{"floor":12.0,"key":"Swift Potion"},{"floor":13.0,"key":"PowerPotion"}],"is_trial":false,"path_per_floor":["M","?","?","M","M","R","E","R","T","R","E","M","M","M","R","B",null,"M","?","$","M","?","E","?","R","T","R","E","M","$","M","R","B",null,"M","?","M","?","T","M","E","R","T","R","M","?","?","$","R","B",null,"R","$","E","B",null],"character_chosen":"IRONCLAD","items_purchased":["Bag of Marbles","Rage","Metallicize","Shrug It Off","Entrench","Feel No Pain+1","Champion Belt","Self Forming Clay"],"campfire_rested":0,"item_purchase_floors":[20,20,20,30,30,48,48,48],"current_hp_per_floor":[58,58,42,48,54,54,38,38,38,38,36,36,34,40,40,24,80,76,76,76,80,80,41,41,41,41,41,47,53,53,51,51,58,80,80,80,80,80,80,62,56,56,56,56,56,56,82,82,82,79,86,86,86,67,70],"gold":35,"neow_bonus":"THREE_RARE_CARDS","is_prod":false,"is_daily":false,"chose_seed":false,"campfire_upgraded":10,"win_rate":0,"timestamp":1556854426,"path_taken":["M","?","?","M","M","R","E","R","T","R","E","M","M","M","R","BOSS","M","?","$","M","?","E","?","R","T","R","E","M","$","M","R","BOSS","M","?","M","?","?","M","E","R","T","R","?","?","?","$","R","BOSS","R","$","E","BOSS"],"build_version":"2019-01-23","purchased_purges":3,"victory":true,"max_hp_per_floor":[80,80,80,80,80,80,80,80,80,80,80,80,80,80,80,80,80,80,80,80,80,80,80,80,80,80,80,80,80,80,80,80,80,80,80,80,80,80,80,80,80,80,80,80,80,80,86,86,86,86,86,86,86,86,86],"card_choices":[{"not_picked":["Berserk","Juggernaut"],"picked":"Fiend Fire","floor":0.0},{"not_picked":["Headbutt","Twin Strike"],"picked":"Wild Strike","floor":1.0},{"not_picked":["Twin Strike","Flex"],"picked":"Flame Barrier","floor":4.0},{"not_picked":["Iron Wave","Warcry"],"picked":"Cleave","floor":5.0},{"not_picked":["Infernal Blade","Twin Strike"],"picked":"Battle Trance","floor":7.0},{"not_picked":["Thunderclap","Twin Strike"],"picked":"Barricade","floor":11.0},{"not_picked":["Shockwave","Perfected Strike"],"picked":"Headbutt","floor":12.0},{"not_picked":["Warcry","Twin Strike","Corruption"],"picked":"SKIP","floor":13.0},{"not_picked":["Hemokinesis","Ghostly Armor"],"picked":"True Grit","floor":14.0},{"not_picked":["Brutality","Double Tap"],"picked":"Exhume","floor":16.0},{"not_picked":["Flex","Sever Soul+1","Warcry"],"picked":"SKIP","floor":18.0},{"not_picked":["Headbutt","Havoc","Clash"],"picked":"SKIP","floor":21.0},{"not_picked":["Havoc","Fire Breathing"],"picked":"Corruption+1","floor":23.0},{"not_picked":["Cleave","Berserk"],"picked":"Evolve","floor":28.0},{"not_picked":["Heavy Blade","Body Slam+1"],"picked":"Flame Barrier","floor":29.0},{"not_picked":["Havoc","Thunderclap+1","Headbutt"],"picked":"SKIP","floor":31.0},{"not_picked":["Immolate","Dark Embrace+1"],"picked":"Offering","floor":33.0},{"not_picked":["Sever Soul","Bloodletting+1"],"picked":"Clothesline","floor":35.0},{"not_picked":["Heavy Blade+1","Havoc"],"picked":"Sword Boomerang+1","floor":37},{"not_picked":["Panacea","Trip"],"picked":"Dark Shackles","floor":38},{"not_picked":["Pommel Strike+1","Bloodletting+1"],"picked":"Warcry+1","floor":40},{"not_picked":["Pummel+1","Perfected Strike"],"picked":"Body Slam+1","floor":41},{"not_picked":["Seeing Red+1","Wild Strike+1"],"picked":"Power Through+1","floor":45},{"not_picked":["Intimidate","Headbutt+1"],"picked":"Feel No Pain+1","floor":54}],"player_experience":845207,"relics_obtained":[{"floor":7.0,"key":"Shuriken"},{"floor":9.0,"key":"The Courier"},{"floor":11.0,"key":"Darkstone Periapt"},{"floor":23.0,"key":"Pantograph"},{"floor":26.0,"key":"Lantern"},{"floor":28.0,"key":"Frozen Egg 2"},{"floor":41,"key":"War Paint"},{"floor":43,"key":"Ornamental Fan"},{"floor":46,"key":"Nunchaku"},{"floor":54,"key":"Blue Candle"}],"event_choices":[{"damage_healed":0.0,"max_hp_gain":0.0,"max_hp_loss":0.0,"gold_gain":175.0,"event_name":"Liars Game","player_choice":"AGREE","floor":2.0,"gold_loss":0.0,"damage_taken":0.0,"cards_obtained":["Doubt"]},{"damage_healed":0.0,"max_hp_gain":0.0,"max_hp_loss":0.0,"gold_gain":0.0,"event_name":"Shining Light","player_choice":"Entered Light","floor":3.0,"gold_loss":0.0,"damage_taken":16.0,"cards_upgraded":["Fiend Fire","Defend_R"]},{"damage_healed":0.0,"max_hp_gain":0.0,"max_hp_loss":0.0,"gold_gain":0.0,"event_name":"Drug Dealer","player_choice":"Inject Mutagens","floor":19.0,"gold_loss":0.0,"damage_taken":0.0,"relics_obtained":["MutagenicStrength"]},{"damage_healed":0.0,"max_hp_gain":0.0,"max_hp_loss":0.0,"gold_gain":99.0,"event_name":"Nest","player_choice":"Stole From Cult","floor":22.0,"gold_loss":0.0,"damage_taken":0.0},{"damage_healed":0.0,"max_hp_gain":0.0,"max_hp_loss":0.0,"gold_gain":0.0,"event_name":"Back to Basics","player_choice":"Simplicity","floor":24.0,"gold_loss":0.0,"damage_taken":0.0,"cards_upgraded":["Strike_R","Strike_R","Strike_R","Strike_R","Strike_R","Defend_R","Defend_R","Defend_R"]},{"damage_healed":0.0,"max_hp_gain":0.0,"max_hp_loss":0.0,"gold_gain":0.0,"event_name":"Tomb of Lord Red Mask","player_choice":"Ignored","floor":36.0,"gold_loss":0.0,"damage_taken":0.0},{"damage_healed":0,"gold_gain":0,"player_choice":"Memory 1","damage_taken":0,"max_hp_gain":0,"max_hp_loss":0,"event_name":"SensoryStone","floor":38,"gold_loss":0},{"damage_healed":0,"gold_gain":0,"player_choice":"Fight","damage_taken":0,"max_hp_gain":0,"max_hp_loss":0,"event_name":"Mysterious Sphere","floor":46,"gold_loss":0},{"damage_healed":20,"gold_gain":0,"player_choice":"Writhe","damage_taken":0,"max_hp_gain":0,"max_hp_loss":0,"event_name":"Winding Halls","floor":47,"gold_loss":0,"cards_obtained":["Writhe"]}],"is_beta":false,"boss_relics":[{"not_picked":["Velvet Choker","Fusion Hammer"],"picked":"Sozu"},{"not_picked":["Snecko Eye","Runic Dome"],"picked":"Runic Cube"}],"items_purged_floors":[20,48,53],"is_endless":false,"potions_floor_spawned":[4,11,12,13,21,28,29,31,35,40,45,46,54],"ascension_level":0}