{"gold_per_floor":[217,217,228,178,251,285,61,61,61,61,61,78,96,108,108,181,181,192,192,209,209,224,224,259,259,259,293,324,324,324,351,351,425,425,445,445,459,475,495,495,528,528,528,74,93,126,137,165,165,165],"floor_reached":51,"playtime":3404,"items_purged":[],"score":1492,"play_id":"d598c564-1bd2-4ff3-8a66-3a7305531ee5","local_time":"20190601153253","is_ascension_mode":true,"campfire_choices":[{"floor":8.0,"key":"REST"},{"floor":11.0,"key":"REST"},{"data":"Defragment","floor":15.0,"key":"SMITH"},{"floor":23.0,"key":"REST"},{"floor":25.0,"key":"REST"},{"floor":30.0,"key":"REST"},{"data":"Capacitor","floor":32.0,"key":"SMITH"},{"floor":40.0,"key":"REST"},{"floor":42.0,"key":"REST"},{"floor":49,"key":"REST"}],"neow_cost":"NONE","seed_source_timestamp":59179074450305,"circlet_count":0,"master_deck":["AscendersBane","Strike_B+1","Strike_B+1","Defend_B+1","Defend_B+1","Defend_B+1","Defend_B+1","Zap","Dualcast","Genetic Algorithm","Sunder","Core Surge","Buffer+1","Defragment+1","Ball Lightning","Electrodynamics","Glacier","Capacitor+1","Glacier+1","Steam+1","Hologram","Hyperbeam","Undo","Barrage+1","Glacier","Biased Cognition","Defragment","Loop","Master of Strategy","Coolheaded","Loop","Ball Lightning+1"],"special_seed":0,"relics":["Cracked Core","Question Card","The Courier","Sozu","Boot","Mummified Hand","WingedGreaves","Bottled Flame","War Paint","Fusion Hammer","Thread and Needle","Strawberry","Sundial","Smiling Mask","Happy Flower"],"potions_floor_usage":[50],"damage_taken":[{"damage":3.0,"enemies":"2 Louse","floor":1.0,"turns":3.0},{"damage":5.0,"enemies":"Cultist","floor":3.0,"turns":3.0},{"damage":35.0,"enemies":"Lagavulin","floor":6.0,"turns":7.0},{"damage":0.0,"enemies":"Small Slimes","floor":12.0,"turns":3.0},{"damage":0.0,"enemies":"Blue Slaver","floor":13.0,"turns":3.0},{"damage":4.0,"enemies":"2 Fungi Beasts","floor":14.0,"turns":3.0},{"damage":0.0,"enemies":"Slime Boss","floor":16.0,"turns":11.0},{"damage":0.0,"enemies":"Chosen","floor":18.0,"turns":4.0},{"damage":7.0,"enemies":"2 Thieves","floor":20.0,"turns":4.0},{"damage":15.0,"enemies":"Centurion and Healer","floor":22.0,"turns":6.0},{"damage":0.0,"enemies":"Book of Stabbing","floor":24.0,"turns":7.0},{"damage":19.0,"enemies":"Gremlin Leader","floor":27.0,"turns":5.0},{"damage":25.0,"enemies":"Slavers","floor":28.0,"turns":6.0},{"damage":1.0,"enemies":"Book of Stabbing","floor":31.0,"turns":6.0},{"damage":42.0,"enemies":"Champ","floor":33.0,"turns":17.0},{"damage":13.0,"enemies":"3 Shapes","floor":35.0,"turns":4.0},{"damage":0.0,"enemies":"Orb Walker","floor":37.0,"turns":3.0},{"damage":13.0,"enemies":"Transient","floor":38.0,"turns":5.0},{"damage":0.0,"enemies":"4 Shapes","floor":39.0,"turns":5.0},{"damage":0.0,"enemies":"Nemesis","floor":41.0,"turns":9.0},{"damage":0.0,"enemies":"Sphere and 2 Shapes","floor":45.0,"turns":6.0},{"damage":28.0,"enemies":"Reptomancer","floor":46.0,"turns":5.0},{"damage":0,"enemies":"Writhing Mass","floor":47,"turns":6},{"damage":1,"enemies":"Nemesis","floor":48,"turns":7},{"damage":30,"enemies":"Donu and Deca","floor":50,"turns":6}],"seed_played":"-1218182604057871576","potions_obtained":[{"floor":1.0,"key":"Fire Potion"},{"floor":12.0,"key":"SkillPotion"}],"is_trial":false,"path_per_floor":["M","?","M","?","?","E","$","R","T","?","R","M","M","M","R","B",null,"M","?","M","?","M","R","E","R","T","E","E","?","R","E","R","B",null,"M","?","M","M","M","R","E","R","T","$","M","E","M","E","R","B",null],"character_chosen":"DEFECT","items_purchased":["Core Surge","Buffer","Defragment","Loop","Master of Strategy","Sundial"],"campfire_rested":8,"item_purchase_floors":[7,7,44,44,44,44],"current_hp_per_floor":[61,61,56,56,56,21,21,42,42,28,49,49,49,45,45,45,65,65,52,45,45,30,52,52,74,74,55,30,30,52,51,51,9,59,46,51,51,38,38,60,60,76,83,83,83,55,55,54,78,48],"gold":165,"neow_bonus":"HUNDRED_GOLD","is_prod":false,"is_daily":false,"chose_seed":false,"campfire_upgraded":2,"win_rate":0,"timestamp":1559395973,"path_taken":["M","?","?","?","?","E","?","R","T","?","R","M","?","M","R","BOSS","M","?","M","?","M","R","E","R","T","E","E","?","R","E","R","BOSS","M","?","?","M","?","R","E","R","T","$","M","E","M","E","R","BOSS"],"build_version":"2019-01-23","purchased_purges":0,"victory":true,"max_hp_per_floor":[71,71,71,71,71,71,71,71,71,71,71,71,71,71,71,71,71,71,76,76,76,76,76,76,76,76,76,76,76,76,76,76,76,76,76,76,76,76,76,76,76,76,83,83,83,83,83,83,83,83],"card_choices":[{"not_picked":["Chaos","Compile Driver"],"picked":"Genetic Algorithm","floor":1.0},{"not_picked":["Genetic Algorithm","Stack"],"picked":"Sunder","floor":3.0},{"not_picked":["Beam Cell","Hello World","Machine Learning"],"picked":"SKIP","floor":6.0},{"not_picked":["Lockon","Doom and Gloom","Turbo"],"picked":"Cold Snap","floor":12.0},{"not_picked":["Compile Driver","Steam","Consume"],"picked":"Defragment","floor":13.0},{"not_picked":["Rip and Tear","Lockon","Storm"],"picked":"Ball Lightning","floor":14.0},{"not_picked":["Buffer","Seek","Meteor Strike"],"picked":"Electrodynamics","floor":16.0},{"not_picked":["Steam","Coolheaded","Hologram"],"picked":"Glacier","floor":18.0},{"not_picked":["Undo","Barrage","White Noise"],"picked":"Capacitor","floor":20.0},{"not_picked":["Skim+1","Rebound","Ball Lightning","Darkness"],"picked":"SKIP","floor":22.0},{"not_picked":["Sweeping Beam","Sunder","Static Discharge+1"],"picked":"Glacier","floor":24.0},{"not_picked":["Heatsinks","Reprogram+1","Reinforced Body"],"picked":"Steam","floor":27.0},{"not_picked":["Redo","Fission","Streamline","Undo"],"picked":"SKIP","floor":28.0},{"not_picked":["Ball Lightning+1","Melter","Aggregate"],"picked":"Hologram","floor":31.0},{"not_picked":["Creative AI","Machine Learning","Reboot"],"picked":"Hyperbeam","floor":33.0},{"not_picked":["Steam","Go for the Eyes+1","Stack","Steam Power"],"picked":"SKIP","floor":35.0},{"not_picked":["Rebound","BootSequence+1","Fusion"],"picked":"Undo","floor":37.0},{"not_picked":["Steam","Blizzard","Sweeping Beam"],"picked":"Barrage+1","floor":38.0},{"not_picked":["Lockon+1","Ball Lightning","Cold Snap"],"picked":"Glacier","floor":39.0},{"not_picked":["Melter","Blizzard","Loop"],"picked":"Biased Cognition","floor":41.0},{"not_picked":["Blizzard","Doom and Gloom","Turbo+1","Cold Snap+1"],"picked":"SKIP","floor":45.0},{"not_picked":["Loop","Consume","Sweeping Beam"],"picked":"Coolheaded","floor":46.0},{"not_picked":["Streamline","Stack","Conserve Battery"],"picked":"Loop","floor":47},{"not_picked":["Gash","Turbo","Rebound"],"picked":"Ball Lightning+1","floor":48}],"player_experience":409653,"relics_obtained":[{"floor":6.0,"key":"Question Card"},{"floor":9.0,"key":"The Courier"},{"floor":24.0,"key":"Boot"},{"floor":26.0,"key":"Mummified Hand"},{"floor":27.0,"key":"WingedGreaves"},{"floor":28.0,"key":"Bottled Flame"},{"floor":31.0,"key":"War Paint"},{"floor":41.0,"key":"Thread and Needle"},{"floor":43.0,"key":"Strawberry"},{"floor":46.0,"key":"Smiling Mask"},{"floor":48,"key":"Happy Flower"}],"event_choices":[{"cards_removed":["Strike_B"],"damage_healed":0.0,"max_hp_gain":0.0,"max_hp_loss":0.0,"gold_gain":0.0,"event_name":"Purifier","player_choice":"Purged","floor":2.0,"gold_loss":0.0,"damage_taken":0.0},{"cards_removed":["Strike_B"],"damage_healed":0.0,"max_hp_gain":0.0,"max_hp_loss":0.0,"gold_gain":0.0,"event_name":"The Cleric","player_choice":"Card Removal","floor":4.0,"gold_loss":50.0,"damage_taken":0.0},{"damage_healed":0.0,"max_hp_gain":0.0,"max_hp_loss":0.0,"gold_gain":73.0,"event_name":"Golden Wing","player_choice":"Gained Gold","floor":5.0,"gold_loss":0.0,"damage_taken":0.0},{"damage_healed":0.0,"max_hp_gain":0.0,"max_hp_loss":0.0,"gold_gain":0.0,"event_name":"Shining Light","player_choice":"Entered Light","floor":10.0,"gold_loss":0.0,"damage_taken":14.0,"cards_upgraded":["Strike_B","Buffer"]},{"damage_healed":0.0,"max_hp_gain":5.0,"max_hp_loss":0.0,"gold_gain":0.0,"event_name":"Forgotten Altar","player_choice":"Shed Blood","floor":19.0,"gold_loss":0.0,"damage_taken":18.0},{"damage_healed":0.0,"max_hp_gain":0.0,"max_hp_loss":0.0,"gold_gain":0.0,"event_name":"Back to Basics","player_choice":"Simplicity","floor":21.0,"gold_loss":0.0,"damage_taken":0.0,"cards_upgraded":["Strike_B","Defend_B","Defend_B","Defend_B","Defend_B"]},{"damage_healed":0.0,"max_hp_gain":0.0,"max_hp_loss":0.0,"gold_gain":0.0,"event_name":"Vampires","player_choice":"Ignored","floor":29.0,"gold_loss":0.0,"damage_taken":0.0},{"cards_removed":["Cold Snap"],"damage_healed":5.0,"max_hp_gain":0.0,"max_hp_loss":0.0,"gold_gain":0.0,"event_name":"Bonfire Elementals","player_choice":"Offered Common","floor":36.0,"gold_loss":0.0,"damage_taken":0.0},{"cards_removed":["Cold Snap"],"damage_healed":5.0,"max_hp_gain":0.0,"max_hp_loss":0.0,"gold_gain":0.0,"event_name":"Bonfire Elementals","player_choice":"Offered Special","floor":36.0,"gold_loss":0.0,"damage_taken":0.0}],"is_beta":false,"boss_relics":[{"not_picked":["Philosopher\u0027s Stone","Pandora\u0027s Box"],"picked":"Sozu"},{"not_picked":["Lizard Tail","Orrery"],"picked":"Fusion Hammer"}],"items_purged_floors":[],"is_endless":false,"potions_floor_spawned":[1,12,14,20,24,33,37,39,46,48],"ascension_level":14}