{"gold_per_floor":[112,112,124,137,62,62,94,109,133,148,148,162,162,162,162,162],"floor_reached":16,"playtime":550,"items_purged":["Strike_B"],"score":102,"play_id":"ce763a10-b61a-479b-a922-0027438c917d","local_time":"20190208215940","is_ascension_mode":false,"campfire_choices":[{"data":"Hyperbeam","floor":6.0,"key":"SMITH"},{"data":"Hologram","floor":11,"key":"SMITH"},{"data":"Buffer","floor":13,"key":"SMITH"},{"data":"Melter","floor":15,"key":"SMITH"}],"neow_cost":"NONE","seed_source_timestamp":1563387056582705,"circlet_count":0,"master_deck":["Strike_B","Strike_B","Defend_B","Defend_B","Defend_B","Defend_B","Zap+1","Dualcast","Hologram+1","Hyperbeam+1","Rebound","Melter+1","Buffer+1","Regret"],"special_seed":0,"relics":["Cracked Core","Potion Belt","Ancient Tea Set"],"potions_floor_usage":[],"damage_taken":[{"damage":0.0,"enemies":"Small Slimes","floor":1.0,"turns":4.0},{"damage":0.0,"enemies":"Cultist","floor":3.0,"turns":2.0},{"damage":0.0,"enemies":"2 Louse","floor":4.0,"turns":1.0},{"damage":36,"enemies":"Lagavulin","floor":7,"turns":6},{"damage":7,"enemies":"Large Slime","floor":8,"turns":4},{"damage":0,"enemies":"3 Louse","floor":10,"turns":1},{"damage":1,"enemies":"Exordium Wildlife","floor":12,"turns":2},{"damage":33,"enemies":"Hexaghost","floor":16,"turns":7}],"seed_played":"7515628201489660825","potions_obtained":[{"floor":8,"key":"Strength Potion"},{"floor":12,"key":"Ancient Potion"}],"is_trial":false,"path_per_floor":["M","?","M","M","$","R","E","M","T","M","R","M","R","?","R","B"],"character_chosen":"DEFECT","items_purchased":[],"campfire_rested":0,"item_purchase_floors":[],"current_hp_per_floor":[75,75,75,75,75,75,39,32,32,32,32,31,31,31,31,0],"gold":162,"neow_bonus":"UPGRADE_CARD","is_prod":false,"is_daily":false,"chose_seed":false,"campfire_upgraded":4,"win_rate":0,"timestamp":1549681180,"path_taken":["M","?","?","M","?","R","E","?","T","M","R","M","R","?","R","BOSS"],"build_version":"2019-01-23","purchased_purges":1,"victory":false,"max_hp_per_floor":[75,75,75,75,75,75,75,75,75,75,75,75,75,75,75,75],"card_choices":[{"not_picked":["Leap","Barrage"],"picked":"Hologram","floor":1.0},{"not_picked":["Conserve Battery","Stack"],"picked":"Rebound","floor":3.0},{"not_picked":["Compile Driver","Leap"],"picked":"Melter","floor":4.0},{"not_picked":["Chill","Gash"],"picked":"Buffer","floor":7},{"not_picked":["Force Field","Ball Lightning","Redo"],"picked":"SKIP","floor":8},{"not_picked":["Rip and Tear","Go for the Eyes","Streamline"],"picked":"SKIP","floor":10},{"not_picked":["Redo","Hello World","Melter"],"picked":"SKIP","floor":12}],"player_experience":671765,"relics_obtained":[{"floor":7,"key":"Potion Belt"}],"event_choices":[{"damage_healed":0.0,"max_hp_gain":0.0,"max_hp_loss":0.0,"gold_gain":0.0,"cards_transformed":["Strike_B"],"event_name":"Transmorgrifier","player_choice":"Transformed","floor":2.0,"gold_loss":0.0,"damage_taken":0.0,"cards_obtained":["Hyperbeam"]},{"damage_healed":0,"gold_gain":0,"player_choice":"Box","damage_taken":0,"relics_obtained":["Ancient Tea Set"],"max_hp_gain":0,"max_hp_loss":0,"event_name":"Big Fish","floor":14,"gold_loss":0,"cards_obtained":["Regret"]}],"is_beta":false,"boss_relics":[],"items_purged_floors":[5],"is_endless":false,"potions_floor_spawned":[8,12],"killed_by":"Hexaghost","ascension_level":0}