{"gold_per_floor":[117,82,7,7,18,18,29,29,29,47,47,81,81,113,113,210,210,224,224,241,241,241,241,241,241,268,268,282,292,292,35,35,139,139,158,158,77,96,109,109,135,149,149,149,163,163,163,183,183,183],"floor_reached":51,"playtime":3960,"items_purged":["Strike_G"],"score":658,"play_id":"d074df94-282a-48be-aa8e-a0f4601e1041","local_time":"20181107221827","is_ascension_mode":false,"campfire_choices":[{"data":"Dagger Spray","floor":6.0,"key":"SMITH"},{"data":"Neutralize","floor":8.0,"key":"SMITH"},{"data":"Slice","floor":11.0,"key":"SMITH"},{"data":"Survivor","floor":15.0,"key":"SMITH"},{"data":"Well Laid Plans","floor":23.0,"key":"SMITH"},{"data":"Leg Sweep","floor":25.0,"key":"SMITH"},{"floor":27.0,"key":"REST"},{"floor":30.0,"key":"REST"},{"floor":32.0,"key":"REST"},{"data":"Phantasmal Killer","floor":40,"key":"SMITH"},{"floor":44,"key":"REST"},{"data":"Malaise","floor":47,"key":"SMITH"},{"floor":49,"key":"REST"}],"neow_cost":"PERCENT_DAMAGE","seed_source_timestamp":1882253110171242,"circlet_count":0,"master_deck":["Defend_G+1","Defend_G+1","Defend_G+1","Defend_G+1","Defend_G+1","Strike_G+1","Strike_G+1","Strike_G+1","Strike_G+1","Survivor+1","Neutralize+1","Slice+1","Dagger Spray+1","Quick Slash+1","Flying Knee+1","Sucker Punch+1","Die Die Die+1","Well Laid Plans+1","Slice+1","Flying Knee+1","Dash+1","Phantasmal Killer+1","Dark Shackles","Footwork","Parasite","Unload+1","Malaise+1","Dodge and Roll"],"special_seed":0,"relics":["Ring of the Snake","Gambling Chip","Ginger","Molten Egg 2","Turnip","Calipers","Lizard Tail","PreservedInsect","ClockworkSouvenir","Velvet Choker","Ice Cream","Shuriken"],"potions_floor_usage":[33,39,50,50],"damage_taken":[{"damage":4.0,"enemies":"Small Slimes","floor":1.0,"turns":5.0},{"damage":5.0,"enemies":"Jaw Worm","floor":5.0,"turns":4.0},{"damage":0.0,"enemies":"2 Louse","floor":7.0,"turns":2.0},{"damage":4.0,"enemies":"Large Slime","floor":10.0,"turns":6.0},{"damage":16.0,"enemies":"Lagavulin","floor":12.0,"turns":8.0},{"damage":4.0,"enemies":"3 Sentries","floor":14.0,"turns":5.0},{"damage":19.0,"enemies":"Slime Boss","floor":16.0,"turns":10.0},{"damage":10.0,"enemies":"Spheric Guardian","floor":18.0,"turns":3.0},{"damage":4.0,"enemies":"2 Thieves","floor":20.0,"turns":3.0},{"damage":0.0,"enemies":"Cultist and Chosen","floor":28.0,"turns":5.0},{"damage":7.0,"enemies":"Snake Plant","floor":29.0,"turns":4.0},{"damage":38,"enemies":"Champ","floor":33,"turns":10},{"damage":0,"enemies":"Orb Walker","floor":35,"turns":2},{"damage":1,"enemies":"3 Darklings","floor":38,"turns":5},{"damage":20,"enemies":"Writhing Mass","floor":39,"turns":6},{"damage":0,"enemies":"Nemesis","floor":41,"turns":7},{"damage":3,"enemies":"Sphere and 2 Shapes","floor":42,"turns":6},{"damage":5,"enemies":"4 Shapes","floor":45,"turns":4},{"damage":0,"enemies":"Maw","floor":48,"turns":7},{"damage":42,"enemies":"Time Eater","floor":50,"turns":12}],"seed_played":"-1496155287400523654","potions_obtained":[{"floor":10.0,"key":"SpeedPotion"},{"floor":12.0,"key":"Fruit Juice"},{"floor":14.0,"key":"Swift Potion"},{"floor":18.0,"key":"Regen Potion"},{"floor":20.0,"key":"GamblersBrew"},{"floor":33,"key":"Swift Potion"},{"floor":45,"key":"SpeedPotion"}],"is_trial":false,"path_per_floor":["M","?","$","?","M","R","M","R","T","M","R","E","?","E","R","B",null,"M","?","M","?","?","R","?","R","T","R","M","M","R","$","R","B",null,"M","?","$","M","M","R","E","M","T","R","M","?","R","M","R","B",null],"character_chosen":"THE_SILENT","items_purchased":["ClockworkSouvenir","SteroidPotion","Footwork"],"campfire_rested":5,"item_purchase_floors":[31,31,37],"current_hp_per_floor":[45,62,62,62,57,57,57,57,57,53,53,42,35,31,31,12,75,65,65,61,61,61,61,61,61,61,75,75,68,75,75,75,37,75,75,75,75,74,54,54,54,51,51,73,68,68,68,68,75,48],"gold":183,"neow_bonus":"ONE_RARE_RELIC","is_prod":false,"is_daily":false,"chose_seed":false,"campfire_upgraded":8,"win_rate":0,"timestamp":1541647107,"path_taken":["M","?","?","?","M","R","M","R","T","M","R","E","?","E","R","BOSS","M","?","?","?","?","R","?","R","T","R","M","M","R","$","R","BOSS","M","?","$","M","M","R","E","M","T","R","M","?","R","M","R","BOSS"],"build_version":"2018-11-01","purchased_purges":1,"victory":true,"max_hp_per_floor":[70,70,70,70,70,70,70,70,70,70,70,75,75,75,75,75,75,75,75,75,75,75,75,75,75,75,75,75,75,75,75,75,75,75,75,75,75,75,75,75,75,75,75,75,75,75,75,75,75,75],"card_choices":[{"not_picked":["Heel Hook","Prepared"],"picked":"Slice","floor":1.0},{"not_picked":["Predator","Dagger Throw"],"picked":"Dagger Spray","floor":5.0},{"not_picked":["Backflip","Blade Dance"],"picked":"Leg Sweep","floor":7.0},{"not_picked":["Deflect","Cloak And Dagger"],"picked":"Quick Slash+1","floor":10.0},{"not_picked":["Venomology","Riddle With Holes+1"],"picked":"Flying Knee+1","floor":12.0},{"not_picked":["Distraction","Cloak And Dagger"],"picked":"Sucker Punch+1","floor":14.0},{"not_picked":["Envenom","After Image"],"picked":"Die Die Die+1","floor":16.0},{"not_picked":["Cloak And Dagger+1","Acrobatics"],"picked":"Well Laid Plans","floor":18.0},{"not_picked":["Accuracy","Distraction"],"picked":"Slice+1","floor":20.0},{"not_picked":["Expertise","Dodge and Roll+1"],"picked":"Flying Knee+1","floor":28.0},{"not_picked":["Noxious Fumes","PiercingWail"],"picked":"Dash+1","floor":29.0},{"not_picked":["Grand Finale+1","Burst"],"picked":"Phantasmal Killer","floor":33},{"not_picked":["Outmaneuver","Sucker Punch+1","Slice+1"],"picked":"SKIP","floor":35},{"not_picked":["Enlightenment","Bandage Up"],"picked":"Dark Shackles","floor":36},{"not_picked":["PiercingWail","Tactician+1","Prepared"],"picked":"SKIP","floor":38},{"not_picked":["Blade Dance","PiercingWail+1","Flying Knee+1"],"picked":"SKIP","floor":39},{"not_picked":["Choke+1","Reflex+1"],"picked":"Unload+1","floor":41},{"not_picked":["PiercingWail","Acrobatics","Deflect"],"picked":"SKIP","floor":42},{"not_picked":["Prepared","Wraith Form v2","Finisher+1"],"picked":"SKIP","floor":45},{"not_picked":["Escape Plan","Catalyst+1"],"picked":"Dodge and Roll","floor":48}],"player_experience":553750,"relics_obtained":[{"floor":9.0,"key":"Molten Egg 2"},{"floor":12.0,"key":"Turnip"},{"floor":14.0,"key":"Calipers"},{"floor":26.0,"key":"PreservedInsect"},{"floor":41,"key":"Ice Cream"},{"floor":43,"key":"Shuriken"}],"event_choices":[{"damage_healed":17.0,"max_hp_gain":0.0,"max_hp_loss":0.0,"gold_gain":0.0,"event_name":"The Cleric","player_choice":"Healed","floor":2.0,"gold_loss":35.0,"damage_taken":0.0},{"damage_healed":0.0,"max_hp_gain":0.0,"max_hp_loss":0.0,"gold_gain":0.0,"event_name":"Big Fish","player_choice":"Box","floor":4.0,"gold_loss":0.0,"damage_taken":0.0,"relics_obtained":["Ginger"],"cards_obtained":["Regret"]},{"cards_removed":["Regret"],"damage_healed":0.0,"max_hp_gain":0.0,"max_hp_loss":0.0,"gold_gain":0.0,"event_name":"Golden Wing","player_choice":"Card Removal","floor":13.0,"gold_loss":0.0,"damage_taken":7.0},{"damage_healed":0.0,"max_hp_gain":0.0,"max_hp_loss":0.0,"gold_gain":0.0,"event_name":"N\u0027loth","player_choice":"Ignored","floor":19.0,"gold_loss":0.0,"damage_taken":0.0},{"damage_healed":0.0,"max_hp_gain":0.0,"max_hp_loss":0.0,"gold_gain":0.0,"event_name":"Ghosts","player_choice":"Ignored","floor":21.0,"gold_loss":0.0,"damage_taken":0.0},{"damage_healed":0.0,"max_hp_gain":0.0,"max_hp_loss":0.0,"gold_gain":0.0,"event_name":"Vampires","player_choice":"Ignored","floor":22.0,"gold_loss":0.0,"damage_taken":0.0},{"damage_healed":0.0,"max_hp_gain":0.0,"max_hp_loss":0.0,"gold_gain":0.0,"event_name":"Back to Basics","player_choice":"Simplicity","floor":24.0,"gold_loss":0.0,"damage_taken":0.0,"cards_upgraded":["Defend_G","Defend_G","Defend_G","Defend_G","Defend_G","Strike_G","Strike_G","Strike_G","Strike_G"]},{"damage_healed":0,"gold_gain":0,"player_choice":"Memory 1","damage_taken":0,"max_hp_gain":0,"max_hp_loss":0,"event_name":"SensoryStone","floor":36,"gold_loss":0},{"damage_healed":0,"gold_gain":0,"cards_transformed":["Leg Sweep"],"player_choice":"Transformed","damage_taken":0,"max_hp_gain":0,"max_hp_loss":0,"event_name":"Transmorgrifier","floor":46,"gold_loss":0,"cards_obtained":["Malaise"]}],"is_beta":false,"boss_relics":[{"not_picked":["Sozu","WristBlade"],"picked":"Lizard Tail"},{"not_picked":["Philosopher\u0027s Stone","Runic Dome"],"picked":"Velvet Choker"}],"items_purged_floors":[3],"is_endless":false,"potions_floor_spawned":[10,12,14,18,20,33,38,45],"ascension_level":0}