{"gold_per_floor":[118,135,8,18,18,52,52,65,365,396,396,413,3,21,21,120,120,134,134,149,168,178,207,207,234,234,89,89,108,127,52,52,157,157,176,190,123,168,0,0,11,111,135,135,162,162,162,15,15,15,15,15,15,49,49],"floor_reached":56,"playtime":3412,"items_purged":["Strike_G","Strike_G"],"score":1300,"play_id":"c39d9172-01e6-4fa9-968a-3d588966b3d0","local_time":"20190814220204","is_ascension_mode":false,"campfire_choices":[{"data":"Catalyst","floor":15.0,"key":"SMITH"},{"data":"Crippling Poison","floor":24.0,"key":"SMITH"},{"data":"Bouncing Flask","floor":28.0,"key":"SMITH"},{"data":"Noxious Fumes","floor":32.0,"key":"SMITH"},{"floor":40.0,"key":"RECALL"},{"data":"1","floor":44,"key":"LIFT"},{"data":"2","floor":46,"key":"LIFT"},{"data":"3","floor":49,"key":"LIFT"},{"floor":52,"key":"REST"}],"neow_cost":"NONE","seed_source_timestamp":0,"circlet_count":0,"master_deck":["Defend_G","Defend_G","Defend_G+1","Defend_G","Defend_G","Survivor","Neutralize","Dash","Flying Knee+1","Backflip","Catalyst+1","Noxious Fumes+1","Well Laid Plans","Glass Knife","Escape Plan","Bouncing Flask+1","Crippling Poison+1","Escape Plan","Bullet Time","Caltrops+1","Blur","Escape Plan+1","Wraith Form v2","Footwork","PiercingWail+1","Catalyst"],"special_seed":0,"relics":["Ring of the Snake","StoneCalendar","Old Coin","Gambling Chip","Bronze Scales","Black Star","Pantograph","Bottled Lightning","Ninja Scroll","Darkstone Periapt","Mummified Hand","Blood Vial","Fusion Hammer","Girya","Red Mask","Du-Vu Doll","Lantern","Incense Burner","Ice Cream","Centennial Puzzle"],"potions_floor_usage":[55,55],"damage_taken":[{"damage":0.0,"enemies":"Small Slimes","floor":1.0,"turns":7.0},{"damage":0.0,"enemies":"2 Louse","floor":2.0,"turns":2.0},{"damage":0.0,"enemies":"Cultist","floor":4.0,"turns":4.0},{"damage":22.0,"enemies":"Lagavulin","floor":6.0,"turns":9.0},{"damage":6.0,"enemies":"Large Slime","floor":8.0,"turns":7.0},{"damage":8.0,"enemies":"Gremlin Nob","floor":10.0,"turns":4.0},{"damage":0.0,"enemies":"Blue Slaver","floor":12.0,"turns":3.0},{"damage":0.0,"enemies":"3 Louse","floor":14.0,"turns":3.0},{"damage":0.0,"enemies":"The Guardian","floor":16.0,"turns":7.0},{"damage":0.0,"enemies":"Shell Parasite","floor":18.0,"turns":3.0},{"damage":0.0,"enemies":"Spheric Guardian","floor":20.0,"turns":2.0},{"damage":1.0,"enemies":"Cultist and Chosen","floor":21.0,"turns":4.0},{"damage":0.0,"enemies":"Centurion and Healer","floor":22.0,"turns":7.0},{"damage":3.0,"enemies":"Slavers","floor":23.0,"turns":5.0},{"damage":14.0,"enemies":"Book of Stabbing","floor":25.0,"turns":5.0},{"damage":0.0,"enemies":"Snecko","floor":29.0,"turns":2.0},{"damage":0.0,"enemies":"Chosen and Byrds","floor":30.0,"turns":4.0},{"damage":30.0,"enemies":"Automaton","floor":33.0,"turns":7.0},{"damage":0.0,"enemies":"3 Darklings","floor":35.0,"turns":3.0},{"damage":0.0,"enemies":"3 Shapes","floor":36.0,"turns":3.0},{"damage":0.0,"enemies":"2 Orb Walkers","floor":38.0,"turns":4.0},{"damage":0.0,"enemies":"Spire Growth","floor":41.0,"turns":4.0},{"damage":0,"enemies":"Mind Bloom Boss Battle","floor":42,"turns":5},{"damage":0,"enemies":"Nemesis","floor":45,"turns":3},{"damage":42,"enemies":"Awakened One","floor":50,"turns":13},{"damage":4,"enemies":"Shield and Spear","floor":54,"turns":6},{"damage":13,"enemies":"The Heart","floor":55,"turns":6}],"seed_played":"-2850602612147913602","potions_obtained":[{"floor":2.0,"key":"Fire Potion"},{"floor":6.0,"key":"Poison Potion"},{"floor":8.0,"key":"Explosive Potion"},{"floor":14.0,"key":"SpeedPotion"},{"floor":20.0,"key":"Energy Potion"},{"floor":25.0,"key":"Strength Potion"},{"floor":30.0,"key":"Poison Potion"},{"floor":35.0,"key":"Ancient Potion"}],"is_trial":false,"path_per_floor":["M","M","$","M","?","E","?","M","T","E","?","M","$","M","R","B",null,"M","?","M","M","M","E","R","E","T","$","R","M","M","?","R","B",null,"M","M","$","?","?","R","M","?","T","R","E","R","?","$","R","B",null,"R","$","E","B",null],"character_chosen":"THE_SILENT","items_purchased":["Backflip","Bouncing Flask","Bronze Scales","Crippling Poison","SkillPotion","Blood Vial","Footwork","Catalyst","GhostInAJar"],"campfire_rested":1,"item_purchase_floors":[3,13,13,13,13,27,37,48,48],"current_hp_per_floor":[70,70,70,70,75,53,53,47,47,39,24,24,24,24,24,24,75,75,68,68,67,67,64,64,50,50,50,50,52,54,54,54,45,75,75,75,75,75,75,75,75,75,75,75,75,75,71,71,71,29,71,71,71,67,58],"gold":49,"neow_bonus":"REMOVE_CARD","is_prod":false,"is_daily":false,"chose_seed":false,"campfire_upgraded":4,"win_rate":0,"timestamp":1565834524,"path_taken":["M","M","$","M","?","E","?","M","T","E","?","M","$","M","R","BOSS","M","?","M","?","M","E","R","E","T","$","R","M","M","?","R","BOSS","M","M","$","?","?","R","M","?","T","R","E","R","?","$","R","BOSS","R","$","E","BOSS"],"build_version":"2019-07-17","purchased_purges":2,"victory":true,"max_hp_per_floor":[70,70,70,70,75,75,75,75,75,75,75,75,75,75,75,75,75,75,75,75,75,75,75,75,75,75,75,75,75,75,75,75,75,75,75,75,75,75,75,75,75,75,75,75,75,75,71,71,71,71,71,71,71,71,71],"card_choices":[{"not_picked":["Deadly Poison","Sucker Punch"],"picked":"Dash","floor":1.0},{"not_picked":["Bane","Sucker Punch"],"picked":"Flying Knee","floor":2.0},{"not_picked":["Bane","Slice"],"picked":"Catalyst","floor":4.0},{"not_picked":["Unload","PiercingWail"],"picked":"Noxious Fumes","floor":6.0},{"not_picked":["Cloak And Dagger","Infinite Blades"],"picked":"Well Laid Plans","floor":8.0},{"not_picked":["Predator","Heel Hook"],"picked":"Glass Knife","floor":10.0},{"not_picked":["Heel Hook","Acrobatics"],"picked":"Escape Plan","floor":12.0},{"not_picked":["Leg Sweep","Quick Slash"],"picked":"Escape Plan","floor":14.0},{"not_picked":["Storm of Steel","Venomology"],"picked":"Bullet Time","floor":16.0},{"not_picked":["Reflex+1","Poisoned Stab","Cloak And Dagger+1"],"picked":"SKIP","floor":18.0},{"not_picked":["Setup","Noxious Fumes","Blade Dance"],"picked":"SKIP","floor":20.0},{"not_picked":["Calculated Gamble","Tactician+1"],"picked":"Caltrops+1","floor":21.0},{"not_picked":["Backflip","All Out Attack","Riddle With Holes+1"],"picked":"SKIP","floor":22.0},{"not_picked":["Cloak And Dagger+1","Flechettes"],"picked":"Blur","floor":23.0},{"not_picked":["Backstab","Acrobatics","Dagger Throw"],"picked":"SKIP","floor":25.0},{"not_picked":["Sucker Punch","Bane+1"],"picked":"Escape Plan+1","floor":29.0},{"not_picked":["Eviscerate","Cloak And Dagger","Backflip"],"picked":"SKIP","floor":30.0},{"not_picked":["Malaise","Glass Knife"],"picked":"Wraith Form v2","floor":33.0},{"not_picked":["Backstab","Dodge and Roll+1","Underhanded Strike"],"picked":"SKIP","floor":35.0},{"not_picked":["Outmaneuver+1","Blade Dance","Infinite Blades+1"],"picked":"SKIP","floor":36.0},{"not_picked":["Dagger Throw","Heel Hook+1"],"picked":"PiercingWail+1","floor":38.0},{"not_picked":["Underhanded Strike+1","Outmaneuver+1","Riddle With Holes"],"picked":"SKIP","floor":41.0},{"not_picked":["Dodge and Roll+1","Eviscerate","Endless Agony"],"picked":"SKIP","floor":45},{"not_picked":["A Thousand Cuts","Dagger Throw+1","Poisoned Stab"],"picked":"SKIP","floor":54}],"player_experience":1243325,"relics_obtained":[{"floor":6.0,"key":"StoneCalendar"},{"floor":9.0,"key":"Old Coin"},{"floor":10.0,"key":"Gambling Chip"},{"floor":23.0,"key":"Pantograph"},{"floor":23.0,"key":"Bottled Lightning"},{"floor":25.0,"key":"Ninja Scroll"},{"floor":25.0,"key":"Darkstone Periapt"},{"floor":26.0,"key":"Mummified Hand"},{"floor":38.0,"key":"Girya"},{"floor":42,"key":"Du-Vu Doll"},{"floor":45,"key":"Lantern"},{"floor":45,"key":"Incense Burner"},{"floor":54,"key":"Ice Cream"},{"floor":54,"key":"Centennial Puzzle"}],"event_choices":[{"damage_healed":0.0,"max_hp_gain":5.0,"max_hp_loss":0.0,"gold_gain":0.0,"event_name":"Big Fish","player_choice":"Donut","floor":5.0,"gold_loss":0.0,"damage_taken":0.0},{"cards_removed":["Strike_G"],"damage_healed":0.0,"max_hp_gain":0.0,"max_hp_loss":0.0,"gold_gain":0.0,"event_name":"Living Wall","player_choice":"Forget","floor":7.0,"gold_loss":0.0,"damage_taken":0.0},{"damage_healed":0.0,"max_hp_gain":0.0,"max_hp_loss":0.0,"gold_gain":0.0,"event_name":"Shining Light","player_choice":"Entered Light","floor":11.0,"gold_loss":0.0,"damage_taken":15.0,"cards_upgraded":["Defend_G","Flying Knee"]},{"damage_healed":0.0,"max_hp_gain":0.0,"max_hp_loss":0.0,"gold_gain":0.0,"event_name":"Wheel of Change","player_choice":"Damaged","floor":19.0,"gold_loss":0.0,"damage_taken":7.0},{"cards_removed":["Strike_G"],"damage_healed":0.0,"max_hp_gain":0.0,"max_hp_loss":0.0,"gold_gain":0.0,"event_name":"Beggar","player_choice":"Gave Gold","floor":31.0,"gold_loss":75.0,"damage_taken":0.0},{"damage_healed":0.0,"max_hp_gain":0.0,"max_hp_loss":0.0,"gold_gain":0.0,"event_name":"Mysterious Sphere","player_choice":"Fight","floor":38.0,"gold_loss":0.0,"damage_taken":0.0},{"damage_healed":0.0,"max_hp_gain":0.0,"max_hp_loss":0.0,"gold_gain":0.0,"event_name":"Tomb of Lord Red Mask","player_choice":"Paid","floor":39.0,"gold_loss":168.0,"damage_taken":0.0,"relics_obtained":["Red Mask"]},{"damage_healed":0,"gold_gain":0,"player_choice":"Fight","damage_taken":0,"max_hp_gain":0,"max_hp_loss":0,"event_name":"MindBloom","floor":42,"gold_loss":0},{"damage_healed":0,"gold_gain":0,"player_choice":"Max HP","damage_taken":0,"max_hp_gain":0,"max_hp_loss":4,"event_name":"Winding Halls","floor":47,"gold_loss":0}],"is_beta":false,"boss_relics":[{"not_picked":["Pandora\u0027s Box","Empty Cage"],"picked":"Black Star"},{"not_picked":["Velvet Choker","Snecko Eye"],"picked":"Fusion Hammer"}],"items_purged_floors":[3,13],"is_endless":false,"potions_floor_spawned":[2,6,8,14,16,18,20,25,29,30,35,36,38,54],"ascension_level":0}