{"gold_per_floor":[114,125,125,125,141,177,177,193,243,243,243,257,257,287,287,408,408,421,421,421,199,217,217,217,227,250,282,58,58,91,105,105,209,209,222,234,234,134,209,209,244,244,244,273,373,102,102,117,117,117,117,117,69,101,101],"floor_reached":55,"playtime":3388,"items_purged":["Regret","Shame","Bash"],"score":734,"play_id":"42023808-18ed-4907-9df9-a830fe1907ef","local_time":"20190528225207","is_ascension_mode":false,"campfire_choices":[{"data":"Uppercut","floor":7,"key":"SMITH"},{"data":"Spot Weakness","floor":11,"key":"SMITH"},{"data":"Cleave","floor":15,"key":"SMITH"},{"data":"Immolate","floor":24,"key":"SMITH"},{"data":"Barricade","floor":32,"key":"SMITH"},{"floor":40,"key":"RECALL"},{"data":"Limit Break","floor":42,"key":"SMITH"},{"data":"Shockwave","floor":47,"key":"SMITH"},{"data":"1","floor":49,"key":"LIFT"},{"data":"Power Through","floor":52,"key":"SMITH"}],"neow_cost":"NONE","seed_source_timestamp":676236581996494,"circlet_count":0,"master_deck":["Defend_R","Defend_R+1","Defend_R+1","Defend_R+1","Uppercut+1","Dropkick","Spot Weakness+1","Shockwave+1","Twin Strike","Cleave+1","Immolate+1","Thunderclap","Bite","Bite","Bite","Bite","Bite","Metallicize+1","Barricade+1","Pummel","Offering","Limit Break+1","Dark Shackles","Panacea","Flame Barrier","Power Through+1","Battle Trance+1","Rage","Sword Boomerang"],"relics":["Burning Blood","PreservedInsect","Bloody Idol","Ornamental Fan","Juzu Bracelet","War Paint","Velvet Choker","Oddly Smooth Stone","Potion Belt","Vajra","Boot","Orichalcum","Runic Cube","Prayer Wheel","Mercury Hourglass","Art of War","Girya","Bag of Marbles"],"potions_floor_usage":[16,16,35,55,55,55,55,55],"damage_taken":[{"damage":8,"enemies":"Jaw Worm","floor":1,"turns":4},{"damage":2,"enemies":"2 Louse","floor":2,"turns":4},{"damage":2,"enemies":"Small Slimes","floor":5,"turns":3},{"damage":30,"enemies":"Lagavulin","floor":6,"turns":7},{"damage":10,"enemies":"Gremlin Gang","floor":8,"turns":5},{"damage":5,"enemies":"Looter","floor":12,"turns":3},{"damage":19,"enemies":"Slime Boss","floor":16,"turns":5},{"damage":16,"enemies":"3 Byrds","floor":18,"turns":4},{"damage":5,"enemies":"2 Thieves","floor":22,"turns":3},{"damage":5,"enemies":"Centurion and Healer","floor":25,"turns":4},{"damage":15,"enemies":"Gremlin Leader","floor":27,"turns":4},{"damage":8,"enemies":"Book of Stabbing","floor":30,"turns":3},{"damage":0,"enemies":"3 Cultists","floor":31,"turns":3},{"damage":21,"enemies":"Collector","floor":33,"turns":9},{"damage":10,"enemies":"Orb Walker","floor":35,"turns":3},{"damage":8,"enemies":"3 Shapes","floor":36,"turns":7},{"damage":36,"enemies":"Reptomancer","floor":41,"turns":5},{"damage":30,"enemies":"Nemesis","floor":44,"turns":7},{"damage":6,"enemies":"Mind Bloom Boss Battle","floor":45,"turns":9},{"damage":6,"enemies":"Maw","floor":48,"turns":8},{"damage":16,"enemies":"Time Eater","floor":50,"turns":9},{"damage":73,"enemies":"Shield and Spear","floor":54,"turns":9},{"damage":46,"enemies":"The Heart","floor":55,"turns":3}],"seed_played":"7960172099124729367","potions_obtained":[{"floor":1,"key":"Fire Potion"},{"floor":2,"key":"Strength Potion"},{"floor":5,"key":"Strength Potion"},{"floor":16,"key":"PowerPotion"},{"floor":18,"key":"FearPotion"},{"floor":31,"key":"BloodPotion"},{"floor":33,"key":"FearPotion"},{"floor":36,"key":"SpeedPotion"},{"floor":48,"key":"GamblersBrew"}],"is_trial":false,"path_per_floor":["M","M","?","?","M","E","R","M","T","?","R","M","?","?","R","B",null,"M","?","?","$","M","?","R","M","T","E","$","?","E","M","R","B",null,"M","M","?","$","?","R","E","R","T","E","?","$","R","M","R","B",null,"R","$","E","B"],"character_chosen":"IRONCLAD","items_purchased":["Oddly Smooth Stone","Pummel","Vajra","Flame Barrier","Power Through","Weak Potion"],"campfire_rested":0,"item_purchase_floors":[21,28,28,46,46,53],"current_hp_per_floor":[78,80,60,60,64,40,40,38,38,26,26,29,29,29,29,18,80,70,70,70,70,80,80,80,80,80,78,78,78,80,80,80,80,80,80,80,70,70,67,67,52,52,52,47,70,70,70,80,80,80,80,80,80,28,0],"gold":101,"neow_bonus":"RANDOM_COMMON_RELIC","is_prod":false,"is_daily":false,"chose_seed":false,"campfire_upgraded":8,"win_rate":0,"timestamp":1559098327,"path_taken":["M","M","?","?","?","E","R","M","T","?","R","M","?","?","R","BOSS","M","?","?","$","M","?","R","M","T","E","$","?","E","M","R","BOSS","M","M","?","$","?","R","E","R","T","E","?","$","R","M","R","BOSS","R","$","E","BOSS"],"build_version":"2019-01-23","purchased_purges":3,"victory":false,"max_hp_per_floor":[80,80,80,80,80,80,80,80,80,80,80,80,80,80,80,80,80,80,80,80,80,80,80,80,80,80,80,80,80,80,80,80,80,80,80,80,80,80,80,80,80,80,80,80,80,80,80,80,80,80,80,80,80,80,80],"card_choices":[{"not_picked":["Flame Barrier","Wild Strike"],"picked":"Uppercut","floor":1},{"not_picked":["Headbutt","Reckless Charge"],"picked":"Dropkick","floor":2},{"not_picked":["Twin Strike","Pommel Strike"],"picked":"Spot Weakness","floor":5},{"not_picked":["Sever Soul","Entrench"],"picked":"Shockwave","floor":6},{"not_picked":["Shrug It Off","Perfected Strike"],"picked":"Twin Strike","floor":8},{"not_picked":["Anger","Pommel Strike"],"picked":"Cleave","floor":12},{"not_picked":["Juggernaut","Offering"],"picked":"Immolate","floor":16},{"not_picked":["Heavy Blade","Sentinel"],"picked":"Thunderclap","floor":18},{"not_picked":["Sword Boomerang","Wild Strike"],"picked":"Metallicize+1","floor":22},{"not_picked":["Fire Breathing","Seeing Red","Armaments"],"picked":"SKIP","floor":25},{"not_picked":["True Grit","Warcry+1"],"picked":"Barricade","floor":27},{"not_picked":["Wild Strike","Warcry+1"],"picked":"Offering","floor":30},{"not_picked":["Hemokinesis","Pommel Strike","Flex"],"picked":"SKIP","floor":31},{"not_picked":["Exhume","Fiend Fire"],"picked":"Limit Break","floor":33},{"not_picked":["Twin Strike+1","Hemokinesis","Infernal Blade+1"],"picked":"SKIP","floor":35},{"not_picked":["Metallicize","Evolve","Blood for Blood+1"],"picked":"SKIP","floor":36},{"not_picked":["Finesse","PanicButton"],"picked":"Dark Shackles","floor":37},{"not_picked":["Secret Weapon","Mind Blast"],"picked":"Panacea","floor":37},{"not_picked":["Warcry","Dual Wield+1","Shockwave+1"],"picked":"SKIP","floor":41},{"not_picked":["Headbutt","Dark Embrace","Iron Wave+1"],"picked":"SKIP","floor":44},{"not_picked":["Burning Pact+1","Havoc+1"],"picked":"Battle Trance+1","floor":48},{"not_picked":["Battle Trance","Bloodletting+1"],"picked":"Rage","floor":48},{"not_picked":["Brutality","Flex"],"picked":"Sword Boomerang","floor":54}],"player_experience":937922,"relics_obtained":[{"floor":6,"key":"Blood Vial"},{"floor":9,"key":"Juzu Bracelet"},{"floor":27,"key":"Potion Belt"},{"floor":30,"key":"Orichalcum"},{"floor":41,"key":"Prayer Wheel"},{"floor":43,"key":"Mercury Hourglass"},{"floor":44,"key":"Art of War"},{"floor":45,"key":"Girya"},{"floor":54,"key":"Bag of Marbles"}],"event_choices":[{"damage_healed":0,"gold_gain":0,"player_choice":"Take Damage","damage_taken":20,"relics_obtained":["Golden Idol"],"max_hp_gain":0,"max_hp_loss":0,"event_name":"Golden Idol","floor":3,"gold_loss":0},{"damage_healed":0,"gold_gain":0,"player_choice":"Box","damage_taken":0,"relics_obtained":["Ornamental Fan"],"max_hp_gain":0,"max_hp_loss":0,"event_name":"Big Fish","floor":4,"gold_loss":0,"cards_obtained":["Regret"]},{"damage_healed":0,"gold_gain":0,"player_choice":"Success","damage_taken":12,"relics_obtained":["War Paint"],"max_hp_gain":0,"max_hp_loss":0,"event_name":"Scrap Ooze","floor":10,"gold_loss":0},{"damage_healed":0,"gold_gain":0,"player_choice":"Upgraded","damage_taken":0,"max_hp_gain":0,"max_hp_loss":0,"event_name":"Upgrade Shrine","floor":13,"gold_loss":0,"cards_upgraded":["Defend_R"]},{"damage_healed":0,"gold_gain":30,"player_choice":"Searched \u00272\u0027 times","damage_taken":0,"max_hp_gain":0,"max_hp_loss":0,"event_name":"Dead Adventurer","floor":14,"gold_loss":0},{"damage_healed":0,"gold_gain":0,"player_choice":"Gave Idol","damage_taken":0,"relics_obtained":["Bloody Idol"],"max_hp_gain":0,"max_hp_loss":0,"event_name":"Forgotten Altar","floor":19,"relics_lost":["Golden Idol"],"gold_loss":0},{"damage_healed":0,"gold_gain":0,"player_choice":"Became a vampire (Vial)","damage_taken":0,"max_hp_gain":0,"max_hp_loss":0,"event_name":"Vampires","floor":20,"relics_lost":["Blood Vial"],"gold_loss":0,"cards_obtained":["Bite","Bite","Bite","Bite","Bite"]},{"damage_healed":0,"gold_gain":0,"player_choice":"Ignored","damage_taken":0,"max_hp_gain":0,"max_hp_loss":0,"event_name":"N\u0027loth","floor":23,"gold_loss":0},{"damage_healed":0,"gold_gain":0,"player_choice":"Stole Relic","damage_taken":0,"relics_obtained":["Boot"],"max_hp_gain":0,"max_hp_loss":0,"event_name":"Addict","floor":29,"gold_loss":0,"cards_obtained":["Shame"]},{"damage_healed":0,"gold_gain":0,"player_choice":"Memory 3","damage_taken":10,"max_hp_gain":0,"max_hp_loss":0,"event_name":"SensoryStone","floor":37,"gold_loss":0},{"damage_healed":0,"gold_gain":75,"player_choice":"Touch","damage_taken":8,"max_hp_gain":0,"max_hp_loss":0,"event_name":"FaceTrader","floor":39,"gold_loss":0},{"damage_healed":0,"gold_gain":0,"player_choice":"Fight","damage_taken":0,"max_hp_gain":0,"max_hp_loss":0,"event_name":"MindBloom","floor":45,"gold_loss":0}],"is_beta":false,"boss_relics":[{"not_picked":["Fusion Hammer","Astrolabe"],"picked":"Velvet Choker"},{"not_picked":["Pandora\u0027s Box","Calling Bell"],"picked":"Runic Cube"}],"items_purged_floors":[21,38,46],"is_endless":false,"potions_floor_spawned":[1,2,5,16,18,22,31,33,36,48,54],"killed_by":"The Heart","ascension_level":0}