{"gold_per_floor":[111,124,199,216,230,255,267,279,314,360,372,403,478,501,513,629,641,663,694,420,439,451,482,482,498,521,521,533,559,559,202,202,299,299,315,315,325,337,348,348,374,374,374,374,386,397,416,416,416,416,416,416,3,35,35],"floor_reached":56,"playtime":4530,"items_purged":["Defend_G"],"score":1218,"play_id":"945cc535-8cb2-42ee-8823-501dbbf72dbf","local_time":"20190509210558","is_ascension_mode":false,"campfire_choices":[{"data":"Dagger Spray","floor":8.0,"key":"SMITH"},{"floor":11.0,"key":"REST"},{"data":"Blade Dance","floor":15.0,"key":"SMITH"},{"data":"Footwork","floor":24,"key":"SMITH"},{"data":"Footwork","floor":27,"key":"SMITH"},{"floor":32,"key":"REST"},{"data":"Malaise","floor":40,"key":"SMITH"},{"data":"Well Laid Plans","floor":42,"key":"SMITH"},{"floor":49,"key":"RECALL"},{"data":"1","floor":52,"key":"LIFT"}],"neow_cost":"NONE","seed_source_timestamp":2945493280092183,"circlet_count":0,"master_deck":["Defend_G","Defend_G","Defend_G","Defend_G","Strike_G","Strike_G","Strike_G","Strike_G","Strike_G+1","Survivor","Neutralize+1","Well Laid Plans+1","Dagger Spray+1","Footwork+1","Backstab","Sucker Punch+1","Heel Hook","Blur","Blade Dance+1","Adrenaline","Leg Sweep+1","Footwork+1","Escape Plan","Deadly Poison+1","Crippling Poison+1","PiercingWail","Backflip","Glass Knife","Caltrops","Malaise+1","Dash","Predator+1","Terror+1","Envenom"],"special_seed":0,"relics":["Ring of the Serpent","MawBank","Bag of Marbles","Orichalcum","Tiny Chest","Strawberry","Bottled Tornado","Whetstone","Vajra","TwistedFunnel","Velvet Choker","Girya","Kunai","Mummified Hand","Anchor"],"potions_floor_usage":[29,55,55],"damage_taken":[{"damage":2.0,"enemies":"Small Slimes","floor":1.0,"turns":4.0},{"damage":3.0,"enemies":"Jaw Worm","floor":2.0,"turns":6.0},{"damage":1.0,"enemies":"Cultist","floor":4.0,"turns":4.0},{"damage":13.0,"enemies":"Gremlin Gang","floor":5.0,"turns":4.0},{"damage":8.0,"enemies":"3 Sentries","floor":6.0,"turns":8.0},{"damage":18.0,"enemies":"Lagavulin","floor":10.0,"turns":8.0},{"damage":0.0,"enemies":"Looter","floor":12.0,"turns":1.0},{"damage":0.0,"enemies":"Gremlin Nob","floor":13.0,"turns":3.0},{"damage":0.0,"enemies":"Large Slime","floor":14.0,"turns":2.0},{"damage":35.0,"enemies":"Hexaghost","floor":16.0,"turns":14.0},{"damage":4.0,"enemies":"2 Thieves","floor":18.0,"turns":3.0},{"damage":0.0,"enemies":"Shell Parasite","floor":19.0,"turns":6.0},{"damage":8.0,"enemies":"Centurion and Healer","floor":21.0,"turns":12.0},{"damage":2.0,"enemies":"Snake Plant","floor":22.0,"turns":8.0},{"damage":17,"enemies":"Slavers","floor":23,"turns":5},{"damage":6,"enemies":"Shelled Parasite and Fungi","floor":25,"turns":6},{"damage":0,"enemies":"Snecko","floor":28,"turns":6},{"damage":3,"enemies":"Book of Stabbing","floor":29,"turns":6},{"damage":49,"enemies":"Collector","floor":33,"turns":12},{"damage":5,"enemies":"Orb Walker","floor":35,"turns":4},{"damage":0,"enemies":"3 Shapes","floor":37,"turns":5},{"damage":2,"enemies":"3 Darklings","floor":38,"turns":3},{"damage":0,"enemies":"Sphere and 2 Shapes","floor":39,"turns":5},{"damage":9,"enemies":"Nemesis","floor":41,"turns":9},{"damage":1,"enemies":"Spire Growth","floor":45,"turns":5},{"damage":5,"enemies":"Jaw Worm Horde","floor":46,"turns":4},{"damage":0,"enemies":"Maw","floor":47,"turns":8},{"damage":47,"enemies":"Donu and Deca","floor":50,"turns":16},{"damage":22,"enemies":"Shield and Spear","floor":54,"turns":10},{"damage":48,"enemies":"The Heart","floor":55,"turns":12}],"seed_played":"3735378318186302424","potions_obtained":[{"floor":2.0,"key":"EssenceOfSteel"},{"floor":5.0,"key":"SkillPotion"},{"floor":6.0,"key":"Explosive Potion"},{"floor":12.0,"key":"Poison Potion"},{"floor":13.0,"key":"GhostInAJar"},{"floor":19.0,"key":"Poison Potion"},{"floor":33,"key":"Weak Potion"}],"is_trial":false,"path_per_floor":["M","M","?","M","M","E","?","R","T","E","R","M","E","M","R","B",null,"M","M","$","M","M","E","R","M","T","R","M","E","?","$","R","B",null,"M","T","M","M","M","R","E","R","T","$","M","M","M","$","R","B",null,"R","$","E","B",null],"character_chosen":"THE_SILENT","items_purchased":["Footwork","Strawberry","TwistedFunnel","Glass Knife","Caltrops","Mummified Hand","Envenom"],"campfire_rested":2,"item_purchase_floors":[20,20,31,31,31,53,53],"current_hp_per_floor":[75,72,61,60,47,39,39,39,39,21,44,44,44,44,44,9,77,73,73,80,72,70,53,53,47,47,47,47,44,36,36,61,12,84,79,79,79,77,77,77,68,68,68,68,67,62,62,62,62,15,84,84,84,62,14],"gold":35,"neow_bonus":"TEN_PERCENT_HP_BONUS","is_prod":false,"is_daily":false,"chose_seed":false,"campfire_upgraded":6,"win_rate":0,"timestamp":1557450358,"path_taken":["M","M","?","M","M","E","?","R","T","E","R","M","E","M","R","BOSS","M","M","$","M","M","E","R","M","T","R","M","E","?","$","R","BOSS","M","?","M","M","M","R","E","R","T","$","M","M","?","$","R","BOSS","R","$","E","BOSS"],"build_version":"2019-01-23","purchased_purges":1,"victory":true,"max_hp_per_floor":[77,77,77,77,77,77,77,77,77,77,77,77,77,77,77,77,77,77,77,84,84,84,84,84,84,84,84,84,84,84,84,84,84,84,84,84,84,84,84,84,84,84,84,84,84,84,84,84,84,84,84,84,84,84,84],"card_choices":[{"not_picked":["Flying Knee","Underhanded Strike"],"picked":"Well Laid Plans","floor":1.0},{"not_picked":["Poisoned Stab","Endless Agony"],"picked":"Dagger Spray","floor":2.0},{"not_picked":["Prepared","Bouncing Flask"],"picked":"Footwork","floor":4.0},{"not_picked":["Calculated Gamble","Quick Slash"],"picked":"Backstab","floor":5.0},{"not_picked":["Blade Dance","Calculated Gamble"],"picked":"Sucker Punch","floor":6.0},{"not_picked":["Catalyst","Dagger Spray"],"picked":"Heel Hook","floor":10.0},{"not_picked":["Bouncing Flask","Blade Dance"],"picked":"Blur","floor":12.0},{"not_picked":["Catalyst","Infinite Blades","Poisoned Stab"],"picked":"SKIP","floor":13.0},{"not_picked":["Setup","Accuracy"],"picked":"Blade Dance","floor":14.0},{"not_picked":["Bullet Time","Night Terror"],"picked":"Adrenaline","floor":16.0},{"not_picked":["Acrobatics","Flechettes"],"picked":"Leg Sweep+1","floor":18.0},{"not_picked":["Sucker Punch","Acrobatics","Poisoned Stab"],"picked":"SKIP","floor":19.0},{"not_picked":["Quick Slash","Finisher+1"],"picked":"Escape Plan","floor":21.0},{"not_picked":["Dagger Spray","Calculated Gamble"],"picked":"Deadly Poison+1","floor":22.0},{"not_picked":["Unload","Acrobatics"],"picked":"Crippling Poison+1","floor":23},{"not_picked":["Leg Sweep+1","Bane","Deadly Poison"],"picked":"SKIP","floor":25},{"not_picked":["Cloak And Dagger+1","Choke"],"picked":"PiercingWail","floor":28},{"not_picked":["Flying Knee","Flechettes+1"],"picked":"Backflip","floor":29},{"not_picked":["Tools of the Trade","After Image"],"picked":"Malaise","floor":33},{"not_picked":["Outmaneuver+1","Escape Plan+1"],"picked":"Dash","floor":35},{"not_picked":["Crippling Poison+1","Cloak And Dagger"],"picked":"Predator+1","floor":37},{"not_picked":["Dagger Throw","Deflect+1","Outmaneuver+1"],"picked":"SKIP","floor":38},{"not_picked":["Underhanded Strike+1","Outmaneuver","Quick Slash"],"picked":"SKIP","floor":39},{"not_picked":["Bane+1","Backflip+1","Dagger Spray"],"picked":"SKIP","floor":41},{"not_picked":["A Thousand Cuts","Tactician","Bane"],"picked":"SKIP","floor":45},{"not_picked":["Deflect+1","Sucker Punch+1","Calculated Gamble+1"],"picked":"SKIP","floor":46},{"not_picked":["Tactician","Acrobatics"],"picked":"Terror+1","floor":47},{"not_picked":["Acrobatics","Masterful Stab+1","Tactician+1"],"picked":"SKIP","floor":54}],"player_experience":870011,"relics_obtained":[{"floor":6.0,"key":"MawBank"},{"floor":9.0,"key":"Bag of Marbles"},{"floor":10.0,"key":"Orichalcum"},{"floor":13.0,"key":"Tiny Chest"},{"floor":23,"key":"Bottled Tornado"},{"floor":26,"key":"Whetstone"},{"floor":29,"key":"Vajra"},{"floor":41,"key":"Girya"},{"floor":43,"key":"Kunai"},{"floor":54,"key":"Anchor"}],"event_choices":[{"damage_healed":0.0,"max_hp_gain":0.0,"max_hp_loss":0.0,"gold_gain":75.0,"event_name":"World of Goop","player_choice":"Gather Gold","floor":3.0,"gold_loss":0.0,"damage_taken":11.0},{"damage_healed":0.0,"max_hp_gain":0.0,"max_hp_loss":0.0,"gold_gain":0.0,"event_name":"Living Wall","player_choice":"Grow","floor":7.0,"gold_loss":0.0,"damage_taken":0.0,"cards_upgraded":["Sucker Punch"]},{"damage_healed":0,"gold_gain":0,"player_choice":"","damage_taken":8,"max_hp_gain":0,"max_hp_loss":0,"event_name":"Knowing Skull","floor":30,"potions_obtained":[],"gold_loss":0,"cards_obtained":[]}],"is_beta":false,"boss_relics":[{"not_picked":["Eternal Feather","Empty Cage"],"picked":"Ring of the Serpent"},{"not_picked":["Tiny House","White Beast Statue"],"picked":"Velvet Choker"}],"items_purged_floors":[20],"is_endless":false,"potions_floor_spawned":[2,5,6,12,13,19,22,28,33,38,39,41,54],"ascension_level":0}