{"gold_per_floor":[116,116,191,34,54,86,86,114,114,114,174,174,23,48,48,124,124,142,142,142,154,169,496,496,521,521,549,562,576,589,10,10,84,84,97,97,148,161,177,210,210,210,210,223,223,237,255,290,290,290,290,290,101,132,132],"floor_reached":56,"playtime":5360,"items_purged":["Strike_R","Strike_R"],"score":2028,"play_id":"958f213e-696c-46e9-a937-3cb75c666c71","local_time":"20190711102651","is_ascension_mode":true,"campfire_choices":[{"floor":7.0,"key":"REST"},{"floor":10.0,"key":"REST"},{"floor":12.0,"key":"REST"},{"data":"Demon Form","floor":15.0,"key":"SMITH"},{"data":"Shockwave","floor":24,"key":"SMITH"},{"floor":32,"key":"REST"},{"data":"Evolve","floor":41,"key":"SMITH"},{"data":"Offering","floor":45,"key":"SMITH"},{"floor":49,"key":"RECALL"},{"data":"Feel No Pain","floor":52,"key":"SMITH"}],"neow_cost":"NONE","seed_source_timestamp":0,"circlet_count":0,"master_deck":["AscendersBane","Strike_R+1","Strike_R","Strike_R+1","Defend_R","Defend_R+1","Defend_R","Defend_R","Bash+1","Metallicize","Shrug It Off","Demon Form+1","Shockwave+1","True Grit","Immolate","True Grit+1","Disarm","Twin Strike+1","Whirlwind","Offering+1","Uppercut","Shrug It Off+1","Second Wind","Disarm","Impervious","Reaper+1","Feel No Pain+1","Heavy Blade+1","Evolve+1","Power Through","Shrug It Off","Reaper","Feel No Pain"],"special_seed":0,"relics":["Burning Blood","Vajra","Matryoshka","Omamori","Bag of Marbles","Anchor","Self Forming Clay","Oddly Smooth Stone","Bronze Scales","Strawberry","Black Star","Art of War","Old Coin","Champion Belt","Centennial Puzzle","Sundial","Question Card","Kunai","PreservedInsect","Medical Kit","Mark of Pain","Nunchaku","Smiling Mask","Whetstone","Red Skull","Lantern","Pen Nib","Bottled Tornado"],"potions_floor_usage":[22,40,55],"damage_taken":[{"damage":7.0,"enemies":"Jaw Worm","floor":1.0,"turns":3.0},{"damage":0.0,"enemies":"Small Slimes","floor":5.0,"turns":3.0},{"damage":31.0,"enemies":"Lagavulin","floor":6.0,"turns":7.0},{"damage":26.0,"enemies":"Gremlin Nob","floor":8.0,"turns":4.0},{"damage":27.0,"enemies":"Lagavulin Event","floor":11.0,"turns":8.0},{"damage":23.0,"enemies":"The Guardian","floor":16.0,"turns":11.0},{"damage":0.0,"enemies":"3 Byrds","floor":18.0,"turns":2.0},{"damage":5.0,"enemies":"Shell Parasite","floor":21.0,"turns":5.0},{"damage":12,"enemies":"Cultist and Chosen","floor":22,"turns":5},{"damage":25,"enemies":"Book of Stabbing","floor":23,"turns":7},{"damage":10,"enemies":"Gremlin Leader","floor":25,"turns":7},{"damage":18,"enemies":"Book of Stabbing","floor":27,"turns":6},{"damage":2,"enemies":"Chosen and Byrds","floor":28,"turns":5},{"damage":7,"enemies":"Snecko","floor":29,"turns":4},{"damage":8,"enemies":"Snake Plant","floor":30,"turns":3},{"damage":36,"enemies":"Collector","floor":33,"turns":10},{"damage":4,"enemies":"3 Shapes","floor":35,"turns":8},{"damage":22,"enemies":"2 Orb Walkers","floor":37,"turns":5},{"damage":4,"enemies":"Orb Walker","floor":38,"turns":5},{"damage":35,"enemies":"Writhing Mass","floor":39,"turns":8},{"damage":27,"enemies":"Nemesis","floor":40,"turns":17},{"damage":9,"enemies":"4 Shapes","floor":44,"turns":10},{"damage":25,"enemies":"Maw","floor":46,"turns":9},{"damage":6,"enemies":"Spire Growth","floor":47,"turns":6},{"damage":54,"enemies":"Reptomancer","floor":48,"turns":7},{"damage":52,"enemies":"Awakened One","floor":50,"turns":15},{"damage":69,"enemies":"Shield and Spear","floor":54,"turns":10},{"damage":68,"enemies":"The Heart","floor":55,"turns":10}],"seed_played":"-8577425564553269537","potions_obtained":[{"floor":1.0,"key":"Dexterity Potion"},{"floor":8.0,"key":"Explosive Potion"},{"floor":22,"key":"FearPotion"},{"floor":27,"key":"Block Potion"},{"floor":47,"key":"BloodPotion"}],"is_trial":false,"path_per_floor":["M","?","?","$","M","E","R","E","T","R","?","R","$","T","R","B",null,"M","?","?","M","M","E","R","E","T","E","M","M","M","$","R","B",null,"M","$","?","M","M","E","R","?","T","M","R","M","M","E","R","B",null,"R","$","E","B",null],"character_chosen":"IRONCLAD","items_purchased":["Vajra","Oddly Smooth Stone","PreservedInsect","Impervious","Medical Kit","Reaper"],"campfire_rested":4,"item_purchase_floors":[4,13,31,31,31,53],"current_hp_per_floor":[67,44,33,33,39,14,36,16,16,38,17,39,39,46,46,29,69,75,75,75,76,70,51,51,47,47,35,39,38,36,36,60,30,69,82,82,66,68,41,82,82,82,82,82,82,82,82,82,82,67,78,78,78,72,48],"gold":132,"neow_bonus":"UPGRADE_CARD","is_prod":false,"is_daily":false,"chose_seed":false,"campfire_upgraded":5,"win_rate":0,"timestamp":1562833611,"path_taken":["M","?","?","$","M","E","R","E","T","R","?","R","$","?","R","BOSS","M","?","?","?","M","E","R","E","T","E","M","M","M","$","R","BOSS","M","$","?","M","M","E","R","?","T","?","R","M","M","E","R","BOSS","R","$","E","BOSS"],"build_version":"2019-07-05","purchased_purges":2,"victory":true,"max_hp_per_floor":[75,75,75,75,75,75,75,75,75,75,75,75,75,82,82,82,82,82,82,82,82,82,82,82,82,82,82,82,82,82,82,82,82,82,82,82,82,82,82,82,82,82,82,82,82,82,82,82,82,82,82,82,82,82,82],"card_choices":[{"not_picked":["Rupture","Clothesline"],"picked":"Metallicize","floor":1.0},{"not_picked":["Wild Strike","Iron Wave"],"picked":"Shrug It Off","floor":5.0},{"not_picked":["Warcry","Twin Strike"],"picked":"Demon Form","floor":6.0},{"not_picked":["Infernal Blade","Clash"],"picked":"Shockwave","floor":8.0},{"not_picked":["Reckless Charge","Wild Strike"],"picked":"True Grit","floor":11.0},{"not_picked":["Berserk","Dark Embrace"],"picked":"Immolate","floor":16.0},{"not_picked":["Carnage","Power Through"],"picked":"True Grit+1","floor":18.0},{"not_picked":["Anger+1","Dropkick","Second Wind"],"picked":"SKIP","floor":21.0},{"not_picked":["Wild Strike","Intimidate"],"picked":"Twin Strike+1","floor":22},{"not_picked":["Iron Wave","Feel No Pain"],"picked":"Whirlwind","floor":23},{"not_picked":["True Grit","Sentinel"],"picked":"Offering","floor":25},{"not_picked":["Infernal Blade","Twin Strike"],"picked":"Uppercut","floor":27},{"not_picked":["Anger","Twin Strike","Clothesline"],"picked":"Shrug It Off+1","floor":28},{"not_picked":["Cleave","Clash","Feel No Pain"],"picked":"Second Wind","floor":29},{"not_picked":["Flex","Power Through","Rampage+1"],"picked":"Disarm","floor":30},{"not_picked":["Immolate","Offering","Double Tap"],"picked":"Reaper","floor":33},{"not_picked":["Body Slam+1","Iron Wave","Warcry"],"picked":"Feel No Pain","floor":35},{"not_picked":["Body Slam","Ghostly Armor","Thunderclap+1"],"picked":"Heavy Blade+1","floor":37},{"not_picked":["Heavy Blade","Reckless Charge","Iron Wave","Clothesline"],"picked":"SKIP","floor":38},{"not_picked":["Combust","Armaments","Cleave","Rampage"],"picked":"SKIP","floor":39},{"not_picked":["Fiend Fire","Ghostly Armor","Clash"],"picked":"Evolve","floor":40},{"not_picked":["Iron Wave","Pommel Strike","Sword Boomerang+1"],"picked":"Power Through","floor":44},{"not_picked":["Anger","Warcry","Carnage"],"picked":"Shrug It Off","floor":46},{"not_picked":["Rage+1","Pommel Strike","Thunderclap+1","Flex"],"picked":"SKIP","floor":47},{"not_picked":["Bloodletting","Anger","Infernal Blade","Body Slam"],"picked":"SKIP","floor":48},{"not_picked":["Anger","Whirlwind","Twin Strike"],"picked":"Feel No Pain","floor":54}],"player_experience":636738,"relics_obtained":[{"floor":6.0,"key":"Matryoshka"},{"floor":8.0,"key":"Omamori"},{"floor":9.0,"key":"Bag of Marbles"},{"floor":9.0,"key":"Anchor"},{"floor":11.0,"key":"Self Forming Clay"},{"floor":14.0,"key":"Bronze Scales"},{"floor":14.0,"key":"Strawberry"},{"floor":23,"key":"Art of War"},{"floor":23,"key":"Old Coin"},{"floor":25,"key":"Champion Belt"},{"floor":25,"key":"Centennial Puzzle"},{"floor":26,"key":"Sundial"},{"floor":27,"key":"Question Card"},{"floor":27,"key":"Kunai"},{"floor":37,"key":"Nunchaku"},{"floor":40,"key":"Smiling Mask"},{"floor":40,"key":"Whetstone"},{"floor":48,"key":"Red Skull"},{"floor":48,"key":"Lantern"},{"floor":54,"key":"Pen Nib"},{"floor":54,"key":"Bottled Tornado"}],"event_choices":[{"damage_healed":0.0,"max_hp_gain":0.0,"max_hp_loss":0.0,"gold_gain":0.0,"event_name":"Shining Light","player_choice":"Entered Light","floor":2.0,"gold_loss":0.0,"damage_taken":23.0,"cards_upgraded":["Strike_R","Defend_R"]},{"damage_healed":0.0,"max_hp_gain":0.0,"max_hp_loss":0.0,"gold_gain":75.0,"event_name":"World of Goop","player_choice":"Gather Gold","floor":3.0,"gold_loss":0.0,"damage_taken":11.0},{"damage_healed":0.0,"max_hp_gain":0.0,"max_hp_loss":0.0,"gold_gain":0.0,"event_name":"Dead Adventurer","player_choice":"Searched \u00271\u0027 times","floor":11.0,"gold_loss":0.0,"damage_taken":0.0},{"damage_healed":0.0,"max_hp_gain":0.0,"max_hp_loss":0.0,"gold_gain":0.0,"event_name":"The Library","player_choice":"Read","floor":19.0,"gold_loss":0.0,"damage_taken":0.0,"cards_obtained":["Disarm"]},{"damage_healed":0.0,"max_hp_gain":0.0,"max_hp_loss":0.0,"gold_gain":0.0,"event_name":"N\u0027loth","player_choice":"Ignored","floor":20.0,"gold_loss":0.0,"damage_taken":0.0},{"damage_healed":0,"gold_gain":0,"player_choice":"Fight","damage_taken":0,"max_hp_gain":0,"max_hp_loss":0,"event_name":"Mysterious Sphere","floor":37,"gold_loss":0},{"damage_healed":0,"gold_gain":0,"player_choice":"0 cards matched","damage_taken":0,"max_hp_gain":0,"max_hp_loss":0,"event_name":"Match and Keep!","floor":42,"gold_loss":0,"cards_obtained":[]}],"is_beta":false,"boss_relics":[{"not_picked":["Calling Bell","Runic Dome"],"picked":"Black Star"},{"not_picked":["Sozu","Tiny House"],"picked":"Mark of Pain"}],"items_purged_floors":[31,53],"is_endless":false,"potions_floor_spawned":[1,8,11,16,21,22,27,30,37,38,39,47,54],"ascension_level":15}