{"gold_per_floor":[215,215,215,228,252,252,288,288,288,304,367,367,382,396,396,515,515,534,553,133,156,177,177,202,301,301,301,339,24,63,87,87,216,216,232,232,232,248,263,304,304,347,371,371,414,432,55,68,68,68,68,68,17,52,52],"floor_reached":56,"playtime":3738,"items_purged":["Strike_R","Strike_R"],"score":1289,"play_id":"4d7cb4d3-a3cf-47d1-9b5f-6f969e94e322","local_time":"20190212212943","is_ascension_mode":false,"campfire_choices":[{"data":"Shrug It Off","floor":6,"key":"SMITH"},{"data":"1","floor":8,"key":"LIFT"},{"data":"2","floor":12,"key":"LIFT"},{"data":"Shockwave","floor":15,"key":"SMITH"},{"data":"3","floor":23,"key":"LIFT"},{"data":"Apotheosis","floor":27,"key":"SMITH"},{"floor":32,"key":"RECALL"},{"data":"Battle Trance","floor":44,"key":"SMITH"},{"data":"Battle Trance","floor":49,"key":"SMITH"},{"data":"Panacea","floor":52,"key":"SMITH"}],"neow_cost":"NONE","seed_source_timestamp":1904043861776698,"circlet_count":0,"master_deck":["Strike_R","Strike_R","Strike_R","Defend_R","Defend_R","Defend_R","Defend_R+1","Bash","Shrug It Off+1","Battle Trance+1","Offering+1","Shockwave+1","Disarm","Infernal Blade","Impervious","Body Slam+1","Apotheosis+1","Whirlwind","Heavy Blade","Twin Strike","Uppercut","Sword Boomerang+1","Rupture+1","Barricade+1","Entrench+1","Spot Weakness+1","Dark Shackles","Metallicize+1","Panacea+1","Parasite","Sword Boomerang+1","Battle Trance+1","Ghostly Armor+1"],"relics":["Black Blood","Golden Idol","Girya","Tiny Chest","Velvet Choker","Blood Vial","Frozen Egg 2","Bird Faced Urn","Kunai","Darkstone Periapt","War Paint","Anchor","Happy Flower","Prayer Wheel","Bag of Marbles","Bronze Scales"],"potions_floor_usage":[11,13,55,55],"damage_taken":[{"damage":6,"enemies":"Small Slimes","floor":1,"turns":4},{"damage":1,"enemies":"2 Louse","floor":4,"turns":4},{"damage":2,"enemies":"Cultist","floor":5,"turns":4},{"damage":25,"enemies":"3 Sentries","floor":7,"turns":12},{"damage":9,"enemies":"Lots of Slimes","floor":10,"turns":7},{"damage":11,"enemies":"Gremlin Nob","floor":11,"turns":4},{"damage":1,"enemies":"2 Fungi Beasts","floor":13,"turns":4},{"damage":9,"enemies":"Exordium Thugs","floor":14,"turns":4},{"damage":43,"enemies":"The Guardian","floor":16,"turns":12},{"damage":8,"enemies":"Shell Parasite","floor":18,"turns":4},{"damage":6,"enemies":"Spheric Guardian","floor":19,"turns":3},{"damage":12,"enemies":"3 Cultists","floor":21,"turns":5},{"damage":9,"enemies":"Centurion and Healer","floor":22,"turns":3},{"damage":3,"enemies":"Shelled Parasite and Fungi","floor":24,"turns":4},{"damage":24,"enemies":"Book of Stabbing","floor":28,"turns":4},{"damage":18,"enemies":"Gremlin Leader","floor":30,"turns":3},{"damage":0,"enemies":"Chosen and Byrds","floor":31,"turns":4},{"damage":22,"enemies":"Collector","floor":33,"turns":6},{"damage":15,"enemies":"3 Darklings","floor":35,"turns":4},{"damage":13,"enemies":"Orb Walker","floor":38,"turns":3},{"damage":22,"enemies":"3 Darklings","floor":39,"turns":4},{"damage":9,"enemies":"Giant Head","floor":40,"turns":6},{"damage":11,"enemies":"Reptomancer","floor":42,"turns":9},{"damage":6,"enemies":"Giant Head","floor":45,"turns":7},{"damage":0,"enemies":"Jaw Worm Horde","floor":46,"turns":2},{"damage":0,"enemies":"Writhing Mass","floor":48,"turns":4},{"damage":48,"enemies":"Awakened One","floor":50,"turns":9},{"damage":19,"enemies":"Shield and Spear","floor":54,"turns":6},{"damage":68,"enemies":"The Heart","floor":55,"turns":8}],"seed_played":"-7768607334136999635","potions_obtained":[{"floor":1,"key":"Block Potion"},{"floor":10,"key":"EssenceOfSteel"},{"floor":11,"key":"Energy Potion"},{"floor":13,"key":"Fruit Juice"},{"floor":21,"key":"SteroidPotion"},{"floor":31,"key":"SteroidPotion"},{"floor":54,"key":"SpeedPotion"}],"is_trial":false,"path_per_floor":["M","?","?","M","M","R","E","R","T","M","E","R","M","M","R","B",null,"M","M","$","M","M","R","M","?","T","R","E","$","E","M","R","B",null,"M","?","?","M","M","E","?","E","T","R","E","M","$","M","R","B",null,"R","$","E","B",null],"character_chosen":"IRONCLAD","items_purchased":["Blood Vial","Apotheosis","Whirlwind","Kunai","Metallicize+1","Panacea","Bag of Marbles","Block Potion"],"campfire_rested":0,"item_purchase_floors":[20,20,20,29,47,47,47,53],"current_hp_per_floor":[80,60,60,65,69,69,50,50,50,47,42,42,52,49,49,12,85,83,83,83,79,78,78,83,83,83,83,67,67,57,67,67,55,85,82,82,82,81,73,80,75,80,80,80,85,85,85,91,91,55,91,91,91,84,34],"gold":52,"neow_bonus":"HUNDRED_GOLD","is_prod":false,"is_daily":false,"chose_seed":false,"campfire_upgraded":6,"win_rate":0,"timestamp":1550024983,"path_taken":["M","?","?","M","?","R","E","R","T","M","E","R","?","M","R","BOSS","M","M","$","M","M","R","M","?","T","R","E","$","E","M","R","BOSS","M","?","?","?","M","E","?","E","T","R","E","M","?","M","R","BOSS","R","$","E","BOSS"],"build_version":"2019-01-23","purchased_purges":2,"victory":true,"max_hp_per_floor":[80,80,80,80,80,80,80,80,80,80,80,80,85,85,85,85,85,85,85,85,85,85,85,85,85,85,85,85,85,85,85,85,85,85,85,85,85,85,85,85,85,85,85,85,85,85,85,91,91,91,91,91,91,91,91],"card_choices":[{"not_picked":["Carnage","Iron Wave"],"picked":"Shrug It Off","floor":1},{"not_picked":["Iron Wave","True Grit"],"picked":"Battle Trance","floor":4},{"not_picked":["Armaments","Fire Breathing"],"picked":"Offering","floor":5},{"not_picked":["Body Slam","Perfected Strike"],"picked":"Shockwave","floor":7},{"not_picked":["Warcry","Burning Pact"],"picked":"Pommel Strike","floor":10},{"not_picked":["Anger","Clothesline","Clash"],"picked":"SKIP","floor":11},{"not_picked":["Thunderclap","Anger"],"picked":"Disarm","floor":13},{"not_picked":["Iron Wave","Flex"],"picked":"Infernal Blade","floor":14},{"not_picked":["Juggernaut","Dark Embrace"],"picked":"Impervious","floor":16},{"not_picked":["Clothesline","Blood for Blood"],"picked":"Body Slam+1","floor":18},{"not_picked":["Flex","Dual Wield","Havoc"],"picked":"SKIP","floor":19},{"not_picked":["Armaments","Corruption"],"picked":"Heavy Blade","floor":21},{"not_picked":["Clash","Perfected Strike+1"],"picked":"Twin Strike","floor":22},{"not_picked":["Body Slam","Anger"],"picked":"Uppercut","floor":24},{"not_picked":["Armaments","Metallicize+1"],"picked":"Sword Boomerang+1","floor":28},{"not_picked":["Seeing Red","Body Slam"],"picked":"Rupture+1","floor":30},{"not_picked":["Clash+1","Perfected Strike","Blood for Blood"],"picked":"SKIP","floor":31},{"not_picked":["Immolate","Double Tap"],"picked":"Barricade+1","floor":33},{"not_picked":["Headbutt+1","Twin Strike"],"picked":"Entrench","floor":35},{"not_picked":["Cleave+1","Seeing Red+1"],"picked":"Spot Weakness+1","floor":38},{"not_picked":["Armaments","Intimidate","Clothesline+1"],"picked":"SKIP","floor":39},{"not_picked":["Twin Strike","Dual Wield+1","Demon Form+1"],"picked":"SKIP","floor":40},{"not_picked":["Sadistic Nature+1","Jack Of All Trades"],"picked":"Dark Shackles","floor":41},{"not_picked":["Clash+1","Havoc","Body Slam+1"],"picked":"SKIP","floor":42},{"not_picked":["Pommel Strike","Rupture+1","Immolate"],"picked":"SKIP","floor":45},{"not_picked":["Twin Strike","Second Wind","Thunderclap+1"],"picked":"SKIP","floor":46},{"not_picked":["Heavy Blade","Rupture+1","Cleave"],"picked":"SKIP","floor":46},{"not_picked":["Whirlwind+1","Cleave+1"],"picked":"Sword Boomerang+1","floor":48},{"not_picked":["Fire Breathing+1","Clash+1"],"picked":"Battle Trance","floor":48},{"not_picked":["Juggernaut+1","Clash"],"picked":"Ghostly Armor+1","floor":54}],"player_experience":687284,"relics_obtained":[{"floor":7,"key":"Girya"},{"floor":11,"key":"Tiny Chest"},{"floor":26,"key":"Frozen Egg 2"},{"floor":28,"key":"Bird Faced Urn"},{"floor":30,"key":"Darkstone Periapt"},{"floor":40,"key":"War Paint"},{"floor":42,"key":"Anchor"},{"floor":43,"key":"Happy Flower"},{"floor":45,"key":"Prayer Wheel"},{"floor":54,"key":"Bronze Scales"}],"event_choices":[{"damage_healed":0,"gold_gain":0,"player_choice":"Take Damage","damage_taken":20,"relics_obtained":["Golden Idol"],"max_hp_gain":0,"max_hp_loss":0,"event_name":"Golden Idol","floor":2,"gold_loss":0},{"damage_healed":0,"gold_gain":0,"player_choice":"0 cards matched","damage_taken":0,"max_hp_gain":0,"max_hp_loss":0,"event_name":"Match and Keep!","floor":3,"gold_loss":0,"cards_obtained":[]},{"damage_healed":0,"gold_gain":99,"player_choice":"Stole From Cult","damage_taken":0,"max_hp_gain":0,"max_hp_loss":0,"event_name":"Nest","floor":25,"gold_loss":0},{"cards_removed":["Pommel Strike"],"damage_healed":0,"gold_gain":0,"player_choice":"Removed Attack","damage_taken":0,"max_hp_gain":0,"max_hp_loss":0,"event_name":"Falling","floor":36,"gold_loss":0},{"damage_healed":0,"gold_gain":0,"player_choice":"Upgraded","damage_taken":0,"max_hp_gain":0,"max_hp_loss":0,"event_name":"Upgrade Shrine","floor":37,"gold_loss":0,"cards_upgraded":["Entrench"]},{"damage_healed":0,"gold_gain":0,"player_choice":"Memory 2","damage_taken":5,"max_hp_gain":0,"max_hp_loss":0,"event_name":"SensoryStone","floor":41,"gold_loss":0}],"is_beta":false,"boss_relics":[{"not_picked":["White Beast Statue","Philosopher\u0027s Stone"],"picked":"Velvet Choker"},{"not_picked":["Runic Pyramid","Coffee Dripper"],"picked":"Black Blood"}],"items_purged_floors":[29,47],"is_endless":false,"potions_floor_spawned":[1,10,11,13,21,24,31,33,38,39,40,48,54],"ascension_level":0}