{"gold_per_floor":[110,128,128,143,218,245,24,52,127,152,152],"floor_reached":11,"playtime":584,"items_purged":["Regret"],"score":91,"play_id":"855c4dcd-21f0-4c75-a84b-04a2541ebdf4","local_time":"20190520205717","is_ascension_mode":false,"campfire_choices":[],"neow_cost":"NONE","seed_source_timestamp":838128195657237,"circlet_count":0,"master_deck":["Defend_G","Defend_G","Defend_G","Defend_G","Defend_G","Strike_G","Strike_G","Strike_G+1","Strike_G","Strike_G+1","Survivor","Neutralize","Bouncing Flask","Bouncing Flask","All Out Attack","Escape Plan","Outmaneuver","Dodge and Roll"],"relics":["Ring of the Snake","Boot","Pocketwatch","Juzu Bracelet","Art of War","Whetstone","Letter Opener","Ancient Tea Set"],"potions_floor_usage":[6],"damage_taken":[{"damage":0,"enemies":"Jaw Worm","floor":1,"turns":4},{"damage":1,"enemies":"2 Louse","floor":2,"turns":3},{"damage":0,"enemies":"Cultist","floor":4,"turns":3},{"damage":21,"enemies":"3 Sentries","floor":6,"turns":6},{"damage":22,"enemies":"Lagavulin","floor":8,"turns":6},{"damage":14,"enemies":"3 Sentries","floor":10,"turns":7},{"damage":8,"enemies":"Red Slaver","floor":11,"turns":2}],"seed_played":"-2560076069531319028","potions_obtained":[{"floor":4,"key":"Block Potion"}],"is_trial":false,"path_per_floor":["M","M","?","M","?","E","$","E","T","E","M"],"character_chosen":"THE_SILENT","items_purchased":["Art of War"],"campfire_rested":0,"item_purchase_floors":[7],"current_hp_per_floor":[70,69,69,69,58,37,37,15,15,1,0],"gold":152,"neow_bonus":"RANDOM_COMMON_RELIC","is_prod":false,"is_daily":false,"chose_seed":false,"campfire_upgraded":0,"win_rate":0,"timestamp":1558400237,"path_taken":["M","M","?","M","?","E","?","E","T","E","M"],"build_version":"2019-01-23","purchased_purges":1,"victory":false,"max_hp_per_floor":[70,70,70,70,70,70,70,70,70,70,70],"card_choices":[{"not_picked":["Sucker Punch","Dagger Throw"],"picked":"Bouncing Flask","floor":1},{"not_picked":["Blade Dance","Dodge and Roll"],"picked":"Bouncing Flask","floor":2},{"not_picked":["Bane","Deadly Poison"],"picked":"All Out Attack","floor":4},{"not_picked":["Sucker Punch","Deadly Poison"],"picked":"Escape Plan","floor":6},{"not_picked":["Dagger Spray","Dagger Throw"],"picked":"Outmaneuver","floor":8},{"not_picked":["Dagger Spray","Acrobatics"],"picked":"Dodge and Roll","floor":10}],"player_experience":918074,"relics_obtained":[{"floor":6,"key":"Juzu Bracelet"},{"floor":8,"key":"Whetstone"},{"floor":9,"key":"Letter Opener"},{"floor":10,"key":"Ancient Tea Set"}],"event_choices":[{"damage_healed":0,"gold_gain":0,"player_choice":"Box","damage_taken":0,"relics_obtained":["Pocketwatch"],"max_hp_gain":0,"max_hp_loss":0,"event_name":"Big Fish","floor":3,"gold_loss":0,"cards_obtained":["Regret"]},{"damage_healed":0,"gold_gain":75,"player_choice":"Gather Gold","damage_taken":11,"max_hp_gain":0,"max_hp_loss":0,"event_name":"World of Goop","floor":5,"gold_loss":0}],"is_beta":false,"boss_relics":[],"items_purged_floors":[7],"is_endless":false,"potions_floor_spawned":[4],"killed_by":"Red Slaver","ascension_level":0}