{"gold_per_floor":[112,124,274,284,284,284,309,309,354,367,367,367,367,383,383,462,462,472,488,488,498,498,498,498],"floor_reached":24,"playtime":1039,"items_purged":[],"score":343,"play_id":"069320b7-c02b-4fad-9af7-7aa3bb3426c2","local_time":"20191006150558","is_ascension_mode":true,"campfire_choices":[{"data":"Sunder","floor":6,"key":"SMITH"},{"data":"Biased Cognition","floor":8,"key":"SMITH"},{"floor":12,"key":"REST"},{"data":"Zap","floor":15,"key":"SMITH"},{"floor":23,"key":"REST"}],"neow_cost":"TEN_PERCENT_HP_LOSS","seed_source_timestamp":1126144474508600,"circlet_count":0,"master_deck":["AscendersBane","Strike_B","Strike_B","Strike_B","Defend_B","Defend_B+1","Defend_B","Defend_B","Zap+1","Dualcast","Biased Cognition+1","Sunder+1","Cold Snap","Coolheaded+1","Hologram","Biased Cognition","Chill","Glacier"],"relics":["Cracked Core","Juzu Bracelet","InkBottle","Inserter","Nloth\u0027s Gift"],"potions_floor_usage":[16],"damage_taken":[{"damage":13,"enemies":"Small Slimes","floor":1,"turns":3},{"damage":4,"enemies":"Jaw Worm","floor":2,"turns":4},{"damage":3,"enemies":"2 Louse","floor":4,"turns":3},{"damage":16,"enemies":"Gremlin Nob","floor":7,"turns":4},{"damage":1,"enemies":"Exordium Thugs","floor":10,"turns":4},{"damage":6,"enemies":"Lots of Slimes","floor":14,"turns":4},{"damage":10,"enemies":"Hexaghost","floor":16,"turns":13},{"damage":13,"enemies":"3 Byrds","floor":18,"turns":4},{"damage":0,"enemies":"Spheric Guardian","floor":19,"turns":4},{"damage":25,"enemies":"3 Cultists","floor":21,"turns":9},{"damage":31,"enemies":"Snake Plant","floor":24,"turns":5}],"seed_played":"-3962571753879158556","potions_obtained":[{"floor":1,"key":"DuplicationPotion"},{"floor":4,"key":"DuplicationPotion"},{"floor":16,"key":"SmokeBomb"},{"floor":19,"key":"Dexterity Potion"}],"is_trial":false,"path_per_floor":["M","M","?","M","?","R","E","R","T","M","?","R","T","M","R","B",null,"M","M","?","M","?","R","M"],"character_chosen":"DEFECT","items_purchased":[],"campfire_rested":2,"item_purchase_floors":[],"current_hp_per_floor":[51,47,47,44,37,37,21,21,21,20,1,20,20,14,14,4,49,36,36,36,11,11,30,0],"gold":498,"neow_bonus":"THREE_RARE_CARDS","is_prod":false,"is_daily":false,"chose_seed":false,"campfire_upgraded":3,"win_rate":0,"timestamp":1570367158,"path_taken":["M","M","?","M","?","R","E","R","T","M","?","R","?","M","R","BOSS","M","M","?","M","?","R","M"],"build_version":"2019-10-04","purchased_purges":0,"victory":false,"max_hp_per_floor":[64,64,64,64,64,64,64,64,64,64,64,64,64,64,64,64,64,64,64,64,64,64,64,64],"card_choices":[{"not_picked":["Meteor Strike","Fission"],"picked":"Biased Cognition","floor":0},{"not_picked":["Leap","Rebound"],"picked":"Sunder","floor":1},{"not_picked":["Go for the Eyes","Rebound","Tempest"],"picked":"SKIP","floor":2},{"not_picked":["Reinforced Body","Go for the Eyes"],"picked":"Cold Snap","floor":4},{"not_picked":["Streamline","Darkness"],"picked":"Coolheaded","floor":7},{"not_picked":["Steam","BootSequence","Thunder Strike"],"picked":"SKIP","floor":10},{"not_picked":["Beam Cell","Redo"],"picked":"Hologram","floor":14},{"not_picked":["All For One","Reboot"],"picked":"Biased Cognition","floor":16},{"not_picked":["FTL","Barrage"],"picked":"Chill","floor":18},{"not_picked":["Genetic Algorithm+1","Consume"],"picked":"Glacier","floor":19},{"not_picked":["Chill","Go for the Eyes","Redo"],"picked":"SKIP","floor":21}],"player_experience":931920,"relics_obtained":[{"floor":7,"key":"Juzu Bracelet"},{"floor":9,"key":"InkBottle"},{"floor":13,"key":"Blue Candle"}],"event_choices":[{"damage_healed":0,"gold_gain":150,"player_choice":"AGREE","damage_taken":0,"max_hp_gain":0,"max_hp_loss":0,"event_name":"Liars Game","floor":3,"gold_loss":0,"cards_obtained":["Doubt"]},{"cards_removed":["Doubt"],"damage_healed":0,"gold_gain":0,"player_choice":"Card Removal","damage_taken":7,"max_hp_gain":0,"max_hp_loss":0,"event_name":"Golden Wing","floor":5,"gold_loss":0},{"damage_healed":0,"gold_gain":0,"player_choice":"Entered Light","damage_taken":19,"max_hp_gain":0,"max_hp_loss":0,"event_name":"Shining Light","floor":11,"gold_loss":0,"cards_upgraded":["Coolheaded","Defend_B"]},{"damage_healed":0,"gold_gain":0,"player_choice":"Traded Relic","damage_taken":0,"relics_obtained":["Nloth\u0027s Gift"],"max_hp_gain":0,"max_hp_loss":0,"event_name":"N\u0027loth","floor":20,"relics_lost":["Blue Candle"],"gold_loss":0},{"cards_removed":["Strike_B"],"damage_healed":0,"gold_gain":0,"player_choice":"Purged","damage_taken":0,"max_hp_gain":0,"max_hp_loss":0,"event_name":"Purifier","floor":22,"gold_loss":0}],"is_beta":true,"boss_relics":[{"not_picked":["Runic Dome","Coffee Dripper"],"picked":"Inserter"}],"items_purged_floors":[],"is_endless":false,"potions_floor_spawned":[1,4,10,16,19],"killed_by":"Snake Plant","ascension_level":15}