{"gold_per_floor":[113,38,38,38,57,90,110,129,154,164,193,193,193,224,224,347,347,368,368,148,162,162,162,162,195,195,195,110,110,110,120,120,215,215,227,227,146,146,146,146,174,174,174,194,207,207,207,233,233,233,233,233,2,27,27],"floor_reached":56,"playtime":4529,"items_purged":["Clumsy","Strike_G"],"score":1162,"play_id":"f4fc5484-ee09-4a2f-b0dc-f7d29571fc3d","local_time":"20190522234609","is_ascension_mode":false,"campfire_choices":[{"data":"Deadly Poison","floor":12.0,"key":"SMITH"},{"data":"Neutralize","floor":15.0,"key":"SMITH"},{"data":"Acrobatics","floor":23.0,"key":"SMITH"},{"floor":27.0,"key":"REST"},{"data":"Skewer","floor":29.0,"key":"SMITH"},{"data":"Blade Dance","floor":32.0,"key":"SMITH"},{"data":"Footwork","floor":40.0,"key":"SMITH"},{"data":"Bullet Time","floor":42.0,"key":"SMITH"},{"floor":46.0,"key":"RECALL"},{"data":"Unload","floor":49.0,"key":"SMITH"},{"data":"After Image","floor":52.0,"key":"SMITH"}],"neow_cost":"CURSE","seed_source_timestamp":0,"circlet_count":0,"master_deck":["Defend_G","Defend_G","Defend_G","Strike_G","Strike_G","Neutralize+1","Backstab","Leg Sweep","Blade Dance+1","PiercingWail","Deadly Poison+1","Acrobatics+1","Footwork+1","Backflip","Bullet Time+1","After Image+1","Skewer+1","Unload+1","Riddle With Holes+1","Reflex+1","Finisher+1","Choke+1","Footwork","Heel Hook+1","Dodge and Roll+1","Backflip+1","Well Laid Plans"],"special_seed":0,"relics":["Ring of the Snake","Torii","Pen Nib","Juzu Bracelet","Lantern","Bloody Idol","Happy Flower","Busted Crown","Sundial","Dream Catcher","Calipers","Paper Crane","Omamori","Astrolabe","Blue Candle","Letter Opener","PreservedInsect","Dodecahedron"],"potions_floor_usage":[55,55],"damage_taken":[{"damage":9.0,"enemies":"Jaw Worm","floor":1.0,"turns":5.0},{"damage":0.0,"enemies":"Small Slimes","floor":5.0,"turns":4.0},{"damage":13.0,"enemies":"Lagavulin","floor":6.0,"turns":10.0},{"damage":0.0,"enemies":"2 Louse","floor":7.0,"turns":3.0},{"damage":2.0,"enemies":"Red Slaver","floor":8.0,"turns":3.0},{"damage":0.0,"enemies":"Blue Slaver","floor":10.0,"turns":4.0},{"damage":3.0,"enemies":"3 Sentries","floor":11.0,"turns":9.0},{"damage":7.0,"enemies":"Lagavulin","floor":14.0,"turns":6.0},{"damage":4.0,"enemies":"The Guardian","floor":16.0,"turns":12.0},{"damage":6.0,"enemies":"Shell Parasite","floor":18.0,"turns":6.0},{"damage":12.0,"enemies":"Spheric Guardian","floor":21.0,"turns":7.0},{"damage":46.0,"enemies":"Gremlin Leader","floor":25.0,"turns":9.0},{"damage":0.0,"enemies":"Centurion and Healer","floor":31.0,"turns":8.0},{"damage":34.0,"enemies":"Collector","floor":33.0,"turns":11.0},{"damage":0.0,"enemies":"3 Shapes","floor":35.0,"turns":5.0},{"damage":31.0,"enemies":"Reptomancer","floor":41.0,"turns":8.0},{"damage":0.0,"enemies":"Orb Walker","floor":44.0,"turns":2.0},{"damage":2.0,"enemies":"Maw","floor":45.0,"turns":8.0},{"damage":7.0,"enemies":"Giant Head","floor":48.0,"turns":8.0},{"damage":45.0,"enemies":"Time Eater","floor":50.0,"turns":18.0},{"damage":2.0,"enemies":"Shield and Spear","floor":54.0,"turns":5.0},{"damage":45,"enemies":"The Heart","floor":55,"turns":12}],"seed_played":"5840072648803428668","potions_obtained":[{"floor":5.0,"key":"Strength Potion"},{"floor":7.0,"key":"EssenceOfSteel"},{"floor":10.0,"key":"SpeedPotion"},{"floor":16.0,"key":"PowerPotion"},{"floor":25.0,"key":"Energy Potion"},{"floor":35.0,"key":"Fruit Juice"},{"floor":36.0,"key":"Strength Potion"},{"floor":36.0,"key":"GamblersBrew"},{"floor":36.0,"key":"SpeedPotion"}],"is_trial":false,"path_per_floor":["M","$","?","?","M","E","M","M","T","M","E","R","?","E","R","B",null,"M","?","$","M","?","R","?","E","T","R","?","R","T","M","R","B",null,"M","?","$","?","?","R","E","R","T","M","M","R","?","E","R","B",null,"R","$","E","B",null],"character_chosen":"THE_SILENT","items_purchased":["After Image","Skewer","Footwork","Well Laid Plans","Strength Potion"],"campfire_rested":1,"item_purchase_floors":[20,20,37,53,53],"current_hp_per_floor":[61,61,54,47,47,34,34,32,32,32,29,29,29,22,22,18,70,64,64,64,52,52,52,52,11,11,32,32,32,32,37,37,8,70,75,75,75,75,70,70,44,44,44,49,52,52,52,50,50,5,75,75,75,75,30],"gold":27,"neow_bonus":"ONE_RARE_RELIC","is_prod":false,"is_daily":false,"chose_seed":false,"campfire_upgraded":9,"win_rate":0,"timestamp":1558583169,"path_taken":["M","$","?","?","M","E","M","M","T","M","E","R","?","E","R","BOSS","M","?","$","M","?","R","?","E","T","R","?","R","?","M","R","BOSS","M","?","$","?","?","R","E","R","T","M","M","R","?","E","R","BOSS","R","$","E","BOSS"],"build_version":"2019-01-23","purchased_purges":2,"victory":true,"max_hp_per_floor":[70,70,70,70,70,70,70,70,70,70,70,70,70,70,70,70,70,70,70,70,70,70,70,70,70,70,70,70,70,70,70,70,70,70,75,75,75,75,75,75,75,75,75,75,75,75,75,75,75,75,75,75,75,75,75],"card_choices":[{"not_picked":["Prepared","Slice"],"picked":"Backstab","floor":1.0},{"not_picked":["Dagger Spray","Blur"],"picked":"Leg Sweep","floor":5.0},{"not_picked":["Leg Sweep","Backstab"],"picked":"Blade Dance","floor":6.0},{"not_picked":["Dodge and Roll","Backflip"],"picked":"PiercingWail","floor":7.0},{"not_picked":["Sucker Punch","Blade Dance"],"picked":"Deadly Poison","floor":8.0},{"not_picked":["Backstab","Wraith Form v2"],"picked":"Acrobatics","floor":10.0},{"not_picked":["Deflect","PiercingWail"],"picked":"Footwork","floor":11.0},{"not_picked":["Sucker Punch","Underhanded Strike"],"picked":"Backflip","floor":14.0},{"not_picked":["Die Die Die","Wraith Form v2"],"picked":"Bullet Time","floor":16.0},{"not_picked":["Outmaneuver"],"picked":"SKIP","floor":18.0},{"not_picked":["Concentrate"],"picked":"SKIP","floor":21.0},{"not_picked":["Quick Slash"],"picked":"SKIP","floor":25.0},{"not_picked":["Quick Slash"],"picked":"SKIP","floor":31.0},{"not_picked":[],"picked":"Unload","floor":33.0},{"not_picked":[],"picked":"Choke+1","floor":35.0},{"not_picked":[],"picked":"Heel Hook+1","floor":41.0},{"not_picked":[],"picked":"Dodge and Roll+1","floor":44.0},{"not_picked":["PiercingWail+1"],"picked":"SKIP","floor":45.0},{"not_picked":[],"picked":"Backflip+1","floor":48.0},{"not_picked":["Blade Dance+1"],"picked":"SKIP","floor":54.0}],"player_experience":924189,"relics_obtained":[{"floor":6.0,"key":"Juzu Bracelet"},{"floor":11.0,"key":"Lantern"},{"floor":14.0,"key":"Happy Flower"},{"floor":25.0,"key":"Dream Catcher"},{"floor":26.0,"key":"Calipers"},{"floor":30.0,"key":"Omamori"},{"floor":41.0,"key":"Blue Candle"},{"floor":43.0,"key":"Letter Opener"},{"floor":48.0,"key":"PreservedInsect"},{"floor":54.0,"key":"Dodecahedron"}],"event_choices":[{"cards_removed":["Strike_G"],"damage_healed":0.0,"max_hp_gain":0.0,"max_hp_loss":0.0,"gold_gain":0.0,"event_name":"Golden Wing","player_choice":"Card Removal","floor":3.0,"gold_loss":0.0,"damage_taken":7.0},{"damage_healed":0.0,"max_hp_gain":0.0,"max_hp_loss":0.0,"gold_gain":0.0,"event_name":"Scrap Ooze","player_choice":"Success","floor":4.0,"gold_loss":0.0,"damage_taken":7.0,"relics_obtained":["Pen Nib"]},{"damage_healed":0.0,"max_hp_gain":0.0,"max_hp_loss":0.0,"gold_gain":0.0,"event_name":"Golden Idol","player_choice":"Take Wound","floor":13.0,"gold_loss":0.0,"damage_taken":0.0,"relics_obtained":["Golden Idol"],"cards_obtained":["Injury"]},{"cards_removed":["Injury"],"damage_healed":0.0,"max_hp_gain":0.0,"max_hp_loss":0.0,"gold_gain":0.0,"event_name":"Fountain of Cleansing","player_choice":"Removed Curses","floor":19.0,"gold_loss":0.0,"damage_taken":0.0},{"damage_healed":0.0,"max_hp_gain":0.0,"max_hp_loss":0.0,"gold_gain":0.0,"event_name":"The Mausoleum","player_choice":"Opened","floor":22.0,"gold_loss":0.0,"damage_taken":0.0,"relics_obtained":["Sundial"]},{"damage_healed":0.0,"max_hp_gain":0.0,"max_hp_loss":0.0,"gold_gain":0.0,"event_name":"Forgotten Altar","player_choice":"Gave Idol","floor":24.0,"relics_lost":["Golden Idol"],"gold_loss":0.0,"damage_taken":0.0,"relics_obtained":["Bloody Idol"]},{"damage_healed":0.0,"max_hp_gain":0.0,"max_hp_loss":0.0,"gold_gain":0.0,"event_name":"Addict","player_choice":"Obtained Relic","floor":28.0,"gold_loss":85.0,"damage_taken":0.0,"relics_obtained":["Paper Crane"]},{"damage_healed":0.0,"max_hp_gain":0.0,"max_hp_loss":0.0,"gold_gain":0.0,"event_name":"Lab","player_choice":"Got Potions","floor":36.0,"gold_loss":0.0,"damage_taken":0.0},{"damage_healed":0.0,"max_hp_gain":0.0,"max_hp_loss":0.0,"gold_gain":0.0,"event_name":"Tomb of Lord Red Mask","player_choice":"Ignored","floor":38.0,"gold_loss":0.0,"damage_taken":0.0},{"damage_healed":0.0,"max_hp_gain":0.0,"max_hp_loss":0.0,"gold_gain":0.0,"event_name":"SensoryStone","player_choice":"Memory 2","floor":39.0,"gold_loss":0.0,"damage_taken":5.0},{"cards_removed":["Survivor"],"damage_healed":0.0,"max_hp_gain":0.0,"max_hp_loss":0.0,"gold_gain":0.0,"event_name":"Falling","player_choice":"Removed Skill","floor":47.0,"gold_loss":0.0,"damage_taken":0.0}],"is_beta":false,"boss_relics":[{"not_picked":["Lizard Tail","Runic Dome"],"picked":"Busted Crown"},{"not_picked":["Eternal Feather","Tiny House"],"picked":"Astrolabe"}],"items_purged_floors":[2,53],"is_endless":false,"potions_floor_spawned":[5,7,10,16,25,35,44,54],"ascension_level":0}