{"gold_per_floor":[113,10,10,10,24,24,41,66,89,89,89,89,124,154,154,154],"floor_reached":16,"playtime":934,"items_purged":[],"score":159,"play_id":"f445c104-0f1a-44ca-b012-035e11d3137a","local_time":"20180916131729","is_ascension_mode":true,"campfire_choices":[{"data":"Panacea","floor":6,"key":"SMITH"},{"data":"Combust","floor":12,"key":"SMITH"},{"data":"Iron Wave","floor":15,"key":"SMITH"}],"neow_cost":"PERCENT_DAMAGE","seed_source_timestamp":842349914157196,"circlet_count":0,"master_deck":["Strike_R+1","Strike_R","Strike_R","Strike_R","Defend_R","Defend_R","Defend_R","Defend_R","Bash","AscendersBane","Impervious","Cleave+1","Panacea+1","Pommel Strike","Rampage+1","Combust+1","Iron Wave+1"],"relics":["Burning Blood","Blood Vial","Dream Catcher","Omamori","Tiny Chest"],"potions_floor_usage":[16],"damage_taken":[{"damage":0,"enemies":"Small Slimes","floor":1,"turns":5},{"damage":0,"enemies":"Cultist","floor":5,"turns":4},{"damage":0,"enemies":"2 Louse","floor":7,"turns":2},{"damage":25,"enemies":"Lagavulin","floor":8,"turns":8},{"damage":25,"enemies":"Gremlin Nob","floor":13,"turns":4},{"damage":56,"enemies":"Slime Boss","floor":16,"turns":6}],"seed_played":"-7895049381146685799","potions_obtained":[{"floor":13,"key":"Regen Potion"}],"is_trial":false,"path_per_floor":["M","$","?","?","M","R","M","E","T","?","?","R","E","?","R"],"character_chosen":"IRONCLAD","items_purchased":["Panacea"],"campfire_rested":0,"item_purchase_floors":[2],"current_hp_per_floor":[57,57,57,41,47,47,53,34,34,60,60,60,43,31,31,0],"gold":154,"neow_bonus":"THREE_RARE_CARDS","is_prod":false,"is_daily":false,"chose_seed":false,"campfire_upgraded":3,"win_rate":0,"timestamp":1537118249,"path_taken":["M","$","?","?","M","R","?","E","T","?","?","R","E","?","R","BOSS"],"build_version":"2018-09-06","purchased_purges":0,"victory":false,"max_hp_per_floor":[80,80,80,80,80,80,80,80,80,80,80,80,80,80,80,80],"card_choices":[{"not_picked":["Barricade","Exhume"],"picked":"Impervious","floor":0},{"not_picked":["Anger","Pommel Strike"],"picked":"Cleave","floor":1},{"not_picked":["Disarm","Reckless Charge"],"picked":"Pommel Strike","floor":5},{"not_picked":["Cleave","Carnage"],"picked":"Rampage","floor":7},{"not_picked":["Rampage","Wild Strike"],"picked":"Combust","floor":8},{"not_picked":["Evolve","Sword Boomerang"],"picked":"Iron Wave","floor":13}],"player_experience":444721,"relics_obtained":[{"floor":8,"key":"Blood Vial"},{"floor":9,"key":"Dream Catcher"},{"floor":13,"key":"Omamori"}],"event_choices":[{"event_name":"Bonfire Elementals","player_choice":"BASIC","floor":3,"damage_taken":0},{"event_name":"Shining Light","player_choice":"Entered Light","floor":4,"damage_taken":0},{"event_name":"Big Fish","player_choice":"Banana","floor":10,"damage_taken":0},{"event_name":"Living Wall","player_choice":"Grow","floor":11,"damage_taken":0},{"event_name":"Scrap Ooze","player_choice":"success","floor":14,"damage_taken":12}],"is_beta":false,"boss_relics":[],"items_purged_floors":[],"is_endless":false,"potions_floor_spawned":[13],"killed_by":"Slime Boss","ascension_level":10}