{"gold_per_floor":[112,127,127,127,145,145,181,256,280,280,295,331,331,355,355,485,485,498,516,252,252,267,310,13,13,13,31,231,231],"floor_reached":29,"playtime":2557,"items_purged":[],"score":291,"play_id":"7b1cb34e-0f59-42a9-bdd8-d79920bc209c","local_time":"20180805153523","is_ascension_mode":true,"campfire_choices":[{"data":"Neutralize","floor":6,"key":"SMITH"},{"floor":10,"key":"REST"},{"data":"Poisoned Stab","floor":13,"key":"SMITH"},{"floor":15,"key":"REST"},{"floor":25,"key":"REST"}],"neow_cost":"NONE","seed_source_timestamp":1005950907767048,"circlet_count":0,"master_deck":["Defend_G","Defend_G","Defend_G","Defend_G","Defend_G","Strike_G","Strike_G","Strike_G","Strike_G","Strike_G","Survivor","Neutralize+1","Quick Slash","Poisoned Stab+1","Injury","Caltrops","Prepared","Leg Sweep","Flying Knee","Deadly Poison","Bane","Sucker Punch","Envenom","Blur+1","Dodge and Roll+1","Footwork","Apotheosis","Dash","Bouncing Flask","Backflip+1","Concentrate"],"relics":["Ring of the Snake","Golden Idol","Dream Catcher","Potion Belt","Bag of Preparation","Bronze Scales","Black Star","Centennial Puzzle","Ornamental Fan","Gremlin Horn","Girya","Kunai"],"potions_floor_usage":[12,16,16,29],"damage_taken":[{"damage":2,"enemies":"2 Louse","floor":1,"turns":3},{"damage":3,"enemies":"Jaw Worm","floor":2,"turns":4},{"damage":2,"enemies":"Small Slimes","floor":5,"turns":3},{"damage":37,"enemies":"3 Sentries","floor":7,"turns":9},{"damage":10,"enemies":"Exordium Wildlife","floor":11,"turns":6},{"damage":12,"enemies":"Gremlin Nob","floor":12,"turns":4},{"damage":0,"enemies":"Looter","floor":14,"turns":3},{"damage":21,"enemies":"Slime Boss","floor":16,"turns":13},{"damage":4,"enemies":"Shell Parasite","floor":18,"turns":6},{"damage":4,"enemies":"Chosen","floor":19,"turns":5},{"damage":20,"enemies":"Snake Plant","floor":22,"turns":4},{"damage":44,"enemies":"Slavers","floor":23,"turns":7},{"damage":18,"enemies":"Chosen and Byrds","floor":27,"turns":8},{"damage":27,"enemies":"Gremlin Leader","floor":29,"turns":3}],"seed_played":"1602720164525540450","potions_obtained":[{"floor":11,"key":"Poison Potion"},{"floor":12,"key":"PowerPotion"},{"floor":14,"key":"EssenceOfSteel"},{"floor":18,"key":"FearPotion"},{"floor":27,"key":"Weak Potion"}],"is_trial":false,"path_per_floor":["M","M","?","?","M","R","E","?","T","R","M","E","R","M","R","B",null,"M","M","$","?","M","E","$","R","T","M","?"],"character_chosen":"THE_SILENT","items_purchased":["Footwork","Apotheosis","Girya"],"campfire_rested":3,"item_purchase_floors":[20,20,24],"current_hp_per_floor":[75,72,72,69,67,67,30,19,19,42,32,20,20,20,43,22,77,73,69,69,69,49,5,5,28,28,10,10,0],"gold":231,"neow_bonus":"TEN_PERCENT_HP_BONUS","is_prod":false,"is_daily":false,"chose_seed":false,"campfire_upgraded":2,"win_rate":0,"timestamp":1533497723,"path_taken":["M","M","?","?","?","R","E","?","T","R","M","E","R","M","R","BOSS","M","M","$","?","M","E","$","R","T","M","?","E"],"build_version":"2018-08-02","purchased_purges":0,"victory":false,"max_hp_per_floor":[77,77,77,77,77,77,77,77,77,77,77,77,77,77,77,77,77,77,77,77,77,77,77,77,77,77,77,77,77],"card_choices":[{"not_picked":["Backflip","Prepared"],"picked":"Quick Slash","floor":1},{"not_picked":["Backflip","Deadly Poison"],"picked":"Poisoned Stab","floor":2},{"not_picked":["Deflect","Dagger Throw"],"picked":"Caltrops","floor":5},{"not_picked":["Acrobatics","Night Terror"],"picked":"Prepared","floor":7},{"not_picked":["Dodge and Roll","Flying Knee"],"picked":"Leg Sweep","floor":10},{"not_picked":["Choke","Dodge and Roll"],"picked":"Flying Knee","floor":11},{"not_picked":["Prepared","Underhanded Strike"],"picked":"Deadly Poison","floor":12},{"not_picked":["Endless Agony","Caltrops"],"picked":"Bane","floor":14},{"not_picked":["Tactician","Expertise"],"picked":"Sucker Punch","floor":15},{"not_picked":["Glass Knife","Doppelganger"],"picked":"Envenom","floor":16},{"not_picked":["Prepared","Finisher"],"picked":"Blur+1","floor":18},{"not_picked":["Flying Knee","Escape Plan"],"picked":"Dodge and Roll+1","floor":19},{"not_picked":["Backflip","Outmaneuver+1"],"picked":"Dash","floor":22},{"not_picked":["Quick Slash","Acrobatics"],"picked":"Bouncing Flask","floor":23},{"not_picked":["Quick Slash","Acrobatics"],"picked":"Backflip+1","floor":25},{"not_picked":["Acrobatics","Blade Dance"],"picked":"Concentrate","floor":27}],"player_experience":228030,"relics_obtained":[{"floor":7,"key":"Potion Belt"},{"floor":9,"key":"Bag of Preparation"},{"floor":12,"key":"Bronze Scales"},{"floor":23,"key":"Ornamental Fan"},{"floor":23,"key":"Gremlin Horn"},{"floor":26,"key":"Kunai"}],"event_choices":[{"event_name":"Golden Idol","player_choice":"Take Wound","floor":3,"damage_taken":0},{"event_name":"Scrap Ooze","player_choice":"success","floor":4,"damage_taken":3},{"event_name":"World of Goop","player_choice":"Gather Gold","floor":8,"damage_taken":0},{"event_name":"The Mausoleum","player_choice":"Yes","floor":21,"damage_taken":0},{"event_name":"Wheel of Change","player_choice":"Gold","floor":28,"damage_taken":0}],"is_beta":false,"boss_relics":[{"not_picked":["Calling Bell","Tiny House"],"picked":"Black Star"}],"items_purged_floors":[],"is_endless":false,"potions_floor_spawned":[11,12,14,18,27],"killed_by":"Gremlin Leader","ascension_level":3}