{"gold_per_floor":[114,131,131,56,66,100,100,114,139,139,154,172,172],"floor_reached":13,"playtime":420,"items_purged":["Strike_B"],"score":152,"play_id":"5a8df801-ed2a-4ef5-8c79-398623deb2c6","local_time":"20190611191015","is_ascension_mode":true,"campfire_choices":[{"floor":7.0,"key":"REST"}],"neow_cost":"NONE","seed_source_timestamp":939521298108006,"circlet_count":0,"master_deck":["AscendersBane","Strike_B","Strike_B","Strike_B","Defend_B","Defend_B","Defend_B","Defend_B","Zap","Dualcast","Compile Driver","Ball Lightning","Seek","Genetic Algorithm","Conserve Battery","Ball Lightning"],"special_seed":0,"relics":["Cracked Core","NeowsBlessing","NlothsMask","Ancient Tea Set","Golden Idol"],"potions_floor_usage":[13,13],"damage_taken":[{"damage":0.0,"enemies":"Jaw Worm","floor":1.0,"turns":1.0},{"damage":0.0,"enemies":"Cultist","floor":2.0,"turns":1.0},{"damage":0.0,"enemies":"Small Slimes","floor":5.0,"turns":1.0},{"damage":32.0,"enemies":"Gremlin Nob","floor":6.0,"turns":4.0},{"damage":0.0,"enemies":"Blue Slaver","floor":8.0,"turns":3.0},{"damage":9.0,"enemies":"Exordium Wildlife","floor":11.0,"turns":2.0},{"damage":24,"enemies":"Large Slime","floor":12,"turns":7},{"damage":27,"enemies":"Lagavulin","floor":13,"turns":3}],"seed_played":"5826870308238429967","potions_obtained":[{"floor":2.0,"key":"Energy Potion"},{"floor":8.0,"key":"Poison Potion"}],"is_trial":false,"path_per_floor":["M","M","?","$","M","E","R","M","T","?","M","M","E"],"character_chosen":"DEFECT","items_purchased":[],"campfire_rested":1,"item_purchase_floors":[],"current_hp_per_floor":[64,64,64,64,64,32,53,53,53,53,44,20,0],"gold":172,"neow_bonus":"THREE_ENEMY_KILL","is_prod":false,"is_daily":false,"chose_seed":false,"campfire_upgraded":0,"win_rate":0,"timestamp":1560273015,"path_taken":["M","M","?","?","?","E","R","M","T","?","M","M","E"],"build_version":"2019-01-23","purchased_purges":1,"victory":false,"max_hp_per_floor":[71,71,71,71,71,71,71,71,71,64,64,64,64],"card_choices":[{"not_picked":["Beam Cell","Leap"],"picked":"Compile Driver","floor":1.0},{"not_picked":["Steam","Capacitor"],"picked":"Ball Lightning","floor":2.0},{"not_picked":["Compile Driver","Force Field","Lockon"],"picked":"SKIP","floor":5.0},{"not_picked":["Gash","Go for the Eyes"],"picked":"Seek","floor":6.0},{"not_picked":["Steam","Stack"],"picked":"Genetic Algorithm","floor":8.0},{"not_picked":["Recycle","Streamline"],"picked":"Conserve Battery","floor":11},{"not_picked":["Steam","Chill"],"picked":"Ball Lightning","floor":12}],"player_experience":504796,"relics_obtained":[{"floor":6.0,"key":"Ancient Tea Set"}],"event_choices":[{"damage_healed":0.0,"max_hp_gain":0.0,"max_hp_loss":0.0,"gold_gain":0.0,"event_name":"FaceTrader","player_choice":"Trade","floor":3.0,"gold_loss":0.0,"damage_taken":0.0,"relics_obtained":["NlothsMask"]},{"damage_healed":0.0,"max_hp_gain":0.0,"max_hp_loss":7.0,"gold_gain":0.0,"event_name":"Golden Idol","player_choice":"Lose Max HP","floor":10.0,"gold_loss":0.0,"damage_taken":0.0,"relics_obtained":["Golden Idol"]}],"is_beta":false,"boss_relics":[],"items_purged_floors":[4],"is_endless":false,"potions_floor_spawned":[2,8],"killed_by":"Lagavulin","ascension_level":15}