{"gold_per_floor":[119,44,81,81,134,134,159,159,239,256,297,334,334,365,365,461,461,475,550,570,126,126,161,161,192,215,237,261,273,384,416,428,561,573,598,610,633,661,710,722,734],"floor_reached":41,"playtime":1862,"items_purged":["Regret","Strike_R"],"score":520,"play_id":"77eb37c7-48fc-405c-aa5a-6f5828e88ca2","local_time":"20190403202302","is_ascension_mode":false,"campfire_choices":[{"data":"HandOfGreed","floor":6.0,"key":"SMITH"},{"data":"The Bomb","floor":8.0,"key":"SMITH"},{"data":"Whirlwind","floor":15.0,"key":"SMITH"},{"data":"Shrug It Off","floor":24.0,"key":"SMITH"},{"floor":29.0,"key":"REST"},{"data":"Shrug It Off","floor":32,"key":"SMITH"},{"floor":40,"key":"REST"}],"neow_cost":"CURSE","seed_source_timestamp":447314658206884,"circlet_count":0,"master_deck":["Strike_R","Strike_R","Strike_R","Strike_R","Defend_R","Defend_R","Defend_R","Defend_R","Bash","HandOfGreed+1","The Bomb+1","Bloodletting","Headbutt","Twin Strike","Shrug It Off+1","Rupture+1","Whirlwind+1","Shockwave","Shrug It Off+1","Brutality","Shrug It Off+1","Dramatic Entrance+1","Twin Strike+1","Warcry+1","Rage","Twin Strike+1","Limit Break"],"special_seed":0,"relics":["Burning Blood","Oddly Smooth Stone","Bottled Lightning","Molten Egg 2","Philosopher\u0027s Stone","Bottled Flame","Matryoshka","Smiling Mask","Darkstone Periapt","Art of War","MawBank","Busted Crown"],"potions_floor_usage":[33,33],"damage_taken":[{"damage":2.0,"enemies":"Cultist","floor":1.0,"turns":3.0},{"damage":5.0,"enemies":"Small Slimes","floor":3.0,"turns":6.0},{"damage":0.0,"enemies":"2 Louse","floor":5.0,"turns":4.0},{"damage":32.0,"enemies":"Lagavulin","floor":7.0,"turns":5.0},{"damage":21.0,"enemies":"Lots of Slimes","floor":10.0,"turns":3.0},{"damage":0.0,"enemies":"Large Slime","floor":11.0,"turns":3.0},{"damage":0.0,"enemies":"3 Louse","floor":12.0,"turns":2.0},{"damage":5.0,"enemies":"Gremlin Nob","floor":14.0,"turns":3.0},{"damage":0.0,"enemies":"Slime Boss","floor":16.0,"turns":4.0},{"damage":6.0,"enemies":"Chosen","floor":18.0,"turns":3.0},{"damage":5.0,"enemies":"Spheric Guardian","floor":20.0,"turns":4.0},{"damage":16.0,"enemies":"Gremlin Leader","floor":23.0,"turns":4.0},{"damage":47.0,"enemies":"Slavers","floor":25.0,"turns":3.0},{"damage":16.0,"enemies":"Centurion and Healer","floor":27.0,"turns":4.0},{"damage":16.0,"enemies":"Snecko","floor":28.0,"turns":3.0},{"damage":0,"enemies":"Snake Plant","floor":31,"turns":3},{"damage":53,"enemies":"Collector","floor":33,"turns":7},{"damage":10,"enemies":"3 Darklings","floor":35,"turns":3},{"damage":24,"enemies":"Orb Walker","floor":37,"turns":3},{"damage":26,"enemies":"Maw","floor":38,"turns":7},{"damage":22,"enemies":"Jaw Worm Horde","floor":39,"turns":3},{"damage":66,"enemies":"Giant Head","floor":41,"turns":7}],"seed_played":"2278075878681465016","potions_obtained":[{"floor":5.0,"key":"SkillPotion"},{"floor":11.0,"key":"Dexterity Potion"},{"floor":12.0,"key":"Regen Potion"},{"floor":28.0,"key":"EssenceOfSteel"},{"floor":33,"key":"Ancient Potion"},{"floor":35,"key":"FearPotion"}],"is_trial":false,"path_per_floor":["M","$","M","$","M","R","E","R","T","M","M","M","?","E","R","B",null,"M","T","M","$","?","E","R","E","T","M","M","R","?","M","R","B",null,"M","?","M","M","M","R","E"],"character_chosen":"IRONCLAD","items_purchased":["Matryoshka","Dramatic Entrance+1"],"campfire_rested":2,"item_purchase_floors":[21,21],"current_hp_per_floor":[80,80,80,80,80,80,54,54,54,39,45,51,51,52,52,58,80,80,80,80,80,80,70,70,29,29,19,9,33,33,39,39,7,80,76,76,58,38,22,44,0],"gold":734,"neow_bonus":"RANDOM_COLORLESS_2","is_prod":false,"is_daily":false,"chose_seed":false,"campfire_upgraded":5,"win_rate":0,"timestamp":1554337382,"path_taken":["M","?","M","$","M","R","E","R","T","M","M","M","?","E","R","BOSS","M","?","M","$","?","E","R","E","T","M","?","R","?","M","R","BOSS","M","?","M","M","M","R","E"],"build_version":"2019-01-23","purchased_purges":2,"victory":false,"max_hp_per_floor":[80,80,80,80,80,80,80,80,80,80,80,80,80,80,80,80,80,80,80,80,80,80,80,80,80,80,80,80,80,80,80,80,80,80,80,76,76,76,76,76,76],"card_choices":[{"not_picked":["Dropkick","Second Wind"],"picked":"Bloodletting","floor":1.0},{"not_picked":["Pommel Strike","Wild Strike"],"picked":"Headbutt","floor":3.0},{"not_picked":["Iron Wave","Wild Strike"],"picked":"Twin Strike","floor":5.0},{"not_picked":["Twin Strike","Wild Strike"],"picked":"Shrug It Off","floor":7.0},{"not_picked":["Wild Strike","Havoc"],"picked":"Rupture","floor":10.0},{"not_picked":["Flex","Pummel"],"picked":"Whirlwind","floor":11.0},{"not_picked":["Anger","Flame Barrier"],"picked":"Shockwave","floor":12.0},{"not_picked":["Clash","Rupture"],"picked":"Shrug It Off","floor":14.0},{"not_picked":["Bludgeon+1","Berserk"],"picked":"Brutality","floor":16.0},{"not_picked":["Dropkick+1","True Grit"],"picked":"Shrug It Off","floor":18.0},{"not_picked":["Pummel+1","Flex","Body Slam+1"],"picked":"SKIP","floor":20.0},{"not_picked":["Intimidate","Armaments+1","Body Slam+1"],"picked":"SKIP","floor":23.0},{"not_picked":["Thunderclap+1","Armaments"],"picked":"Twin Strike+1","floor":25.0},{"not_picked":["Pommel Strike+1","Barricade"],"picked":"Warcry+1","floor":27.0},{"not_picked":["Reckless Charge+1","Fire Breathing"],"picked":"Rage","floor":28.0},{"not_picked":["Cleave+1","Entrench"],"picked":"Twin Strike+1","floor":31},{"not_picked":["Brutality","Berserk"],"picked":"Limit Break","floor":33},{"not_picked":["Bloodletting"],"picked":"SKIP","floor":35},{"not_picked":["Whirlwind+1"],"picked":"SKIP","floor":37},{"not_picked":["Feel No Pain"],"picked":"SKIP","floor":38},{"not_picked":["Clash+1"],"picked":"SKIP","floor":39}],"player_experience":756827,"relics_obtained":[{"floor":7.0,"key":"Oddly Smooth Stone"},{"floor":9.0,"key":"Bottled Lightning"},{"floor":14.0,"key":"Molten Egg 2"},{"floor":19.0,"key":"Bottled Flame"},{"floor":23.0,"key":"Smiling Mask"},{"floor":25.0,"key":"Darkstone Periapt"},{"floor":26.0,"key":"Art of War"},{"floor":26.0,"key":"MawBank"}],"event_choices":[{"damage_healed":0.0,"max_hp_gain":0.0,"max_hp_loss":0.0,"gold_gain":0.0,"event_name":"Upgrade Shrine","player_choice":"Upgraded","floor":13.0,"gold_loss":0.0,"damage_taken":0.0,"cards_upgraded":["Shrug It Off"]},{"damage_healed":0.0,"max_hp_gain":0.0,"max_hp_loss":0.0,"gold_gain":0.0,"event_name":"Accursed Blacksmith","player_choice":"Forge","floor":22.0,"gold_loss":0.0,"damage_taken":0.0,"cards_upgraded":["Rupture"]},{"damage_healed":0.0,"max_hp_gain":0.0,"max_hp_loss":0.0,"gold_gain":99.0,"event_name":"Nest","player_choice":"Stole From Cult","floor":30.0,"gold_loss":0.0,"damage_taken":0.0},{"damage_healed":0,"gold_gain":0,"player_choice":"Max HP","damage_taken":0,"max_hp_gain":0,"max_hp_loss":4,"event_name":"Winding Halls","floor":36,"gold_loss":0}],"is_beta":false,"boss_relics":[{"not_picked":["Ectoplasm","Runic Pyramid"],"picked":"Philosopher\u0027s Stone"},{"not_picked":["Mark of Pain","Velvet Choker"],"picked":"Busted Crown"}],"items_purged_floors":[2,21],"is_endless":false,"potions_floor_spawned":[5,11,12,23,25,28,31,33,35,37],"killed_by":"Giant Head","ascension_level":0}