{"gold_per_floor":[112,37,49,2,2,34,34,52,77,106,119,119,169,204,204,277,277,291,291,309,324,105,133,133,48,73,93,105,132,146,176,176,176],"floor_reached":33,"playtime":1904,"items_purged":["Streamline"],"score":613,"play_id":"9f5bf423-7cf9-4053-89b9-48962134571f","local_time":"20190804182608","is_ascension_mode":true,"campfire_choices":[{"data":"Coolheaded","floor":7.0,"key":"SMITH"},{"floor":12.0,"key":"REST"},{"data":"Self Repair","floor":15.0,"key":"SMITH"},{"data":"Creative AI","floor":24,"key":"SMITH"},{"floor":32,"key":"REST"}],"neow_cost":"NONE","seed_source_timestamp":852590715940,"circlet_count":0,"master_deck":["AscendersBane","Zap+1","Dualcast","Genetic Algorithm","Steam","Coolheaded+1","Gash","Self Repair+1","Electrodynamics","Creative AI+1","Ball Lightning","Leap","Ball Lightning","Glacier","Self Repair","Compile Driver+1","Coolheaded","Chill","Gash","Glacier","Echo Form"],"special_seed":0,"relics":["Cracked Core","NeowsBlessing","Blood Vial","Cables","Shuriken","Pandora\u0027s Box","Pear","Happy Flower","Art of War","Darkstone Periapt","Omamori","Ornamental Fan","Mercury Hourglass"],"potions_floor_usage":[20,23],"damage_taken":[{"damage":0.0,"enemies":"Small Slimes","floor":1.0,"turns":1.0},{"damage":0.0,"enemies":"Jaw Worm","floor":3.0,"turns":1.0},{"damage":0.0,"enemies":"Lagavulin","floor":6.0,"turns":1.0},{"damage":0.0,"enemies":"2 Louse","floor":8.0,"turns":3.0},{"damage":45.0,"enemies":"Gremlin Nob","floor":10.0,"turns":5.0},{"damage":2.0,"enemies":"Red Slaver","floor":11.0,"turns":3.0},{"damage":33.0,"enemies":"Lagavulin","floor":14.0,"turns":8.0},{"damage":34,"enemies":"The Guardian","floor":16,"turns":15},{"damage":27,"enemies":"Spheric Guardian","floor":18,"turns":9},{"damage":12,"enemies":"Chosen","floor":20,"turns":5},{"damage":7,"enemies":"Snecko","floor":21,"turns":5},{"damage":33,"enemies":"Slavers","floor":23,"turns":4},{"damage":10,"enemies":"Centurion and Healer","floor":27,"turns":5},{"damage":8,"enemies":"Snake Plant","floor":28,"turns":5},{"damage":33,"enemies":"Book of Stabbing","floor":29,"turns":7},{"damage":12,"enemies":"Sentry and Sphere","floor":30,"turns":6},{"damage":33,"enemies":"Slavers","floor":31,"turns":4},{"damage":53,"enemies":"Champ","floor":33,"turns":6}],"seed_played":"2537472933972591686","potions_obtained":[{"floor":8.0,"key":"SpeedPotion"},{"floor":10.0,"key":"EssenceOfSteel"},{"floor":11.0,"key":"Dexterity Potion"},{"floor":16,"key":"FocusPotion"},{"floor":21,"key":"AttackPotion"},{"floor":29,"key":"SteroidPotion"}],"is_trial":false,"path_per_floor":["M","?","M","$","?","E","R","M","T","E","M","R","?","E","R","B",null,"M","T","M","M","$","E","R","?","T","M","M","E","M","E","R","B"],"character_chosen":"DEFECT","items_purchased":["Coolheaded","Happy Flower"],"campfire_rested":2,"item_purchase_floors":[4,22],"current_hp_per_floor":[64,64,64,64,64,64,64,66,66,30,37,58,58,34,34,12,56,55,65,72,81,81,65,65,65,65,74,68,54,51,27,51,0],"gold":176,"neow_bonus":"THREE_ENEMY_KILL","is_prod":false,"is_daily":false,"chose_seed":false,"campfire_upgraded":3,"win_rate":0,"timestamp":1564935968,"path_taken":["M","?","M","$","?","E","R","?","T","E","M","R","?","E","R","BOSS","M","?","?","M","$","E","R","?","T","M","M","E","M","E","R","BOSS"],"build_version":"2019-07-17","purchased_purges":1,"victory":false,"max_hp_per_floor":[71,71,71,71,71,71,71,71,71,71,71,71,71,71,71,71,71,71,81,81,81,81,81,81,81,81,81,81,81,81,81,81,81],"card_choices":[{"not_picked":["Stack","Rebound"],"picked":"Genetic Algorithm","floor":1.0},{"not_picked":["Streamline","Steam Power"],"picked":"Steam","floor":3.0},{"not_picked":["Streamline","Conserve Battery"],"picked":"Gash","floor":6.0},{"not_picked":["Steam","BootSequence"],"picked":"Self Repair","floor":8.0},{"not_picked":["Barrage","Tempest","Turbo"],"picked":"SKIP","floor":10.0},{"not_picked":["Aggregate","Go for the Eyes","Reprogram"],"picked":"SKIP","floor":11.0},{"not_picked":["Thunder Strike","Barrage","Turbo"],"picked":"SKIP","floor":14.0},{"not_picked":["Amplify","Rainbow"],"picked":"Electrodynamics","floor":16},{"not_picked":["Redo","Stack+1"],"picked":"Compile Driver+1","floor":18},{"not_picked":["Tempest","Aggregate","Leap"],"picked":"SKIP","floor":20},{"not_picked":["Gash","Turbo"],"picked":"Coolheaded","floor":21},{"not_picked":["Chaos","Rip and Tear"],"picked":"Chill","floor":23},{"not_picked":["Leap","Steam"],"picked":"Gash","floor":27},{"not_picked":["Streamline","Stack"],"picked":"Glacier","floor":28},{"not_picked":["Turbo","Steam"],"picked":"Echo Form","floor":29},{"not_picked":["Turbo","Stack","Reprogram"],"picked":"SKIP","floor":30},{"not_picked":["Chill","Stack","Beam Cell"],"picked":"SKIP","floor":31}],"player_experience":713033,"relics_obtained":[{"floor":6.0,"key":"Blood Vial"},{"floor":10.0,"key":"Cables"},{"floor":14.0,"key":"Shuriken"},{"floor":19,"key":"Pear"},{"floor":23,"key":"Art of War"},{"floor":26,"key":"Omamori"},{"floor":29,"key":"Ornamental Fan"},{"floor":31,"key":"Mercury Hourglass"}],"event_choices":[{"cards_removed":["Strike_B"],"damage_healed":0.0,"max_hp_gain":0.0,"max_hp_loss":0.0,"gold_gain":0.0,"event_name":"The Cleric","player_choice":"Card Removal","floor":2.0,"gold_loss":75.0,"damage_taken":0.0},{"damage_healed":0.0,"max_hp_gain":0.0,"max_hp_loss":0.0,"gold_gain":0.0,"event_name":"Living Wall","player_choice":"Grow","floor":5.0,"gold_loss":0.0,"damage_taken":0.0,"cards_upgraded":["Zap"]},{"damage_healed":0.0,"max_hp_gain":0.0,"max_hp_loss":0.0,"gold_gain":50.0,"event_name":"Golden Shrine","player_choice":"Pray","floor":13.0,"gold_loss":0.0,"damage_taken":0.0},{"damage_healed":0,"gold_gain":0,"player_choice":"Obtained Relic","damage_taken":0,"relics_obtained":["Darkstone Periapt"],"max_hp_gain":0,"max_hp_loss":0,"event_name":"Addict","floor":25,"gold_loss":85}],"is_beta":false,"boss_relics":[{"not_picked":["Runic Dome","Lizard Tail"],"picked":"Pandora\u0027s Box"}],"items_purged_floors":[22],"is_endless":false,"potions_floor_spawned":[8,10,11,16,18,21,29,30],"killed_by":"Champ","ascension_level":15}