{"gold_per_floor":[115,115,115,137,159,199,199,222,222,249,269,304,304,304,304,384,384,400,400,68,89,89,128,128,152,176,196,238,238,257,284,284,362,362,376,426,497,600,540,540,577,179,186,225,243,313,343,366,366,366,366,366,202,240,240],"floor_reached":56,"playtime":3228,"items_purged":["Strike_R","Injury"],"score":2145,"play_id":"c45165b9-f205-4f01-98c8-96910948aca7","local_time":"20190917171911","is_ascension_mode":true,"campfire_choices":[{"floor":7.0,"key":"REST"},{"data":"Twin Strike","floor":15.0,"key":"SMITH"},{"data":"Demon Form","floor":24.0,"key":"SMITH"},{"floor":29.0,"key":"REST"},{"floor":32.0,"key":"REST"},{"data":"Whirlwind","floor":40.0,"key":"SMITH"},{"floor":49.0,"key":"RECALL"},{"data":"Double Tap","floor":52.0,"key":"SMITH"}],"neow_cost":"NONE","seed_source_timestamp":405081888996500,"circlet_count":0,"master_deck":["AscendersBane","Strike_R","Strike_R+1","Strike_R","Defend_R","Defend_R","Defend_R+1","Defend_R","Bash+1","Twin Strike+1","Spot Weakness+1","True Grit+1","Metallicize","Limit Break","Sword Boomerang","Pummel","Demon Form+1","Shrug It Off","Clothesline+1","Shockwave","Shrug It Off","Spot Weakness","Fiend Fire","Whirlwind+1","Impervious","Corruption","Power Through","Fire Breathing","Double Tap+1","Shockwave+1","Spot Weakness","Demon Form","Rupture","Feel No Pain+1"],"special_seed":0,"relics":["Burning Blood","CeramicFish","Letter Opener","War Paint","Anchor","Potion Belt","Mango","Snecko Eye","FossilizedHelix","SsserpentHead","InkBottle","Ancient Tea Set","WingedGreaves","Shovel","Cursed Key","Thread and Needle","Self Forming Clay","OrangePellets","Darkstone Periapt","Singing Bowl","Toy Ornithopter"],"potions_floor_usage":[55,55],"damage_taken":[{"damage":5.0,"enemies":"Small Slimes","floor":1.0,"turns":4.0},{"damage":7.0,"enemies":"Jaw Worm","floor":4.0,"turns":3.0},{"damage":6.0,"enemies":"Cultist","floor":5.0,"turns":3.0},{"damage":32.0,"enemies":"3 Sentries","floor":6.0,"turns":9.0},{"damage":6.0,"enemies":"2 Fungi Beasts","floor":8.0,"turns":4.0},{"damage":3.0,"enemies":"Lagavulin","floor":10.0,"turns":7.0},{"damage":10.0,"enemies":"Red Slaver","floor":11.0,"turns":5.0},{"damage":27.0,"enemies":"Gremlin Nob","floor":12.0,"turns":5.0},{"damage":19.0,"enemies":"Slime Boss","floor":16.0,"turns":6.0},{"damage":3.0,"enemies":"3 Byrds","floor":18.0,"turns":4.0},{"damage":0.0,"enemies":"Spheric Guardian","floor":21.0,"turns":3.0},{"damage":38.0,"enemies":"Book of Stabbing","floor":23.0,"turns":5.0},{"damage":12.0,"enemies":"Snake Plant","floor":25.0,"turns":4.0},{"damage":0.0,"enemies":"Shelled Parasite and Fungi","floor":27.0,"turns":2.0},{"damage":40.0,"enemies":"Slavers","floor":28.0,"turns":5.0},{"damage":0.0,"enemies":"Snecko","floor":30.0,"turns":2.0},{"damage":21.0,"enemies":"Gremlin Leader","floor":31.0,"turns":4.0},{"damage":12.0,"enemies":"Automaton","floor":33.0,"turns":6.0},{"damage":18.0,"enemies":"3 Darklings","floor":35.0,"turns":6.0},{"damage":0.0,"enemies":"Orb Walker","floor":37.0,"turns":3.0},{"damage":14.0,"enemies":"2 Orb Walkers","floor":38.0,"turns":3.0},{"damage":0.0,"enemies":"Giant Head","floor":41.0,"turns":6.0},{"damage":26.0,"enemies":"Reptomancer","floor":44.0,"turns":4.0},{"damage":24.0,"enemies":"Sphere and 2 Shapes","floor":45.0,"turns":4.0},{"damage":0.0,"enemies":"Transient","floor":46.0,"turns":5.0},{"damage":0.0,"enemies":"Giant Head","floor":47.0,"turns":6.0},{"damage":0.0,"enemies":"Jaw Worm Horde","floor":48.0,"turns":4.0},{"damage":69.0,"enemies":"Donu and Deca","floor":50.0,"turns":7.0},{"damage":60.0,"enemies":"Shield and Spear","floor":54.0,"turns":6.0},{"damage":25,"enemies":"The Heart","floor":55,"turns":5}],"seed_played":"4045682332075224098","potions_obtained":[{"floor":6.0,"key":"Dexterity Potion"},{"floor":8.0,"key":"SkillPotion"},{"floor":16.0,"key":"Swift Potion"},{"floor":18.0,"key":"SpeedPotion"},{"floor":25.0,"key":"SpeedPotion"},{"floor":27.0,"key":"GamblersBrew"},{"floor":30.0,"key":"Ancient Potion"},{"floor":33.0,"key":"SteroidPotion"},{"floor":38.0,"key":"Regen Potion"},{"floor":41.0,"key":"Block Potion"},{"floor":44.0,"key":"GamblersBrew"},{"floor":45.0,"key":"DuplicationPotion"}],"is_trial":false,"path_per_floor":["M","?","?","M","M","E","R","M","T","E","M","E","T","?","R","B",null,"M","?","$","M","?","E","R","M","T","M","E","R","M","E","R","B",null,"M","?","M","?","?","R","E","$","T","E","M","M","E","M","R","B",null,"R","$","E","B",null],"character_chosen":"IRONCLAD","items_purchased":["FossilizedHelix","Shrug It Off","Fire Breathing","OrangePellets","Fruit Juice","Rupture"],"campfire_rested":3,"item_purchase_floors":[20,20,42,42,42,53],"current_hp_per_floor":[69,58,35,34,34,8,30,30,30,33,29,8,22,27,27,14,74,77,68,68,74,74,42,42,36,36,42,8,36,42,27,55,49,83,71,71,77,69,69,69,89,94,94,74,56,62,70,76,76,13,79,79,79,25,16],"gold":240,"neow_bonus":"UPGRADE_CARD","is_prod":false,"is_daily":false,"chose_seed":false,"campfire_upgraded":4,"win_rate":0,"timestamp":1568733551,"path_taken":["M","?","?","M","M","E","R","M","T","E","M","E","?","?","R","BOSS","M","?","$","?","?","E","R","M","T","M","E","R","M","E","R","BOSS","M","?","?","?","?","R","E","$","T","E","M","?","E","M","R","BOSS","R","$","E","BOSS"],"build_version":"2019-09-16v2","purchased_purges":2,"victory":true,"max_hp_per_floor":[75,75,75,75,75,75,75,75,75,75,75,75,89,94,94,94,94,94,94,94,94,94,94,94,94,94,94,94,94,94,94,94,94,94,94,94,94,94,94,94,94,99,99,99,99,99,101,101,101,101,101,101,101,101,101],"card_choices":[{"not_picked":["Body Slam","Wild Strike"],"picked":"Twin Strike","floor":1.0},{"not_picked":["Pommel Strike","Havoc"],"picked":"Spot Weakness","floor":4.0},{"not_picked":["Intimidate","Perfected Strike"],"picked":"True Grit","floor":5.0},{"not_picked":["Headbutt","Body Slam"],"picked":"Metallicize","floor":6.0},{"not_picked":["Iron Wave","Seeing Red"],"picked":"Limit Break","floor":8.0},{"not_picked":["Havoc","Clash","Blood for Blood"],"picked":"SKIP","floor":10.0},{"not_picked":["Cleave","Shrug It Off"],"picked":"Sword Boomerang","floor":11.0},{"not_picked":["Thunderclap","Wild Strike"],"picked":"Pummel","floor":12.0},{"not_picked":["Exhume","Double Tap"],"picked":"Demon Form","floor":16.0},{"not_picked":["Pommel Strike","Feel No Pain","Anger"],"picked":"SKIP","floor":18.0},{"not_picked":["Pommel Strike","Intimidate"],"picked":"Clothesline","floor":21.0},{"not_picked":["Iron Wave","Sever Soul"],"picked":"Shockwave","floor":23.0},{"not_picked":["Wild Strike","Shockwave"],"picked":"Shrug It Off","floor":25.0},{"not_picked":["Dropkick+1","Armaments"],"picked":"Spot Weakness","floor":27.0},{"not_picked":["Heavy Blade","Spot Weakness"],"picked":"Fiend Fire","floor":28.0},{"not_picked":["Headbutt","Cleave+1"],"picked":"Whirlwind","floor":30.0},{"not_picked":["Perfected Strike","Anger+1","Pommel Strike"],"picked":"SKIP","floor":31.0},{"not_picked":["Brutality","Limit Break"],"picked":"Impervious","floor":33.0},{"not_picked":["Armaments","Flex+1","Warcry+1"],"picked":"SKIP","floor":35.0},{"not_picked":["Reckless Charge+1","Searing Blow+1"],"picked":"Corruption","floor":37.0},{"not_picked":["Seeing Red","Pommel Strike"],"picked":"Power Through","floor":41.0},{"not_picked":["True Grit+1","Anger"],"picked":"Double Tap","floor":44.0},{"not_picked":["Feel No Pain","Havoc"],"picked":"Shockwave+1","floor":45.0},{"not_picked":["Clothesline","Thunderclap"],"picked":"Spot Weakness","floor":46.0},{"not_picked":["Rampage+1","Havoc+1","Pommel Strike"],"picked":"Singing Bowl","floor":47.0},{"not_picked":["Rupture","Fire Breathing"],"picked":"Demon Form","floor":48.0},{"not_picked":["Anger+1","Seeing Red+1"],"picked":"Feel No Pain+1","floor":54.0}],"player_experience":858366,"relics_obtained":[{"floor":6.0,"key":"Letter Opener"},{"floor":9.0,"key":"War Paint"},{"floor":10.0,"key":"Anchor"},{"floor":12.0,"key":"Potion Belt"},{"floor":13.0,"key":"Mango"},{"floor":23.0,"key":"InkBottle"},{"floor":26.0,"key":"Ancient Tea Set"},{"floor":28.0,"key":"WingedGreaves"},{"floor":31.0,"key":"Shovel"},{"floor":38.0,"key":"Thread and Needle"},{"floor":41.0,"key":"Self Forming Clay"},{"floor":44.0,"key":"Darkstone Periapt"},{"floor":47.0,"key":"Singing Bowl"},{"floor":54.0,"key":"Toy Ornithopter"}],"event_choices":[{"damage_healed":0.0,"max_hp_gain":0.0,"max_hp_loss":0.0,"gold_gain":0.0,"event_name":"Scrap Ooze","player_choice":"Success","floor":2.0,"gold_loss":0.0,"damage_taken":11.0,"relics_obtained":["CeramicFish"]},{"damage_healed":0.0,"max_hp_gain":0.0,"max_hp_loss":0.0,"gold_gain":0.0,"event_name":"Shining Light","player_choice":"Entered Light","floor":3.0,"gold_loss":0.0,"damage_taken":23.0,"cards_upgraded":["Defend_R","Strike_R"]},{"damage_healed":0.0,"max_hp_gain":5.0,"max_hp_loss":0.0,"gold_gain":0.0,"event_name":"Big Fish","player_choice":"Donut","floor":14.0,"gold_loss":0.0,"damage_taken":0.0},{"damage_healed":0.0,"max_hp_gain":0.0,"max_hp_loss":0.0,"gold_gain":0.0,"event_name":"Knowing Skull","player_choice":"","floor":19.0,"potions_obtained":[],"gold_loss":0.0,"damage_taken":9.0,"cards_obtained":[]},{"damage_healed":0.0,"max_hp_gain":0.0,"max_hp_loss":0.0,"gold_gain":0.0,"event_name":"FaceTrader","player_choice":"Trade","floor":22.0,"gold_loss":0.0,"damage_taken":0.0,"relics_obtained":["SsserpentHead"]},{"damage_healed":0.0,"max_hp_gain":0.0,"max_hp_loss":0.0,"gold_gain":0.0,"event_name":"SecretPortal","player_choice":"Ignored","floor":36.0,"gold_loss":0.0,"damage_taken":0.0},{"damage_healed":0.0,"max_hp_gain":0.0,"max_hp_loss":0.0,"gold_gain":0.0,"event_name":"Mysterious Sphere","player_choice":"Fight","floor":38.0,"gold_loss":0.0,"damage_taken":0.0},{"cards_removed":["Strike_R"],"damage_healed":0.0,"max_hp_gain":0.0,"max_hp_loss":0.0,"gold_gain":0.0,"event_name":"Designer","player_choice":"Upgrade and Remove","floor":39.0,"gold_loss":110.0,"damage_taken":0.0,"cards_upgraded":["Clothesline"]}],"is_beta":true,"boss_relics":[{"not_picked":["Runic Cube","SlaversCollar"],"picked":"Snecko Eye"},{"not_picked":["Runic Pyramid","Tiny House"],"picked":"Cursed Key"}],"items_purged_floors":[42,53],"is_endless":false,"potions_floor_spawned":[6,8,16,18,25,27,30,33,38,41,44,45],"ascension_level":15}