{"gold_per_floor":[15,15,35,54,66,99,110,121,121,121,149,149,181,191,191,287,287,302,26,26,26,37,66,66,97,123,136,136,18,37,50,50,154,154,171,171,191,191,205,205,231,33,33,33,53,53,53,72,72,72],"floor_reached":51,"playtime":4693,"items_purged":["Regret"],"score":764,"play_id":"eed13b0b-3894-4a89-9dec-e7ccd51bdd67","local_time":"20180722173220","is_ascension_mode":false,"campfire_choices":[{"data":"1","floor":10,"key":"LIFT"},{"data":"2","floor":15,"key":"LIFT"},{"data":"3","floor":24,"key":"LIFT"},{"data":"Shockwave","floor":32,"key":"SMITH"},{"data":"Enlightenment","floor":40,"key":"SMITH"},{"data":"Demon Form","floor":44,"key":"SMITH"},{"data":"Heavy Blade","floor":47,"key":"SMITH"},{"data":"Whirlwind","floor":49,"key":"SMITH"}],"neow_cost":"NO_GOLD","seed_source_timestamp":459488231667433,"circlet_count":0,"master_deck":["Strike_R","Strike_R","Defend_R","Defend_R","Defend_R","Defend_R+1","Bash","Dropkick","Clothesline+1","Cleave","Shockwave+1","Reaper","Whirlwind+1","Warcry","Iron Wave","Feed","Metallicize+1","Feed","Heavy Blade","Heavy Blade+1","Sword Boomerang+1","Headbutt+1","Twin Strike","Demon Form+1","Enlightenment+1","Shockwave+1","Armaments+1"],"relics":["Burning Blood","Omamori","Mercury Hourglass","Girya","Dodecahedron","Incense Burner","Mark of Pain","DollysMirror","Self Forming Clay","The Courier","Bag of Preparation","Bronze Scales","Cursed Key","GremlinMask","Question Card","Shuriken","Juzu Bracelet"],"potions_floor_usage":[6,11,22,25,33,33,33,50,50],"damage_taken":[{"damage":5,"enemies":"Small Slimes","floor":1,"turns":4},{"damage":7,"enemies":"2 Louse","floor":3,"turns":4},{"damage":10,"enemies":"Jaw Worm","floor":4,"turns":3},{"damage":4,"enemies":"2 Fungi Beasts","floor":5,"turns":4},{"damage":13,"enemies":"3 Sentries","floor":6,"turns":6},{"damage":6,"enemies":"Large Slime","floor":7,"turns":5},{"damage":2,"enemies":"Blue Slaver","floor":8,"turns":4},{"damage":14,"enemies":"Lagavulin","floor":11,"turns":5},{"damage":24,"enemies":"3 Sentries","floor":13,"turns":4},{"damage":3,"enemies":"2 Fungi Beasts","floor":14,"turns":2},{"damage":5,"enemies":"Slime Boss","floor":16,"turns":8},{"damage":3,"enemies":"Chosen","floor":18,"turns":3},{"damage":2,"enemies":"2 Thieves","floor":22,"turns":3},{"damage":5,"enemies":"Book of Stabbing","floor":23,"turns":5},{"damage":12,"enemies":"Slavers","floor":25,"turns":4},{"damage":2,"enemies":"Chosen and Byrds","floor":27,"turns":3},{"damage":0,"enemies":"Cultist and Chosen","floor":30,"turns":4},{"damage":11,"enemies":"Snake Plant","floor":31,"turns":3},{"damage":57,"enemies":"Champ","floor":33,"turns":7},{"damage":3,"enemies":"3 Darklings","floor":35,"turns":3},{"damage":24,"enemies":"Flame Bruiser 1 Orb","floor":37,"turns":3},{"damage":11,"enemies":"Spire Growth","floor":39,"turns":3},{"damage":41,"enemies":"Giant Head","floor":41,"turns":8},{"damage":1,"enemies":"Sphere and 2 Shapes","floor":45,"turns":3},{"damage":0,"enemies":"Transient","floor":48,"turns":5},{"damage":55,"enemies":"Awakened One","floor":50,"turns":8}],"seed_played":"8494758310105853886","potions_obtained":[{"floor":1,"key":"SpeedPotion"},{"floor":5,"key":"EssenceOfSteel"},{"floor":8,"key":"SteroidPotion"},{"floor":11,"key":"SkillPotion"},{"floor":14,"key":"Ancient Potion"},{"floor":18,"key":"Block Potion"},{"floor":22,"key":"Weak Potion"},{"floor":30,"key":"FearPotion"},{"floor":39,"key":"Dexterity Potion"},{"floor":41,"key":"Explosive Potion"}],"is_trial":false,"path_per_floor":["M","?","M","M","M","E","M","M","T","R","E","?","E","M","R","B",null,"M","$","?","?","M","E","R","E","T","M","?","$","M","M","R","B",null,"M","?","M","?","M","R","E","$","T","R","M","?","R","M","R","B"],"character_chosen":"IRONCLAD","items_purchased":["DollysMirror","Bronze Scales","Shuriken"],"campfire_rested":0,"item_purchase_floors":[19,29,42],"current_hp_per_floor":[80,80,79,75,77,70,78,80,80,80,72,56,53,56,56,69,80,80,80,80,80,83,83,83,77,77,84,84,84,89,92,92,41,92,95,95,95,95,90,90,66,66,66,66,71,71,71,87,87,49],"gold":72,"neow_bonus":"REMOVE_TWO","is_prod":false,"is_daily":false,"chose_seed":false,"campfire_upgraded":5,"win_rate":0,"timestamp":1532295140,"path_taken":["M","?","M","M","M","E","M","M","T","R","E","?","E","M","R","BOSS","M","$","?","?","M","E","R","E","T","M","?","$","M","M","R","BOSS","M","?","M","?","?","R","E","$","T","R","M","?","R","M","R","BOSS"],"build_version":"2018-07-19v2","purchased_purges":1,"victory":true,"max_hp_per_floor":[80,80,80,80,80,80,80,80,80,80,80,80,80,80,80,80,80,80,80,80,80,83,83,83,83,83,86,86,86,89,92,92,92,92,95,95,95,95,95,95,95,95,95,95,95,95,95,95,95,98],"card_choices":[{"not_picked":["Body Slam","Thunderclap"],"picked":"Dropkick","floor":1},{"not_picked":["Wild Strike","Shrug It Off"],"picked":"Clothesline","floor":3},{"not_picked":["True Grit","Dual Wield"],"picked":"Cleave","floor":4},{"not_picked":["Cleave","Pommel Strike"],"picked":"Shockwave","floor":5},{"not_picked":["Rampage","True Grit"],"picked":"Reaper","floor":6},{"not_picked":["Feel No Pain","Warcry"],"picked":"Whirlwind","floor":7},{"not_picked":["Havoc","Perfected Strike"],"picked":"Warcry","floor":8},{"not_picked":["Anger","Armaments","Clash"],"picked":"SKIP","floor":11},{"not_picked":["Intimidate","Shockwave"],"picked":"Iron Wave","floor":13},{"not_picked":["Iron Wave","Body Slam","Headbutt"],"picked":"SKIP","floor":14},{"not_picked":["Dark Embrace","Barricade"],"picked":"Feed","floor":16},{"not_picked":["Battle Trance+1","Entrench"],"picked":"Metallicize+1","floor":18},{"not_picked":["Power Through+1","Cleave"],"picked":"Heavy Blade","floor":22},{"not_picked":["Dual Wield","Dark Embrace"],"picked":"Heavy Blade","floor":23},{"not_picked":["Twin Strike","Pommel Strike"],"picked":"Sword Boomerang+1","floor":25},{"not_picked":["Iron Wave","True Grit","Anger"],"picked":"SKIP","floor":27},{"not_picked":["Searing Blow+1","Pommel Strike+1"],"picked":"Headbutt+1","floor":30},{"not_picked":["Hemokinesis","Perfected Strike+1"],"picked":"Twin Strike","floor":31},{"not_picked":["Impervious","Juggernaut"],"picked":"Demon Form","floor":33},{"not_picked":["Shrug It Off+1","Infernal Blade"],"picked":"Flex+1","floor":35},{"not_picked":["Good Instincts","Purity"],"picked":"Enlightenment","floor":36},{"not_picked":["Havoc","Feel No Pain+1"],"picked":"Shockwave+1","floor":37},{"not_picked":["Battle Trance","Heavy Blade","Body Slam+1"],"picked":"SKIP","floor":39},{"not_picked":["Combust","Exhume","Entrench"],"picked":"SKIP","floor":41},{"not_picked":["Flame Barrier","Cleave","Twin Strike","Rampage"],"picked":"SKIP","floor":45},{"not_picked":["Havoc+1","Clash+1","Dark Embrace"],"picked":"Armaments+1","floor":48}],"player_experience":162328,"relics_obtained":[{"floor":6,"key":"Mercury Hourglass"},{"floor":9,"key":"Girya"},{"floor":11,"key":"Dodecahedron"},{"floor":13,"key":"Incense Burner"},{"floor":23,"key":"Self Forming Clay"},{"floor":25,"key":"The Courier"},{"floor":26,"key":"Bag of Preparation"},{"floor":41,"key":"Question Card"},{"floor":43,"key":"Juzu Bracelet"}],"event_choices":[{"event_name":"Big Fish","player_choice":"Box","floor":2,"damage_taken":0},{"event_name":"Shining Light","player_choice":"Entered Light","floor":12,"damage_taken":0},{"event_name":"Vampires","player_choice":"Ignored","floor":20,"damage_taken":0},{"event_name":"Addict","player_choice":"Ignored","floor":21,"damage_taken":0},{"event_name":"Bonfire Elementals","player_choice":"BASIC","floor":28,"damage_taken":0},{"event_name":"SensoryStone","player_choice":"Memory 1","floor":36,"damage_taken":0},{"event_name":"FaceTrader","player_choice":"Trade","floor":38,"damage_taken":0},{"event_name":"Falling","player_choice":"Removed Skill","floor":46,"damage_taken":0}],"is_beta":false,"boss_relics":[{"not_picked":["Pandora\u0027s Box","Snecko Eye"],"picked":"Mark of Pain"},{"not_picked":["Busted Crown","Empty Cage"],"picked":"Cursed Key"}],"items_purged_floors":[19],"is_endless":false,"potions_floor_spawned":[1,5,8,11,14,18,22,30,39,41],"ascension_level":0}