{"gold_per_floor":[359,359,370,370,45,45,77,7,54,74,74,74,149,179,179,278,278,289,299,299,299,299,299,45,78,78,78,78,94,94,110,110,215,215,225,225,325,337,337,337,372,43,43,43,57,57,72,84,84,84],"floor_reached":51,"playtime":4546,"items_purged":["Regret","Decay"],"score":724,"play_id":"3d184f7e-d0fa-4462-bd06-326941bfc604","local_time":"20181102214514","is_ascension_mode":false,"campfire_choices":[{"data":"Body Slam","floor":6,"key":"SMITH"},{"data":"Body Slam","floor":12,"key":"SMITH"},{"data":"Bash","floor":15,"key":"SMITH"},{"data":"Cleave","floor":23,"key":"SMITH"},{"data":"Body Slam","floor":28,"key":"SMITH"},{"floor":30,"key":"REST"},{"data":"Metallicize","floor":32,"key":"SMITH"},{"data":"Power Through","floor":40,"key":"SMITH"},{"data":"Barricade","floor":46,"key":"SMITH"},{"data":"Ghostly Armor","floor":49,"key":"SMITH"}],"neow_cost":"PERCENT_DAMAGE","seed_source_timestamp":1444558144695609,"circlet_count":0,"master_deck":["Strike_R+1","Strike_R","Defend_R","Defend_R+1","Defend_R+1","Defend_R","Bash+1","Carnage+1","Body Slam+1","Body Slam+1","Metallicize+1","Thunderclap","Offering","Cleave+1","Ghostly Armor+1","Body Slam+1","Pommel Strike+1","Barricade+1","Power Through+1","Thinking Ahead","Iron Wave","Deep Breath","Whirlwind","Rage","Immolate"],"relics":["Burning Blood","Juzu Bracelet","Pear","Ornamental Fan","War Paint","Happy Flower","Bag of Preparation","Lizard Tail","Whetstone","Art of War","Letter Opener","Enchiridion","Empty Cage","FossilizedHelix","Bottled Lightning","Bottled Tornado"],"potions_floor_usage":[3,7,14,25,33,33,50,50,50],"damage_taken":[{"damage":3,"enemies":"Jaw Worm","floor":1,"turns":5},{"damage":3,"enemies":"Small Slimes","floor":3,"turns":3},{"damage":10,"enemies":"Gremlin Nob","floor":7,"turns":3},{"damage":0,"enemies":"Cultist","floor":10,"turns":3},{"damage":5,"enemies":"Lagavulin","floor":14,"turns":4},{"damage":15,"enemies":"Hexaghost","floor":16,"turns":9},{"damage":6,"enemies":"Spheric Guardian","floor":18,"turns":3},{"damage":10,"enemies":"2 Thieves","floor":19,"turns":3},{"damage":10,"enemies":"Colosseum Slavers","floor":21,"turns":2},{"damage":28,"enemies":"Gremlin Leader","floor":25,"turns":4},{"damage":6,"enemies":"Snecko","floor":29,"turns":3},{"damage":8,"enemies":"Shelled Parasite and Fungi","floor":31,"turns":3},{"damage":58,"enemies":"Champ","floor":33,"turns":10},{"damage":6,"enemies":"Orb Walker","floor":35,"turns":2},{"damage":6,"enemies":"Mind Bloom Boss Battle","floor":37,"turns":5},{"damage":6,"enemies":"3 Shapes","floor":38,"turns":3},{"damage":0,"enemies":"Giant Head","floor":41,"turns":6},{"damage":0,"enemies":"Maw","floor":45,"turns":7},{"damage":0,"enemies":"3 Darklings","floor":47,"turns":3},{"damage":6,"enemies":"4 Shapes","floor":48,"turns":5},{"damage":124,"enemies":"Awakened One","floor":50,"turns":16}],"seed_played":"-2989945969513731515","potions_obtained":[{"floor":1,"key":"EntropicBrew"},{"floor":10,"key":"PowerPotion"},{"floor":14,"key":"SteroidPotion"},{"floor":25,"key":"Energy Potion"},{"floor":35,"key":"SpeedPotion"},{"floor":37,"key":"Explosive Potion"},{"floor":41,"key":"Weak Potion"}],"is_trial":false,"path_per_floor":["M","?","M","?","$","R","E","$","T","M","?","R","?","E","R","B",null,"M","M","?","?","?","R","$","E","T","?","R","M","R","M","R","B",null,"M","?","?","M","?","R","E","$","T","?","M","R","M","M","R","B",null],"character_chosen":"IRONCLAD","items_purchased":["Ornamental Fan","Metallicize","Whetstone","Bottled Tornado","Deep Breath"],"campfire_rested":1,"item_purchase_floors":[5,8,24,42,42],"current_hp_per_floor":[59,59,62,65,65,65,61,61,61,67,60,60,49,50,50,41,90,90,86,86,82,82,82,82,60,60,44,44,44,71,69,69,17,90,90,90,90,90,90,90,90,90,90,90,90,90,90,90,90,28],"gold":84,"neow_bonus":"TWO_FIFTY_GOLD","is_prod":false,"is_daily":false,"chose_seed":false,"campfire_upgraded":9,"win_rate":0,"timestamp":1541209514,"path_taken":["M","?","M","?","$","R","E","$","T","M","?","R","?","E","R","BOSS","M","M","?","?","?","R","$","E","T","?","R","M","R","M","R","BOSS","M","?","?","M","?","R","E","?","T","?","M","R","M","M","R","BOSS"],"build_version":"2018-11-01","purchased_purges":2,"victory":true,"max_hp_per_floor":[80,80,80,90,90,90,90,90,90,90,90,90,90,90,90,90,90,90,90,90,90,90,90,90,90,90,90,90,90,90,90,90,90,90,90,90,90,90,90,90,90,90,90,90,90,90,90,90,90,90],"card_choices":[{"not_picked":["Perfected Strike","Burning Pact"],"picked":"Carnage","floor":1},{"not_picked":["Sever Soul","Spot Weakness"],"picked":"Body Slam","floor":3},{"not_picked":["Iron Wave","Sword Boomerang"],"picked":"Body Slam","floor":7},{"not_picked":["Wild Strike","Perfected Strike","Rupture"],"picked":"SKIP","floor":10},{"not_picked":["Feel No Pain","Havoc"],"picked":"Thunderclap","floor":14},{"not_picked":["Bludgeon","Exhume"],"picked":"Offering","floor":16},{"not_picked":["Hemokinesis","Reckless Charge"],"picked":"Cleave","floor":18},{"not_picked":["Whirlwind","Rampage+1"],"picked":"Ghostly Armor","floor":19},{"not_picked":["Headbutt","Thunderclap"],"picked":"Body Slam","floor":25},{"not_picked":["Armaments","Corruption"],"picked":"Pommel Strike+1","floor":29},{"not_picked":["Bloodletting","Body Slam","Perfected Strike"],"picked":"SKIP","floor":31},{"not_picked":["Feed","Reaper"],"picked":"Barricade","floor":33},{"not_picked":["Wild Strike+1","Flex"],"picked":"Power Through","floor":35},{"not_picked":["Forethought","PanicButton"],"picked":"Thinking Ahead","floor":36},{"not_picked":["Fire Breathing+1","Perfected Strike+1"],"picked":"Iron Wave","floor":38},{"not_picked":["Thunderclap+1","Anger","Dark Embrace"],"picked":"SKIP","floor":41},{"not_picked":["Headbutt","Cleave+1"],"picked":"Rage","floor":45},{"not_picked":["Feel No Pain+1","Sword Boomerang","Clothesline+1"],"picked":"SKIP","floor":47},{"not_picked":["Rupture+1","Pommel Strike+1"],"picked":"Immolate","floor":48}],"player_experience":540967,"relics_obtained":[{"floor":7,"key":"War Paint"},{"floor":9,"key":"Happy Flower"},{"floor":14,"key":"Bag of Preparation"},{"floor":25,"key":"Art of War"},{"floor":26,"key":"Letter Opener"},{"floor":27,"key":"Enchiridion"},{"floor":37,"key":"FossilizedHelix"},{"floor":41,"key":"Bottled Lightning"}],"event_choices":[{"damage_healed":0,"gold_gain":0,"player_choice":"Box","damage_taken":0,"relics_obtained":["Juzu Bracelet"],"max_hp_gain":0,"max_hp_loss":0,"event_name":"Big Fish","floor":2,"gold_loss":0,"cards_obtained":["Regret"]},{"damage_healed":0,"gold_gain":0,"player_choice":"Success","damage_taken":7,"relics_obtained":["Pear"],"max_hp_gain":0,"max_hp_loss":0,"event_name":"Scrap Ooze","floor":4,"gold_loss":0},{"cards_removed":["Strike_R"],"damage_healed":0,"gold_gain":0,"player_choice":"Card Removal","damage_taken":7,"max_hp_gain":0,"max_hp_loss":0,"event_name":"Golden Wing","floor":11,"gold_loss":0},{"damage_healed":0,"gold_gain":75,"player_choice":"Gather Gold","damage_taken":11,"max_hp_gain":0,"max_hp_loss":0,"event_name":"World of Goop","floor":13,"gold_loss":0},{"damage_healed":0,"gold_gain":0,"player_choice":"Cursed","damage_taken":0,"max_hp_gain":0,"max_hp_loss":0,"event_name":"Wheel of Change","floor":20,"gold_loss":0,"cards_obtained":["Decay"]},{"damage_healed":0,"gold_gain":0,"player_choice":"Fight","damage_taken":0,"max_hp_gain":0,"max_hp_loss":0,"event_name":"Colosseum","floor":21,"gold_loss":0},{"damage_healed":0,"gold_gain":0,"player_choice":"Fled From Nobs","damage_taken":0,"max_hp_gain":0,"max_hp_loss":0,"event_name":"Colosseum","floor":21,"gold_loss":0},{"damage_healed":0,"gold_gain":0,"player_choice":"Bought 0 Potions","damage_taken":0,"max_hp_gain":0,"max_hp_loss":0,"event_name":"The Woman in Blue","floor":22,"gold_loss":0},{"damage_healed":0,"gold_gain":0,"player_choice":"Obtained Book","damage_taken":16,"max_hp_gain":0,"max_hp_loss":0,"event_name":"Cursed Tome","floor":27,"gold_loss":0},{"damage_healed":0,"gold_gain":0,"player_choice":"Memory 1","damage_taken":0,"max_hp_gain":0,"max_hp_loss":0,"event_name":"SensoryStone","floor":36,"gold_loss":0},{"damage_healed":0,"gold_gain":0,"player_choice":"Fight","damage_taken":0,"max_hp_gain":0,"max_hp_loss":0,"event_name":"MindBloom","floor":37,"gold_loss":0},{"damage_healed":0,"gold_gain":0,"player_choice":"Ignored","damage_taken":0,"max_hp_gain":0,"max_hp_loss":0,"event_name":"Mysterious Sphere","floor":39,"gold_loss":0},{"damage_healed":0,"gold_gain":0,"player_choice":"1 cards matched","damage_taken":0,"max_hp_gain":0,"max_hp_loss":0,"event_name":"Match and Keep!","floor":44,"gold_loss":0,"cards_obtained":["Whirlwind"]}],"is_beta":false,"boss_relics":[{"not_picked":["Astrolabe","Snecko Eye"],"picked":"Lizard Tail"},{"not_picked":["Coffee Dripper","Calling Bell"],"picked":"Empty Cage"}],"items_purged_floors":[5,24],"is_endless":false,"potions_floor_spawned":[1,10,14,25,29,35,37,41,47],"ascension_level":0}