{"gold_per_floor":[114,39,53,53,53,53,79,79,106,106,141,141,154,167,167,244,244,262,295,33,46,46,75,75,105,181,181,181,193,220,239,239,311,311,328,124,135,155,204,230,230,255,267,379,391,438,470,482,494,506],"floor_reached":51,"playtime":1967,"items_purged":["Strike_R"],"score":1448,"play_id":"4af2a98b-f66b-4cda-8e74-914e012730b5","local_time":"20191011135534","is_ascension_mode":true,"campfire_choices":[{"data":"Bash","floor":6.0,"key":"SMITH"},{"data":"Pommel Strike","floor":8.0,"key":"SMITH"},{"data":"Iron Wave","floor":10.0,"key":"SMITH"},{"data":"Whirlwind","floor":12.0,"key":"SMITH"},{"data":"Disarm","floor":15.0,"key":"SMITH"},{"data":"Uppercut","floor":24.0,"key":"SMITH"},{"data":"Battle Trance","floor":28.0,"key":"SMITH"},{"data":"Shrug It Off","floor":32.0,"key":"SMITH"},{"data":"Pummel","floor":41.0,"key":"SMITH"},{"data":"Shockwave","floor":45.0,"key":"SMITH"},{"data":"Flame Barrier","floor":49,"key":"SMITH"}],"neow_cost":"NONE","seed_source_timestamp":163516592013300,"circlet_count":0,"master_deck":["AscendersBane","Strike_R","Strike_R","Strike_R","Defend_R","Defend_R","Defend_R","Defend_R","Bash+1","Disarm+1","Iron Wave+1","Pommel Strike+1","Whirlwind+1","Twin Strike","Immolate","Inflame","Ghostly Armor+1","Battle Trance+1","Spot Weakness","Uppercut+1","Twin Strike","Shrug It Off+1","Shockwave+1","Anger","Feed","Shrug It Off","Whirlwind","Shrug It Off","Pummel+1","Headbutt","Power Through","Twin Strike+1","Flame Barrier+1","Clothesline+1"],"special_seed":0,"relics":["Black Blood","NeowsBlessing","Calipers","Art of War","Bronze Scales","Oddly Smooth Stone","Coffee Dripper","Red Mask","Brimstone","Red Skull","Mummified Hand","InkBottle","Lizard Tail","CaptainsWheel","Letter Opener","MawBank","Molten Egg 2","Pocketwatch","Mango"],"potions_floor_usage":[50],"damage_taken":[{"damage":0.0,"enemies":"2 Louse","floor":1.0,"turns":1.0},{"damage":0.0,"enemies":"Small Slimes","floor":3.0,"turns":1.0},{"damage":0.0,"enemies":"Gremlin Nob","floor":7.0,"turns":1.0},{"damage":47.0,"enemies":"Lagavulin","floor":11.0,"turns":6.0},{"damage":0.0,"enemies":"Jaw Worm","floor":13.0,"turns":4.0},{"damage":0.0,"enemies":"2 Fungi Beasts","floor":14.0,"turns":2.0},{"damage":31.0,"enemies":"Hexaghost","floor":16.0,"turns":11.0},{"damage":0.0,"enemies":"3 Byrds","floor":18.0,"turns":3.0},{"damage":0.0,"enemies":"Masked Bandits","floor":19.0,"turns":2.0},{"damage":0.0,"enemies":"Shell Parasite","floor":21.0,"turns":4.0},{"damage":17.0,"enemies":"Slavers","floor":23.0,"turns":3.0},{"damage":31.0,"enemies":"Book of Stabbing","floor":25.0,"turns":4.0},{"damage":0.0,"enemies":"Snecko","floor":29.0,"turns":3.0},{"damage":15.0,"enemies":"Gremlin Leader","floor":30.0,"turns":3.0},{"damage":1.0,"enemies":"Snake Plant","floor":31.0,"turns":3.0},{"damage":21.0,"enemies":"Champ","floor":33.0,"turns":6.0},{"damage":0.0,"enemies":"Orb Walker","floor":35.0,"turns":3.0},{"damage":0.0,"enemies":"3 Shapes","floor":37.0,"turns":1.0},{"damage":21.0,"enemies":"Transient","floor":38.0,"turns":5.0},{"damage":27.0,"enemies":"2 Orb Walkers","floor":39.0,"turns":3.0},{"damage":7.0,"enemies":"Reptomancer","floor":40.0,"turns":4.0},{"damage":12.0,"enemies":"Nemesis","floor":42.0,"turns":6.0},{"damage":0.0,"enemies":"Mind Bloom Boss Battle","floor":44.0,"turns":4.0},{"damage":0.0,"enemies":"Reptomancer","floor":46.0,"turns":5.0},{"damage":1.0,"enemies":"Spire Growth","floor":47.0,"turns":3.0},{"damage":87,"enemies":"Time Eater","floor":50,"turns":8}],"seed_played":"-5045435509823826816","potions_obtained":[{"floor":3.0,"key":"GamblersBrew"},{"floor":7.0,"key":"EssenceOfSteel"},{"floor":16.0,"key":"Explosive Potion"},{"floor":23.0,"key":"Fire Potion"},{"floor":25.0,"key":"PowerPotion"}],"is_trial":false,"path_per_floor":["M","?","M","?","?","R","E","R","T","R","E","R","M","M","R","B",null,"M","?","$","M","?","E","R","E","T","?","R","M","E","M","R","B",null,"M","$","M","M","?","E","R","E","T","?","R","E","M","?","R","B",null],"character_chosen":"IRONCLAD","items_purchased":["Brimstone","Battle Trance","Spot Weakness","Whirlwind","Shrug It Off"],"campfire_rested":0,"item_purchase_floors":[20,20,20,36,36],"current_hp_per_floor":[74,74,75,75,68,68,74,74,74,74,33,33,39,45,45,20,61,67,73,73,75,75,64,64,39,39,39,39,45,36,41,41,26,63,75,75,75,66,51,56,56,56,56,71,71,92,92,92,92,17],"gold":518,"neow_bonus":"THREE_ENEMY_KILL","is_prod":false,"is_daily":false,"chose_seed":false,"campfire_upgraded":11,"win_rate":0,"timestamp":1570794934,"path_taken":["M","?","M","?","?","R","E","R","T","R","E","R","M","M","R","BOSS","M","?","$","M","?","E","R","E","T","?","R","M","E","M","R","BOSS","M","$","M","M","?","E","R","E","T","?","R","E","M","?","R","BOSS"],"build_version":"2019-10-10","purchased_purges":1,"victory":true,"max_hp_per_floor":[75,75,75,75,75,75,75,75,75,75,75,75,75,75,75,75,75,75,75,75,75,75,75,75,75,75,75,75,75,75,75,75,75,75,75,75,75,75,75,75,75,75,75,78,78,92,92,92,92,92],"card_choices":[{"not_picked":["Perfected Strike","Clothesline"],"picked":"Disarm","floor":1.0},{"not_picked":["Armaments","Cleave"],"picked":"Iron Wave","floor":3.0},{"not_picked":["Clash","Evolve"],"picked":"Pommel Strike","floor":7.0},{"not_picked":["Disarm","Blood for Blood"],"picked":"Whirlwind","floor":11.0},{"not_picked":["Body Slam","Cleave","Pummel"],"picked":"SKIP","floor":13.0},{"not_picked":["Heavy Blade","Ghostly Armor"],"picked":"Twin Strike","floor":14.0},{"not_picked":["Limit Break","Barricade"],"picked":"Immolate","floor":16.0},{"not_picked":["Armaments+1","Anger"],"picked":"Inflame","floor":18.0},{"not_picked":["Pommel Strike","Inflame"],"picked":"Ghostly Armor+1","floor":19.0},{"not_picked":["Flex","Dropkick"],"picked":"Uppercut","floor":21.0},{"not_picked":["Body Slam","Combust"],"picked":"Twin Strike","floor":23.0},{"not_picked":["Searing Blow","Exhume","Armaments"],"picked":"SKIP","floor":25.0},{"not_picked":["Disarm","Rupture"],"picked":"Shrug It Off","floor":29.0},{"not_picked":["Fire Breathing","Battle Trance"],"picked":"Shockwave","floor":30.0},{"not_picked":["Rage","Uppercut"],"picked":"Anger","floor":31.0},{"not_picked":["Brutality","Juggernaut"],"picked":"Feed","floor":33.0},{"not_picked":["Pommel Strike+1","Clothesline+1"],"picked":"Shrug It Off","floor":35.0},{"not_picked":["Twin Strike+1","Warcry"],"picked":"Pummel","floor":37.0},{"not_picked":["Warcry","Anger"],"picked":"Headbutt","floor":38.0},{"not_picked":["True Grit","Clash","Perfected Strike"],"picked":"SKIP","floor":40.0},{"not_picked":["Intimidate+1","Bloodletting"],"picked":"Power Through","floor":42.0},{"not_picked":["Evolve","Warcry"],"picked":"Twin Strike+1","floor":44.0},{"not_picked":["Dual Wield","Second Wind"],"picked":"Flame Barrier","floor":46.0},{"not_picked":["Twin Strike+1","Intimidate"],"picked":"Clothesline+1","floor":47.0}],"player_experience":1002548,"relics_obtained":[{"floor":7.0,"key":"Art of War"},{"floor":9.0,"key":"Bronze Scales"},{"floor":11.0,"key":"Oddly Smooth Stone"},{"floor":19.0,"key":"Red Mask"},{"floor":23.0,"key":"Red Skull"},{"floor":25.0,"key":"Mummified Hand"},{"floor":26.0,"key":"InkBottle"},{"floor":30.0,"key":"Lizard Tail"},{"floor":39.0,"key":"CaptainsWheel"},{"floor":40.0,"key":"Letter Opener"},{"floor":42.0,"key":"MawBank"},{"floor":43.0,"key":"Molten Egg 2"},{"floor":44.0,"key":"Pocketwatch"},{"floor":46.0,"key":"Mango"}],"event_choices":[{"cards_removed":["Strike_R"],"damage_healed":0.0,"max_hp_gain":0.0,"max_hp_loss":0.0,"gold_gain":0.0,"event_name":"The Cleric","player_choice":"Card Removal","floor":2.0,"gold_loss":75.0,"damage_taken":0.0},{"damage_healed":0.0,"max_hp_gain":0.0,"max_hp_loss":0.0,"gold_gain":0.0,"event_name":"Big Fish","player_choice":"Box","floor":4.0,"gold_loss":0.0,"damage_taken":0.0,"relics_obtained":["Calipers"],"cards_obtained":["Regret"]},{"cards_removed":["Regret"],"damage_healed":0.0,"max_hp_gain":0.0,"max_hp_loss":0.0,"gold_gain":0.0,"event_name":"Golden Wing","player_choice":"Card Removal","floor":5.0,"gold_loss":0.0,"damage_taken":7.0},{"damage_healed":0.0,"max_hp_gain":0.0,"max_hp_loss":0.0,"gold_gain":0.0,"event_name":"Masked Bandits","player_choice":"Fought Bandits","floor":19.0,"gold_loss":0.0,"damage_taken":0.0},{"damage_healed":0.0,"max_hp_gain":0.0,"max_hp_loss":0.0,"gold_gain":0.0,"event_name":"Ghosts","player_choice":"Ignored","floor":22.0,"gold_loss":0.0,"damage_taken":0.0},{"damage_healed":0.0,"max_hp_gain":0.0,"max_hp_loss":0.0,"gold_gain":0.0,"event_name":"Match and Keep!","player_choice":"0 cards matched","floor":27.0,"gold_loss":0.0,"damage_taken":0.0,"cards_obtained":[]},{"damage_healed":0.0,"max_hp_gain":0.0,"max_hp_loss":0.0,"gold_gain":0.0,"event_name":"Mysterious Sphere","player_choice":"Fight","floor":39.0,"gold_loss":0.0,"damage_taken":0.0},{"damage_healed":0.0,"max_hp_gain":0.0,"max_hp_loss":0.0,"gold_gain":0.0,"event_name":"MindBloom","player_choice":"Fight","floor":44.0,"gold_loss":0.0,"damage_taken":0.0},{"damage_healed":0,"gold_gain":0,"player_choice":"Memory 1","damage_taken":0,"max_hp_gain":0,"max_hp_loss":0,"event_name":"SensoryStone","floor":48,"gold_loss":0}],"is_beta":true,"boss_relics":[{"not_picked":["SlaversCollar","Runic Cube"],"picked":"Coffee Dripper"},{"not_picked":["Mark of Pain","Cursed Key"],"picked":"Black Blood"}],"items_purged_floors":[36],"is_endless":false,"potions_floor_spawned":[3,7,16,18,23,25,31,35,37,40,42,47],"ascension_level":15}