{"gold_per_floor":[117,133,52,52,127,127,155,167,259,271,311,151,251,286,286,363,363,380,399,105,105],"floor_reached":21,"playtime":847,"items_purged":["Strike_B"],"score":318,"play_id":"57eb2d67-952b-46fb-9b0d-29ca57da587d","local_time":"20190605191930","is_ascension_mode":true,"campfire_choices":[{"floor":6.0,"key":"REST"},{"floor":10.0,"key":"REST"},{"floor":15.0,"key":"REST"}],"neow_cost":"PERCENT_DAMAGE","seed_source_timestamp":1357058786659547,"circlet_count":0,"master_deck":["AscendersBane","Strike_B","Strike_B","Strike_B","Defend_B","Defend_B","Defend_B","Defend_B","Zap","Dualcast","Conserve Battery","Sunder","Doom and Gloom","Melter","Multi-Cast","Redo","Double Energy","Echo Form","Conserve Battery+1","White Noise+1","Go for the Eyes"],"special_seed":0,"relics":["Cracked Core","Unceasing Top","Bag of Preparation","MawBank","Question Card","Potion Belt","Torii","Philosopher\u0027s Stone","PreservedInsect"],"potions_floor_usage":[21],"damage_taken":[{"damage":3.0,"enemies":"2 Louse","floor":1.0,"turns":2.0},{"damage":0.0,"enemies":"Small Slimes","floor":2.0,"turns":4.0},{"damage":30.0,"enemies":"3 Sentries","floor":7.0,"turns":7.0},{"damage":18.0,"enemies":"Lagavulin","floor":11.0,"turns":5.0},{"damage":23.0,"enemies":"Gremlin Nob","floor":14.0,"turns":4.0},{"damage":28.0,"enemies":"Slime Boss","floor":16.0,"turns":4.0},{"damage":29,"enemies":"3 Byrds","floor":18,"turns":3},{"damage":16,"enemies":"2 Thieves","floor":19,"turns":3},{"damage":19,"enemies":"Centurion and Healer","floor":21,"turns":2}],"seed_played":"-5873763073617333450","potions_obtained":[{"floor":1.0,"key":"Swift Potion"},{"floor":7.0,"key":"Regen Potion"},{"floor":14.0,"key":"Energy Potion"},{"floor":18,"key":"SkillPotion"}],"is_trial":false,"path_per_floor":["M","M","$","?","?","R","E","?","T","R","E","$","?","E","R","B",null,"M","M","$","M"],"character_chosen":"DEFECT","items_purchased":["Doom and Gloom","Dexterity Potion","Redo","PreservedInsect","Go for the Eyes","Strength Potion","FocusPotion"],"campfire_rested":3,"item_purchase_floors":[3,12,12,20,20,20,20],"current_hp_per_floor":[47,47,47,35,24,46,16,16,16,38,20,20,20,9,31,3,57,28,12,12,0],"gold":105,"neow_bonus":"ONE_RARE_RELIC","is_prod":false,"is_daily":false,"chose_seed":false,"campfire_upgraded":0,"win_rate":0,"timestamp":1559776770,"path_taken":["M","M","$","?","?","R","E","?","T","R","E","$","?","E","R","BOSS","M","M","$","M"],"build_version":"2019-01-23","purchased_purges":1,"victory":false,"max_hp_per_floor":[75,75,75,75,75,75,75,75,75,75,75,75,75,75,75,75,75,75,75,75,75],"card_choices":[{"not_picked":["Scrape","Reinforced Body"],"picked":"Conserve Battery","floor":1.0},{"not_picked":["Skim","Ball Lightning"],"picked":"Sunder","floor":2.0},{"not_picked":["Beam Cell","Scrape"],"picked":"Melter","floor":7.0},{"not_picked":["Streamline","Consume","Cold Snap"],"picked":"Multi-Cast","floor":11.0},{"not_picked":["Beam Cell","Storm","Conserve Battery"],"picked":"Double Energy","floor":14.0},{"not_picked":["Buffer","Reboot","Biased Cognition"],"picked":"Echo Form","floor":16.0},{"not_picked":["Auto Shields","Coolheaded","Streamline"],"picked":"Conserve Battery+1","floor":18},{"not_picked":["Ball Lightning","Beam Cell+1","FTL"],"picked":"White Noise+1","floor":19}],"player_experience":983545,"relics_obtained":[{"floor":7.0,"key":"MawBank"},{"floor":9.0,"key":"Question Card"},{"floor":11.0,"key":"Potion Belt"},{"floor":14.0,"key":"Torii"}],"event_choices":[{"damage_healed":0.0,"max_hp_gain":0.0,"max_hp_loss":0.0,"gold_gain":0.0,"event_name":"Scrap Ooze","player_choice":"Success","floor":4.0,"gold_loss":0.0,"damage_taken":12.0,"relics_obtained":["Bag of Preparation"]},{"damage_healed":0.0,"max_hp_gain":0.0,"max_hp_loss":0.0,"gold_gain":75.0,"event_name":"World of Goop","player_choice":"Gather Gold","floor":5.0,"gold_loss":0.0,"damage_taken":11.0},{"damage_healed":0.0,"max_hp_gain":0.0,"max_hp_loss":0.0,"gold_gain":0.0,"event_name":"Dead Adventurer","player_choice":"Searched \u00270\u0027 times","floor":8.0,"gold_loss":0.0,"damage_taken":0.0},{"damage_healed":0.0,"max_hp_gain":0.0,"max_hp_loss":0.0,"gold_gain":100.0,"event_name":"Golden Shrine","player_choice":"Pray","floor":13.0,"gold_loss":0.0,"damage_taken":0.0}],"is_beta":false,"boss_relics":[{"not_picked":["FrozenCore","Sozu"],"picked":"Philosopher\u0027s Stone"}],"items_purged_floors":[12],"is_endless":false,"potions_floor_spawned":[1,7,14,18],"killed_by":"Centurion and Healer","ascension_level":13}