{"gold_per_floor":[114,33,33,33,45,77,77,111,163,176,189,114,148,161,161,261,261,276,125,395,412,424,454,474,474,474,394,425,441,441,458,458,553,553,568,586,686,686,700,730,748,783,810,827,846,474,485,485,485,485,485,485,168,200,200],"floor_reached":56,"playtime":3151,"items_purged":["Bash","Writhe","Strike_R"],"score":1296,"play_id":"120a3723-e127-4d6d-b397-ed1f6eb51b7a","local_time":"20190506195217","is_ascension_mode":false,"campfire_choices":[{"data":"Uppercut","floor":7.0,"key":"SMITH"},{"data":"Whirlwind","floor":15.0,"key":"SMITH"},{"data":"Double Tap","floor":25.0,"key":"SMITH"},{"data":"Power Through","floor":32.0,"key":"SMITH"},{"floor":49,"key":"RECALL"},{"data":"Corruption","floor":52,"key":"SMITH"}],"neow_cost":"NONE","seed_source_timestamp":2683234893491204,"circlet_count":0,"master_deck":["Strike_R","Defend_R","Defend_R","Defend_R","Defend_R","Pommel Strike","Pommel Strike","Trip","Uppercut+1","Whirlwind+1","Battle Trance","Power Through+1","Shrug It Off","Impervious","Seeing Red","Double Tap+1","Thunderclap+1","Body Slam","Metallicize","Ghostly Armor","Second Wind+1","Shrug It Off+1","Metallicize","Demon Form","Body Slam","Limit Break","Disarm+1","Exhume","Corruption+1","Havoc","Warcry+1"],"special_seed":0,"relics":["Burning Blood","Bag of Marbles","Art of War","Centennial Puzzle","Regal Pillow","Sozu","Anchor","PreservedInsect","Self Forming Clay","Letter Opener","StoneCalendar","Cursed Key","Calipers","Bird Faced Urn","Dead Branch","Shuriken","OrangePellets","Kunai"],"potions_floor_usage":[55,55],"damage_taken":[{"damage":1.0,"enemies":"Cultist","floor":1.0,"turns":3.0},{"damage":0.0,"enemies":"Small Slimes","floor":5.0,"turns":3.0},{"damage":16.0,"enemies":"Lagavulin","floor":6.0,"turns":6.0},{"damage":9.0,"enemies":"3 Sentries","floor":8.0,"turns":3.0},{"damage":0.0,"enemies":"2 Louse","floor":10.0,"turns":3.0},{"damage":9.0,"enemies":"Blue Slaver","floor":11.0,"turns":3.0},{"damage":12.0,"enemies":"Gremlin Nob","floor":13.0,"turns":4.0},{"damage":0.0,"enemies":"3 Louse","floor":14.0,"turns":1.0},{"damage":56.0,"enemies":"The Guardian","floor":16.0,"turns":11.0},{"damage":10.0,"enemies":"2 Thieves","floor":18.0,"turns":5.0},{"damage":0.0,"enemies":"Shell Parasite","floor":21.0,"turns":3.0},{"damage":0.0,"enemies":"3 Cultists","floor":22.0,"turns":3.0},{"damage":19.0,"enemies":"Gremlin Leader","floor":23.0,"turns":5.0},{"damage":9.0,"enemies":"Snake Plant","floor":24.0,"turns":3.0},{"damage":11.0,"enemies":"Book of Stabbing","floor":28.0,"turns":6.0},{"damage":3.0,"enemies":"Shelled Parasite and Fungi","floor":29.0,"turns":5.0},{"damage":0.0,"enemies":"Cultist and Chosen","floor":31.0,"turns":4.0},{"damage":35.0,"enemies":"Automaton","floor":33.0,"turns":8.0},{"damage":3,"enemies":"3 Shapes","floor":35,"turns":5},{"damage":0,"enemies":"Orb Walker","floor":36,"turns":2},{"damage":0,"enemies":"Mind Bloom Boss Battle","floor":37,"turns":7},{"damage":4,"enemies":"Maw","floor":39,"turns":6},{"damage":23,"enemies":"Nemesis","floor":40,"turns":7},{"damage":11,"enemies":"Spire Growth","floor":41,"turns":5},{"damage":2,"enemies":"Giant Head","floor":42,"turns":5},{"damage":6,"enemies":"4 Shapes","floor":44,"turns":2},{"damage":3,"enemies":"Writhing Mass","floor":45,"turns":3},{"damage":17,"enemies":"Sphere and 2 Shapes","floor":47,"turns":4},{"damage":18,"enemies":"Donu and Deca","floor":50,"turns":5},{"damage":3,"enemies":"Shield and Spear","floor":54,"turns":4},{"damage":12,"enemies":"The Heart","floor":55,"turns":6}],"seed_played":"-3372204937260856695","potions_obtained":[{"floor":1.0,"key":"EntropicBrew"},{"floor":5.0,"key":"SteroidPotion"},{"floor":6.0,"key":"Fire Potion"}],"is_trial":false,"path_per_floor":["M","$","?","$","M","E","R","E","T","M","M","$","E","M","R","B",null,"M","$","?","M","M","E","M","R","T","$","E","M","?","M","R","B",null,"M","M","?","?","M","E","M","E","T","M","M","$","M","?","R","B",null,"R","$","E","B",null],"character_chosen":"IRONCLAD","items_purchased":["Trip","Anchor","Ghostly Armor","Shuriken","Havoc","OrangePellets"],"campfire_rested":0,"item_purchase_floors":[2,19,27,46,46,53],"current_hp_per_floor":[80,80,80,80,80,70,70,67,67,73,70,70,64,70,70,20,80,76,76,44,50,56,43,40,40,40,40,35,38,38,44,44,15,80,80,80,80,80,80,63,62,68,68,72,79,79,72,72,72,70,80,80,80,80,79],"gold":200,"neow_bonus":"TRANSFORM_CARD","is_prod":false,"is_daily":false,"chose_seed":false,"campfire_upgraded":5,"win_rate":0,"timestamp":1557186737,"path_taken":["M","?","?","$","M","E","R","E","T","?","M","?","E","M","R","BOSS","M","$","?","?","M","E","M","R","T","$","E","M","?","M","R","BOSS","M","M","?","?","M","E","M","E","T","M","?","$","M","?","R","BOSS","R","$","E","BOSS"],"build_version":"2019-01-23","purchased_purges":3,"victory":true,"max_hp_per_floor":[80,80,80,80,80,80,80,80,80,80,80,80,80,80,80,80,80,80,80,80,80,80,80,80,80,80,80,80,80,80,80,80,80,80,80,80,80,80,80,80,80,80,80,80,80,80,80,80,80,80,80,80,80,80,80],"card_choices":[{"not_picked":["Corruption","Havoc"],"picked":"Pommel Strike","floor":1.0},{"not_picked":["Anger","Carnage"],"picked":"Whirlwind","floor":5.0},{"not_picked":["Wild Strike","Heavy Blade"],"picked":"Battle Trance","floor":6.0},{"not_picked":["Corruption","Shrug It Off"],"picked":"Power Through","floor":8.0},{"not_picked":["Cleave","Iron Wave"],"picked":"Shrug It Off","floor":10.0},{"not_picked":["Anger","Spot Weakness"],"picked":"Impervious","floor":11.0},{"not_picked":["Clash","Flame Barrier"],"picked":"Seeing Red","floor":13.0},{"not_picked":["Twin Strike","Perfected Strike","Pommel Strike"],"picked":"SKIP","floor":14.0},{"not_picked":["Dark Embrace","Berserk"],"picked":"Double Tap","floor":16.0},{"not_picked":["Shrug It Off","Perfected Strike"],"picked":"Thunderclap+1","floor":18.0},{"not_picked":["Rampage+1","Warcry","Dual Wield"],"picked":"SKIP","floor":21.0},{"not_picked":["Second Wind","Cleave+1","Sword Boomerang"],"picked":"SKIP","floor":22.0},{"not_picked":["Clash","Warcry"],"picked":"Body Slam","floor":23.0},{"not_picked":["Battle Trance","Flex"],"picked":"Metallicize","floor":24.0},{"not_picked":["Fire Breathing","Thunderclap"],"picked":"Second Wind+1","floor":28.0},{"not_picked":["Dark Embrace","Flame Barrier"],"picked":"Shrug It Off+1","floor":29.0},{"not_picked":["Sword Boomerang+1","Havoc"],"picked":"Metallicize","floor":31.0},{"not_picked":["Reaper","Brutality"],"picked":"Demon Form","floor":33.0},{"not_picked":["Wild Strike+1","Blood for Blood","Carnage+1"],"picked":"SKIP","floor":35},{"not_picked":["Clothesline","Iron Wave+1"],"picked":"Body Slam","floor":36},{"not_picked":["Burning Pact+1","Clothesline"],"picked":"Limit Break","floor":37},{"not_picked":["Second Wind+1","Heavy Blade+1"],"picked":"Disarm+1","floor":39},{"not_picked":["Wild Strike","Sentinel","Corruption"],"picked":"SKIP","floor":40},{"not_picked":["True Grit+1","Pommel Strike+1","Havoc+1"],"picked":"SKIP","floor":41},{"not_picked":["Blood for Blood","Spot Weakness"],"picked":"Exhume","floor":42},{"not_picked":["Carnage","Intimidate","Clash+1"],"picked":"SKIP","floor":44},{"not_picked":["Wild Strike+1","Rupture"],"picked":"Corruption","floor":45},{"not_picked":["Cleave","Second Wind"],"picked":"Warcry+1","floor":47},{"not_picked":["Rupture+1","Pommel Strike+1","Whirlwind+1"],"picked":"SKIP","floor":54}],"player_experience":849023,"relics_obtained":[{"floor":6.0,"key":"Bag of Marbles"},{"floor":8.0,"key":"Art of War"},{"floor":9.0,"key":"Centennial Puzzle"},{"floor":13.0,"key":"Regal Pillow"},{"floor":23.0,"key":"PreservedInsect"},{"floor":26.0,"key":"Self Forming Clay"},{"floor":28.0,"key":"Letter Opener"},{"floor":37,"key":"Calipers"},{"floor":40,"key":"Bird Faced Urn"},{"floor":42,"key":"Dead Branch"},{"floor":54,"key":"Kunai"}],"event_choices":[{"damage_healed":0.0,"max_hp_gain":0.0,"max_hp_loss":0.0,"gold_gain":0.0,"cards_transformed":["Strike_R"],"event_name":"Transmorgrifier","player_choice":"Transformed","floor":3.0,"gold_loss":0.0,"damage_taken":0.0,"cards_obtained":["Uppercut"]},{"damage_healed":0.0,"max_hp_gain":0.0,"max_hp_loss":0.0,"gold_gain":270.0,"event_name":"Knowing Skull","player_choice":"GOLD GOLD GOLD ","floor":20.0,"potions_obtained":[],"gold_loss":0.0,"damage_taken":32.0,"cards_obtained":[]},{"damage_healed":0.0,"max_hp_gain":0.0,"max_hp_loss":0.0,"gold_gain":0.0,"event_name":"The Mausoleum","player_choice":"Opened","floor":30.0,"gold_loss":0.0,"damage_taken":0.0,"relics_obtained":["StoneCalendar"],"cards_obtained":["Writhe"]},{"damage_healed":0,"gold_gain":0,"player_choice":"Fight","damage_taken":0,"max_hp_gain":0,"max_hp_loss":0,"event_name":"MindBloom","floor":37,"gold_loss":0},{"cards_removed":["Writhe"],"damage_healed":0,"gold_gain":0,"player_choice":"Removed Curses","damage_taken":0,"max_hp_gain":0,"max_hp_loss":0,"event_name":"Fountain of Cleansing","floor":38,"gold_loss":0},{"cards_removed":["Strike_R"],"damage_healed":0,"gold_gain":0,"player_choice":"Removed Attack","damage_taken":0,"max_hp_gain":0,"max_hp_loss":0,"event_name":"Falling","floor":48,"gold_loss":0}],"is_beta":false,"boss_relics":[{"not_picked":["Empty Cage","White Beast Statue"],"picked":"Sozu"},{"not_picked":["Runic Pyramid","Snecko Eye"],"picked":"Cursed Key"}],"items_purged_floors":[12,46,53],"is_endless":false,"potions_floor_spawned":[1,5,6,23,28,33,36,37,40,42,54],"ascension_level":0}