{"gold_per_floor":[110,260,32,47,47,47,67,14,60,91,108,108],"floor_reached":12,"playtime":372,"items_purged":[],"score":156,"play_id":"57811d13-625a-442a-942b-7c79e58cf0a2","local_time":"20190604230310","is_ascension_mode":true,"campfire_choices":[{"data":"Deadly Poison","floor":6,"key":"SMITH"}],"neow_cost":"NONE","seed_source_timestamp":348732089214278,"circlet_count":0,"master_deck":["AscendersBane","Defend_G+1","Defend_G","Defend_G","Defend_G","Defend_G","Strike_G","Strike_G","Strike_G","Strike_G","Strike_G","Survivor","Neutralize","Escape Plan","Doubt","Deadly Poison+1","Cloak And Dagger","Noxious Fumes","Deflect","Acrobatics+1","Flechettes"],"relics":["Ring of the Snake","NeowsBlessing","Membership Card","Anchor","War Paint"],"potions_floor_usage":[10,12],"damage_taken":[{"damage":0,"enemies":"2 Louse","floor":1,"turns":1},{"damage":0,"enemies":"Jaw Worm","floor":4,"turns":1},{"damage":0,"enemies":"Cultist","floor":7,"turns":1},{"damage":49,"enemies":"Gremlin Nob","floor":10,"turns":5},{"damage":9,"enemies":"2 Fungi Beasts","floor":11,"turns":5},{"damage":1,"enemies":"Lagavulin","floor":12,"turns":3}],"seed_played":"-4182402686803190231","potions_obtained":[{"floor":7,"key":"AttackPotion"},{"floor":10,"key":"SkillPotion"},{"floor":11,"key":"FearPotion"}],"is_trial":false,"path_per_floor":["M","?","$","M","?","R","M","$","T","E","M","E"],"character_chosen":"THE_SILENT","items_purchased":["Membership Card","Noxious Fumes","Deflect"],"campfire_rested":0,"item_purchase_floors":[3,8,8],"current_hp_per_floor":[59,59,59,59,59,59,59,59,59,10,1,0],"gold":108,"neow_bonus":"THREE_ENEMY_KILL","is_prod":false,"is_daily":false,"chose_seed":false,"campfire_upgraded":1,"win_rate":0,"timestamp":1559682190,"path_taken":["M","?","$","M","?","R","M","?","T","E","M","E"],"build_version":"2019-01-23","purchased_purges":0,"victory":false,"max_hp_per_floor":[66,66,66,66,66,66,66,66,66,66,66,66],"card_choices":[{"not_picked":["Prepared","Terror"],"picked":"Escape Plan","floor":1},{"not_picked":["Sucker Punch","Calculated Gamble"],"picked":"Deadly Poison","floor":4},{"not_picked":["Finisher","Well Laid Plans"],"picked":"Cloak And Dagger","floor":7},{"not_picked":["Slice","Underhanded Strike"],"picked":"Acrobatics","floor":10},{"not_picked":["Quick Slash","Blade Dance"],"picked":"Flechettes","floor":11}],"player_experience":455017,"relics_obtained":[{"floor":9,"key":"Anchor"},{"floor":10,"key":"War Paint"}],"event_choices":[{"damage_healed":0,"gold_gain":150,"player_choice":"AGREE","damage_taken":0,"max_hp_gain":0,"max_hp_loss":0,"event_name":"Liars Game","floor":2,"gold_loss":0,"cards_obtained":["Doubt"]},{"damage_healed":0,"gold_gain":0,"player_choice":"Leave","damage_taken":0,"max_hp_gain":0,"max_hp_loss":0,"event_name":"The Cleric","floor":5,"gold_loss":0}],"is_beta":false,"boss_relics":[],"items_purged_floors":[],"is_endless":false,"potions_floor_spawned":[7,10,11],"killed_by":"Lagavulin","ascension_level":20}