{"gold_per_floor":[114,64,239,239,257,292,292,318,380,403,35,61,78,78,78,181,181,196,207,207,122,122,122,153,165,165,165,185,59,79,93,93,194,194,214,214,233,35,35,35,49,49,49,49,49,49,61,76,76,76],"floor_reached":51,"playtime":2500,"items_purged":["Doubt","Strike_B","Strike_B"],"score":1131,"play_id":"aea79167-e862-4426-b942-9835d3359b50","local_time":"20190528202854","is_ascension_mode":true,"campfire_choices":[{"data":"All For One","floor":7.0,"key":"SMITH"},{"floor":15.0,"key":"REST"},{"data":"Dualcast","floor":23.0,"key":"SMITH"},{"floor":27.0,"key":"REST"},{"floor":32.0,"key":"REST"},{"floor":40.0,"key":"REST"},{"floor":42.0,"key":"REST"},{"floor":49.0,"key":"REST"}],"neow_cost":"NONE","seed_source_timestamp":9937114265980,"circlet_count":0,"master_deck":["AscendersBane","Strike_B","Defend_B","Defend_B","Defend_B","Defend_B","Zap+1","Dualcast+1","Steam","Conserve Battery","All For One+1","Hologram","Defragment+1","Coolheaded","Beam Cell","Echo Form","Gash","Conserve Battery","Coolheaded+1","Scrape","Defragment","Glacier","Amplify","Double Energy","Tempest","Reprogram","Conserve Battery+1"],"special_seed":0,"relics":["Cracked Core","NeowsBlessing","Ancient Tea Set","MawBank","Smiling Mask","Ice Cream","StoneCalendar","Mercury Hourglass","Runic Pyramid","WingedGreaves","Dream Catcher","Unceasing Top","Fusion Hammer","DataDisk","Dodecahedron"],"potions_floor_usage":[50],"damage_taken":[{"damage":0.0,"enemies":"Jaw Worm","floor":1.0,"turns":1.0},{"damage":0.0,"enemies":"Small Slimes","floor":5.0,"turns":1.0},{"damage":0.0,"enemies":"Gremlin Nob","floor":6.0,"turns":1.0},{"damage":25.0,"enemies":"Lagavulin","floor":8.0,"turns":6.0},{"damage":1.0,"enemies":"Cultist","floor":10.0,"turns":3.0},{"damage":48.0,"enemies":"Gremlin Nob","floor":12.0,"turns":5.0},{"damage":0.0,"enemies":"2 Fungi Beasts","floor":13.0,"turns":3.0},{"damage":1.0,"enemies":"Hexaghost","floor":16.0,"turns":7.0},{"damage":0.0,"enemies":"3 Byrds","floor":18.0,"turns":3.0},{"damage":17.0,"enemies":"Shell Parasite","floor":19.0,"turns":4.0},{"damage":25.0,"enemies":"Slavers","floor":24.0,"turns":5.0},{"damage":18.0,"enemies":"Snake Plant","floor":25.0,"turns":3.0},{"damage":5.0,"enemies":"Cultist and Chosen","floor":28.0,"turns":6.0},{"damage":4.0,"enemies":"3 Cultists","floor":30.0,"turns":3.0},{"damage":12.0,"enemies":"Sentry and Sphere","floor":31.0,"turns":4.0},{"damage":14.0,"enemies":"Collector","floor":33.0,"turns":8.0},{"damage":23.0,"enemies":"3 Darklings","floor":35.0,"turns":6.0},{"damage":0.0,"enemies":"Orb Walker","floor":37.0,"turns":4.0},{"damage":13.0,"enemies":"Writhing Mass","floor":41.0,"turns":6.0},{"damage":0.0,"enemies":"Jaw Worm Horde","floor":47.0,"turns":2.0},{"damage":30.0,"enemies":"4 Shapes","floor":48.0,"turns":3.0},{"damage":26,"enemies":"Donu and Deca","floor":50,"turns":6}],"seed_played":"-3599659652106314320","potions_obtained":[{"floor":1.0,"key":"Explosive Potion"},{"floor":5.0,"key":"Dexterity Potion"},{"floor":8.0,"key":"Regen Potion"},{"floor":12.0,"key":"LiquidBronze"},{"floor":18.0,"key":"Ancient Potion"},{"floor":25.0,"key":"Fire Potion"},{"floor":28.0,"key":"FocusPotion"},{"floor":35.0,"key":"Energy Potion"},{"floor":48.0,"key":"AttackPotion"}],"is_trial":false,"path_per_floor":["M","?","?","?","M","E","R","E","T","M","$","E","M","?","R","B",null,"M","M","?","?","?","R","E","M","T","R","M","$","M","M","R","B",null,"M","?","M","$","?","R","M","R","T","$","?","$","M","M","R","B",null],"character_chosen":"DEFECT","items_purchased":["Defragment","Ice Cream","Defragment","DataDisk"],"campfire_rested":6,"item_purchase_floors":[11,11,29,38],"current_hp_per_floor":[68,68,68,68,68,68,68,43,43,42,42,6,6,6,28,27,63,63,46,46,46,46,46,21,3,3,25,20,20,16,4,26,12,59,36,36,36,36,36,58,45,67,67,67,67,67,67,37,59,33],"gold":76,"neow_bonus":"THREE_ENEMY_KILL","is_prod":false,"is_daily":false,"chose_seed":false,"campfire_upgraded":2,"win_rate":0,"timestamp":1559068134,"path_taken":["M","?","?","?","?","E","R","E","T","M","$","E","M","?","R","BOSS","M","M","?","?","?","R","E","?","T","R","?","?","M","M","R","BOSS","M","?","M","$","?","R","M","R","T","$","?","?","?","M","R","BOSS"],"build_version":"2019-01-23","purchased_purges":3,"victory":true,"max_hp_per_floor":[75,75,75,75,75,75,75,75,75,75,75,75,75,75,75,75,75,75,75,75,75,75,75,75,75,75,75,75,75,75,75,75,75,75,75,75,75,75,75,75,75,75,75,75,75,75,75,75,75,75],"card_choices":[{"not_picked":["Beam Cell","Stack"],"picked":"Steam","floor":1.0},{"not_picked":["Stack","FTL"],"picked":"Conserve Battery","floor":5.0},{"not_picked":["FTL","Conserve Battery"],"picked":"All For One","floor":6.0},{"not_picked":["Ball Lightning","Redo"],"picked":"Streamline","floor":8.0},{"not_picked":["Scrape","Steam"],"picked":"Hologram","floor":10.0},{"not_picked":["Multi-Cast","Double Energy"],"picked":"Coolheaded","floor":12.0},{"not_picked":["Cold Snap","Barrage"],"picked":"Beam Cell","floor":13.0},{"not_picked":["Multi-Cast","Meteor Strike"],"picked":"Echo Form","floor":16.0},{"not_picked":["Static Discharge+1","Skim"],"picked":"Gash","floor":18.0},{"not_picked":["Steam","Turbo"],"picked":"Conserve Battery","floor":19.0},{"not_picked":["Rebound","Streamline","Doom and Gloom"],"picked":"SKIP","floor":24.0},{"not_picked":["Gash","Recycle"],"picked":"Coolheaded+1","floor":25.0},{"not_picked":["Chaos","Stack"],"picked":"Scrape","floor":28.0},{"not_picked":["Beam Cell","Steam","Compile Driver"],"picked":"SKIP","floor":30.0},{"not_picked":["Rip and Tear","Steam","Turbo+1"],"picked":"SKIP","floor":31.0},{"not_picked":["Steam","Scrape"],"picked":"Glacier","floor":32.0},{"not_picked":["Hyperbeam","Fission"],"picked":"Amplify","floor":33.0},{"not_picked":["Auto Shields+1","Conserve Battery","Barrage"],"picked":"SKIP","floor":35.0},{"not_picked":["Redo+1","Sweeping Beam"],"picked":"Double Energy","floor":37.0},{"not_picked":["Cold Snap","Sunder"],"picked":"Tempest","floor":41.0},{"not_picked":["Stack","FTL"],"picked":"Reprogram","floor":42.0},{"not_picked":["Barrage+1","Cold Snap"],"picked":"Conserve Battery+1","floor":47.0},{"not_picked":["Skim","Cold Snap","Barrage"],"picked":"SKIP","floor":48.0}],"player_experience":368724,"relics_obtained":[{"floor":6.0,"key":"Ancient Tea Set"},{"floor":8.0,"key":"MawBank"},{"floor":9.0,"key":"Smiling Mask"},{"floor":12.0,"key":"StoneCalendar"},{"floor":24.0,"key":"Dream Catcher"},{"floor":26.0,"key":"Unceasing Top"},{"floor":43.0,"key":"Dodecahedron"}],"event_choices":[{"cards_removed":["Strike_B"],"damage_healed":0.0,"max_hp_gain":0.0,"max_hp_loss":0.0,"gold_gain":0.0,"event_name":"The Cleric","player_choice":"Card Removal","floor":2.0,"gold_loss":50.0,"damage_taken":0.0},{"damage_healed":0.0,"max_hp_gain":0.0,"max_hp_loss":0.0,"gold_gain":175.0,"event_name":"Liars Game","player_choice":"AGREE","floor":3.0,"gold_loss":0.0,"damage_taken":0.0,"cards_obtained":["Doubt"]},{"damage_healed":0.0,"max_hp_gain":0.0,"max_hp_loss":0.0,"gold_gain":0.0,"event_name":"Upgrade Shrine","player_choice":"Upgraded","floor":4.0,"gold_loss":0.0,"damage_taken":0.0,"cards_upgraded":["Zap"]},{"damage_healed":0.0,"max_hp_gain":0.0,"max_hp_loss":0.0,"gold_gain":0.0,"event_name":"Dead Adventurer","player_choice":"Searched \u00271\u0027 times","floor":14.0,"gold_loss":0.0,"damage_taken":0.0,"relics_obtained":["Mercury Hourglass"]},{"damage_healed":0.0,"max_hp_gain":0.0,"max_hp_loss":0.0,"gold_gain":0.0,"event_name":"Vampires","player_choice":"Ignored","floor":20.0,"gold_loss":0.0,"damage_taken":0.0},{"damage_healed":0.0,"max_hp_gain":0.0,"max_hp_loss":0.0,"gold_gain":0.0,"event_name":"Addict","player_choice":"Obtained Relic","floor":21.0,"gold_loss":85.0,"damage_taken":0.0,"relics_obtained":["WingedGreaves"]},{"damage_healed":0.0,"max_hp_gain":0.0,"max_hp_loss":0.0,"gold_gain":0.0,"event_name":"Upgrade Shrine","player_choice":"Upgraded","floor":22.0,"gold_loss":0.0,"damage_taken":0.0,"cards_upgraded":["Defragment"]},{"damage_healed":0.0,"max_hp_gain":0.0,"max_hp_loss":0.0,"gold_gain":0.0,"event_name":"Tomb of Lord Red Mask","player_choice":"Ignored","floor":36.0,"gold_loss":0.0,"damage_taken":0.0},{"damage_healed":0.0,"max_hp_gain":0.0,"max_hp_loss":0.0,"gold_gain":0.0,"event_name":"Mysterious Sphere","player_choice":"Ignored","floor":39.0,"gold_loss":0.0,"damage_taken":0.0},{"cards_removed":["Streamline"],"damage_healed":0.0,"max_hp_gain":0.0,"max_hp_loss":0.0,"gold_gain":0.0,"event_name":"Falling","player_choice":"Removed Attack","floor":45.0,"gold_loss":0.0,"damage_taken":0.0}],"is_beta":false,"boss_relics":[{"not_picked":["Coffee Dripper","Runic Dome"],"picked":"Runic Pyramid"},{"not_picked":["Empty Cage","Calling Bell"],"picked":"Fusion Hammer"}],"items_purged_floors":[11,29,38],"is_endless":false,"potions_floor_spawned":[1,5,8,12,18,19,25,28,35,41,47,48],"ascension_level":12}