{"gold_per_floor":[115,131,150,170,170,201,126,126,126,141,141,161,187,187,187,266,266,278,295,295,315,69,96,96,109,136,149,178,178,195,165,165,243,243,259,269,15,15,33,33,61,85,85,118,118,44,44,44,44,44],"floor_reached":51,"playtime":2988,"items_purged":["Strike_R"],"score":1390,"play_id":"09004259-bd4e-4ee6-b4cc-0c38a345ba0a","local_time":"20190615215445","is_ascension_mode":true,"campfire_choices":[{"floor":8.0,"key":"REST"},{"floor":11.0,"key":"REST"},{"data":"Armaments","floor":15.0,"key":"SMITH"},{"floor":24.0,"key":"REST"},{"floor":29.0,"key":"REST"},{"floor":32.0,"key":"REST"},{"floor":40,"key":"REST"},{"floor":47,"key":"REST"},{"floor":49,"key":"REST"}],"neow_cost":"PERCENT_DAMAGE","seed_source_timestamp":2228144210227541,"circlet_count":0,"master_deck":["AscendersBane","Defend_R","Defend_R","Bash","Hemokinesis","Whirlwind","Spot Weakness","Shrug It Off","Thunderclap","Armaments+1","Limit Break","Battle Trance","Disarm","Good Instincts","Impervious","True Grit","Shockwave","Madness","Madness","Rage+1"],"special_seed":0,"relics":["Burning Blood","Champion Belt","Ice Cream","Letter Opener","Fusion Hammer","Kunai","Bag of Preparation","Bag of Marbles","Empty Cage","Paper Frog","Juzu Bracelet","Strawberry","Toxic Egg 2","PreservedInsect"],"potions_floor_usage":[50,50,50,50],"damage_taken":[{"damage":1.0,"enemies":"Cultist","floor":1.0,"turns":4.0},{"damage":5.0,"enemies":"Jaw Worm","floor":2.0,"turns":3.0},{"damage":0.0,"enemies":"2 Louse","floor":3.0,"turns":2.0},{"damage":24.0,"enemies":"Large Slime","floor":4.0,"turns":10.0},{"damage":36.0,"enemies":"3 Sentries","floor":6.0,"turns":6.0},{"damage":7.0,"enemies":"3 Louse","floor":10.0,"turns":3.0},{"damage":0.0,"enemies":"Lots of Slimes","floor":12.0,"turns":1.0},{"damage":34.0,"enemies":"Lagavulin","floor":13.0,"turns":5.0},{"damage":25.0,"enemies":"Slime Boss","floor":16.0,"turns":10.0},{"damage":14.0,"enemies":"Shell Parasite","floor":18.0,"turns":5.0},{"damage":17.0,"enemies":"2 Thieves","floor":19.0,"turns":3.0},{"damage":10.0,"enemies":"Centurion and Healer","floor":21.0,"turns":4.0},{"damage":16.0,"enemies":"Slavers","floor":23.0,"turns":5.0},{"damage":0.0,"enemies":"3 Cultists","floor":25.0,"turns":2.0},{"damage":0.0,"enemies":"Snake Plant","floor":27.0,"turns":6.0},{"damage":0.0,"enemies":"Gremlin Leader","floor":28.0,"turns":5.0},{"damage":1.0,"enemies":"Sentry and Sphere","floor":30.0,"turns":6.0},{"damage":8.0,"enemies":"Champ","floor":33.0,"turns":11.0},{"damage":8.0,"enemies":"3 Darklings","floor":35.0,"turns":3.0},{"damage":8.0,"enemies":"Orb Walker","floor":36.0,"turns":4.0},{"damage":14,"enemies":"4 Shapes","floor":39,"turns":2},{"damage":3,"enemies":"Reptomancer","floor":41,"turns":5},{"damage":32,"enemies":"Giant Head","floor":44,"turns":7},{"damage":18,"enemies":"Awakened One","floor":50,"turns":11}],"seed_played":"-3374528912465009645","potions_obtained":[{"floor":2.0,"key":"Block Potion"},{"floor":6.0,"key":"Swift Potion"},{"floor":10.0,"key":"BloodPotion"},{"floor":13.0,"key":"FearPotion"},{"floor":18.0,"key":"PowerPotion"},{"floor":23.0,"key":"Block Potion"},{"floor":28.0,"key":"SneckoOil"},{"floor":31.0,"key":"Ancient Potion"},{"floor":35.0,"key":"EntropicBrew"}],"is_trial":false,"path_per_floor":["M","M","M","M","?","E","?","R","T","M","R","M","E","?","R","B",null,"M","M","?","M","$","E","R","M","T","M","E","R","M","?","R","B",null,"M","M","$","?","M","R","E","T","T","E","?","$","R","$","R","B",null],"character_chosen":"IRONCLAD","items_purchased":["Disarm","Good Instincts","Paper Frog","Rage+1"],"campfire_rested":8,"item_purchase_floors":[22,22,37,46],"current_hp_per_floor":[55,56,62,44,44,14,14,36,36,35,57,63,35,35,35,16,60,59,48,48,44,44,34,56,62,62,68,74,75,75,75,75,73,75,73,71,71,57,49,71,74,81,81,55,55,55,79,79,82,78],"gold":44,"neow_bonus":"REMOVE_TWO","is_prod":false,"is_daily":false,"chose_seed":false,"campfire_upgraded":1,"win_rate":0,"timestamp":1560650085,"path_taken":["M","M","M","?","?","E","?","R","T","M","R","M","E","?","R","BOSS","M","M","?","M","$","E","R","M","T","M","E","R","M","?","R","BOSS","M","M","?","?","M","R","E","?","T","E","?","$","R","?","R","BOSS"],"build_version":"2019-01-23","purchased_purges":1,"victory":true,"max_hp_per_floor":[75,75,75,75,75,75,75,75,75,75,75,75,75,75,75,75,75,75,75,75,75,75,75,75,75,75,75,75,75,75,75,75,75,75,75,75,75,75,75,75,75,82,82,82,82,82,82,82,82,82],"card_choices":[{"not_picked":["Body Slam","Evolve"],"picked":"Hemokinesis","floor":1.0},{"not_picked":["Warcry","Body Slam"],"picked":"Whirlwind","floor":2.0},{"not_picked":["Thunderclap","Body Slam"],"picked":"Spot Weakness","floor":3.0},{"not_picked":["Clothesline","Hemokinesis","Inflame"],"picked":"SKIP","floor":4.0},{"not_picked":["Iron Wave","Bloodletting"],"picked":"Shrug It Off","floor":6.0},{"not_picked":["Clothesline","Iron Wave","Perfected Strike"],"picked":"SKIP","floor":10.0},{"not_picked":["Shrug It Off","Armaments"],"picked":"Thunderclap","floor":12.0},{"not_picked":["Havoc","Exhume"],"picked":"Armaments","floor":13.0},{"not_picked":["Dark Embrace","Brutality"],"picked":"Limit Break","floor":16.0},{"not_picked":["Wild Strike","Entrench","Carnage"],"picked":"SKIP","floor":18.0},{"not_picked":["Entrench","Sword Boomerang","Anger"],"picked":"SKIP","floor":19.0},{"not_picked":["Body Slam+1","Iron Wave","Intimidate"],"picked":"SKIP","floor":21.0},{"not_picked":["Rampage","Body Slam"],"picked":"Impervious","floor":23.0},{"not_picked":["Wild Strike","Thunderclap+1"],"picked":"True Grit","floor":25.0},{"not_picked":["True Grit","Wild Strike","Clash+1"],"picked":"SKIP","floor":27.0},{"not_picked":["Armaments","Corruption+1","Rupture"],"picked":"SKIP","floor":28.0},{"not_picked":["Flex","Shrug It Off"],"picked":"Shockwave","floor":30.0},{"not_picked":["Cleave","Carnage","Sentinel"],"picked":"SKIP","floor":35.0},{"not_picked":["Clothesline","Shrug It Off","Clash+1"],"picked":"SKIP","floor":36.0},{"not_picked":["Shrug It Off","Havoc+1","Flex"],"picked":"SKIP","floor":39},{"not_picked":["Anger","Brutality","True Grit"],"picked":"SKIP","floor":41},{"not_picked":["Flex+1","Headbutt","Perfected Strike"],"picked":"SKIP","floor":44}],"player_experience":1010453,"relics_obtained":[{"floor":6.0,"key":"Champion Belt"},{"floor":9.0,"key":"Ice Cream"},{"floor":13.0,"key":"Letter Opener"},{"floor":23.0,"key":"Kunai"},{"floor":26.0,"key":"Bag of Preparation"},{"floor":28.0,"key":"Bag of Marbles"},{"floor":41,"key":"Juzu Bracelet"},{"floor":42,"key":"Strawberry"},{"floor":43,"key":"Toxic Egg 2"},{"floor":44,"key":"PreservedInsect"}],"event_choices":[{"damage_healed":0.0,"max_hp_gain":0.0,"max_hp_loss":0.0,"gold_gain":0.0,"event_name":"Shining Light","player_choice":"Ignored","floor":5.0,"gold_loss":0.0,"damage_taken":0.0},{"cards_removed":["Strike_R"],"damage_healed":0.0,"max_hp_gain":0.0,"max_hp_loss":0.0,"gold_gain":0.0,"event_name":"The Cleric","player_choice":"Card Removal","floor":7.0,"gold_loss":75.0,"damage_taken":0.0},{"cards_removed":["Strike_R"],"damage_healed":0.0,"max_hp_gain":0.0,"max_hp_loss":0.0,"gold_gain":0.0,"event_name":"Living Wall","player_choice":"Forget","floor":14.0,"gold_loss":0.0,"damage_taken":0.0},{"damage_healed":0.0,"max_hp_gain":0.0,"max_hp_loss":0.0,"gold_gain":0.0,"event_name":"The Library","player_choice":"Read","floor":20.0,"gold_loss":0.0,"damage_taken":0.0,"cards_obtained":["Battle Trance"]},{"damage_healed":0.0,"max_hp_gain":0.0,"max_hp_loss":0.0,"gold_gain":0.0,"event_name":"The Woman in Blue","player_choice":"Bought 2 Potions","floor":31.0,"gold_loss":0.0,"damage_taken":0.0},{"damage_healed":0.0,"max_hp_gain":0.0,"max_hp_loss":0.0,"gold_gain":0.0,"event_name":"Winding Halls","player_choice":"Embrace Madness","floor":38.0,"gold_loss":0.0,"damage_taken":14.0,"cards_obtained":["Madness","Madness"]},{"damage_healed":0,"gold_gain":0,"player_choice":"Ignored","damage_taken":0,"max_hp_gain":0,"max_hp_loss":0,"event_name":"Mysterious Sphere","floor":45,"gold_loss":0}],"is_beta":false,"boss_relics":[{"not_picked":["White Beast Statue","Cursed Key"],"picked":"Fusion Hammer"},{"not_picked":["Runic Dome","Tiny House"],"picked":"Empty Cage"}],"items_purged_floors":[22],"is_endless":false,"potions_floor_spawned":[2,6,10,13,18,23,28,35,36,44],"ascension_level":15}