{"gold_per_floor":[109,122,140,140,140,140,474,474,499,499,532,546,104,129,129,255,255,278,302,302,302,316,371,371,402,473,473,499,530,550,561,561,659,659,674,684,684,684,784,816,834,466,489,489,519,531,569,681,693,705],"floor_reached":51,"playtime":3344,"items_purged":["Strike_G","Strike_G"],"score":1382,"play_id":"3adab1d5-5818-4179-be46-6e043fe90202","local_time":"20190604192945","is_ascension_mode":true,"campfire_choices":[{"data":"Neutralize","floor":6.0,"key":"SMITH"},{"floor":10.0,"key":"REST"},{"data":"Dagger Spray","floor":15.0,"key":"SMITH"},{"floor":24.0,"key":"REST"},{"floor":32.0,"key":"REST"},{"floor":49.0,"key":"REST"}],"neow_cost":"NONE","seed_source_timestamp":1268872162125300,"circlet_count":0,"master_deck":["AscendersBane","Defend_G","Defend_G","Defend_G","Defend_G","Defend_G","Strike_G","Strike_G","Survivor","Neutralize+1","Dagger Spray","Backflip","Dagger Spray+1","Footwork","Blur","Terror","Deflect","Finesse","Adrenaline","Deflect","A Thousand Cuts","Backflip+1","Dodge and Roll","Leg Sweep","After Image","Blade Dance","Madness","Madness","Infinite Blades","Noxious Fumes","Blade Dance+1","Adrenaline","Caltrops","Master of Strategy","PiercingWail+1"],"special_seed":0,"relics":["Ring of the Snake","Bloody Idol","Old Coin","Paper Crane","Art of War","Ancient Tea Set","Bronze Scales","Fusion Hammer","Pen Nib","Tiny Chest","Blue Candle","Ninja Scroll","Lantern","Happy Flower","WristBlade","Turnip","Shuriken","DollysMirror","Smiling Mask","MawBank","Juzu Bracelet"],"potions_floor_usage":[50],"damage_taken":[{"damage":0.0,"enemies":"Cultist","floor":1.0,"turns":5.0},{"damage":0.0,"enemies":"2 Louse","floor":2.0,"turns":3.0},{"damage":2.0,"enemies":"Jaw Worm","floor":3.0,"turns":6.0},{"damage":31.0,"enemies":"Gremlin Nob","floor":7.0,"turns":5.0},{"damage":6.0,"enemies":"3 Sentries","floor":11.0,"turns":5.0},{"damage":0.0,"enemies":"Blue Slaver","floor":12.0,"turns":6.0},{"damage":0.0,"enemies":"Red Slaver","floor":14.0,"turns":3.0},{"damage":27.0,"enemies":"Slime Boss","floor":16.0,"turns":11.0},{"damage":0.0,"enemies":"3 Byrds","floor":18.0,"turns":4.0},{"damage":0.0,"enemies":"2 Thieves","floor":19.0,"turns":3.0},{"damage":4.0,"enemies":"Cultist and Chosen","floor":22.0,"turns":10.0},{"damage":11.0,"enemies":"Book of Stabbing","floor":23.0,"turns":5.0},{"damage":0.0,"enemies":"Gremlin Leader","floor":25.0,"turns":5.0},{"damage":8.0,"enemies":"Book of Stabbing","floor":29.0,"turns":6.0},{"damage":0.0,"enemies":"Centurion and Healer","floor":30.0,"turns":6.0},{"damage":0.0,"enemies":"Snake Plant","floor":31.0,"turns":4.0},{"damage":39.0,"enemies":"Automaton","floor":33.0,"turns":14.0},{"damage":0.0,"enemies":"Orb Walker","floor":35.0,"turns":5.0},{"damage":11.0,"enemies":"3 Darklings","floor":36.0,"turns":5.0},{"damage":0.0,"enemies":"Mind Bloom Boss Battle","floor":39.0,"turns":7.0},{"damage":6.0,"enemies":"Giant Head","floor":40.0,"turns":8.0},{"damage":21.0,"enemies":"Sphere and 2 Shapes","floor":41.0,"turns":5.0},{"damage":7.0,"enemies":"Reptomancer","floor":45.0,"turns":5.0},{"damage":10.0,"enemies":"Giant Head","floor":47.0,"turns":7.0},{"damage":16,"enemies":"Donu and Deca","floor":50,"turns":9}],"seed_played":"3440126821945869656","potions_obtained":[{"floor":3.0,"key":"Strength Potion"},{"floor":7.0,"key":"PowerPotion"},{"floor":12.0,"key":"Energy Potion"},{"floor":19.0,"key":"Dexterity Potion"},{"floor":22.0,"key":"PowerPotion"},{"floor":25.0,"key":"GhostInAJar"},{"floor":33.0,"key":"Weak Potion"},{"floor":40.0,"key":"GhostInAJar"}],"is_trial":false,"path_per_floor":["M","M","M","?","?","R","E","T","T","R","E","M","$","M","R","B",null,"M","M","?","?","M","E","R","E","T","?","T","E","M","M","R","B",null,"M","M","?","?","?","E","M","$","T","?","E","?","E","?","R","B",null],"character_chosen":"THE_SILENT","items_purchased":["Deflect","Backstab","Bronze Scales","Finesse","DollysMirror","Caltrops"],"campfire_rested":4,"item_purchase_floors":[13,13,13,13,42,42],"current_hp_per_floor":[70,70,68,61,42,42,11,11,11,34,28,28,28,28,28,1,58,58,58,58,58,59,58,77,77,77,77,77,74,77,77,77,43,69,74,68,58,58,63,62,46,46,51,51,49,54,54,64,77,61],"gold":717,"neow_bonus":"TEN_PERCENT_HP_BONUS","is_prod":false,"is_daily":false,"chose_seed":false,"campfire_upgraded":2,"win_rate":0,"timestamp":1559690985,"path_taken":["M","M","M","?","?","R","E","?","T","R","E","M","?","M","R","BOSS","M","M","?","?","?","E","R","E","T","?","?","E","M","?","R","BOSS","M","M","?","?","?","E","M","$","T","?","E","?","E","?","R","BOSS"],"build_version":"2019-01-23","purchased_purges":2,"victory":true,"max_hp_per_floor":[77,77,77,77,77,77,77,77,77,77,77,77,77,77,77,77,77,77,77,77,77,77,77,77,77,77,77,77,77,77,77,77,77,77,77,77,77,77,77,77,77,77,77,77,77,77,77,77,77,77],"card_choices":[{"not_picked":["Dodge and Roll","Bane"],"picked":"Dagger Spray","floor":1.0},{"not_picked":["Eviscerate","Prepared"],"picked":"Backflip","floor":2.0},{"not_picked":["Catalyst","Blade Dance"],"picked":"Dagger Spray","floor":3.0},{"not_picked":["Backstab","Leg Sweep"],"picked":"Footwork","floor":7.0},{"not_picked":["Backflip","Bouncing Flask"],"picked":"Blur","floor":11.0},{"not_picked":["Choke","Bane"],"picked":"Terror","floor":12.0},{"not_picked":["Acrobatics","Dagger Throw","Expertise"],"picked":"SKIP","floor":14.0},{"not_picked":["Doppelganger","Tools of the Trade"],"picked":"Adrenaline","floor":16.0},{"not_picked":["Prepared","Sucker Punch","Underhanded Strike"],"picked":"SKIP","floor":18.0},{"not_picked":["Dash","Outmaneuver"],"picked":"Deflect","floor":19.0},{"not_picked":["Poisoned Stab","Predator+1"],"picked":"A Thousand Cuts","floor":22.0},{"not_picked":["Distraction","Dash"],"picked":"Backflip+1","floor":23.0},{"not_picked":["Prepared","Tactician+1","Deadly Poison"],"picked":"SKIP","floor":25.0},{"not_picked":["Poisoned Stab","Terror","Deflect"],"picked":"SKIP","floor":29.0},{"not_picked":["Cloak And Dagger","Blade Dance"],"picked":"Dodge and Roll","floor":30.0},{"not_picked":["Bane","Calculated Gamble"],"picked":"Leg Sweep","floor":31.0},{"not_picked":["Wraith Form v2","Unload"],"picked":"After Image","floor":33.0},{"not_picked":["Bane+1","Prepared"],"picked":"Blade Dance","floor":35.0},{"not_picked":["Flying Knee","Bane+1","Catalyst"],"picked":"SKIP","floor":36.0},{"not_picked":["Skewer","Underhanded Strike"],"picked":"Infinite Blades","floor":39.0},{"not_picked":["Backflip","Flechettes"],"picked":"Noxious Fumes","floor":40.0},{"not_picked":["Noxious Fumes","Quick Slash"],"picked":"Blade Dance+1","floor":41.0},{"not_picked":["Blind","HandOfGreed"],"picked":"Master of Strategy","floor":44.0},{"not_picked":["Masterful Stab","Deadly Poison"],"picked":"PiercingWail+1","floor":45.0},{"not_picked":["Dagger Spray","Flying Knee","Terror"],"picked":"SKIP","floor":47.0}],"player_experience":969476,"relics_obtained":[{"floor":7.0,"key":"Old Coin"},{"floor":8.0,"key":"Paper Crane"},{"floor":9.0,"key":"Art of War"},{"floor":11.0,"key":"Ancient Tea Set"},{"floor":23.0,"key":"Tiny Chest"},{"floor":25.0,"key":"Blue Candle"},{"floor":26.0,"key":"Ninja Scroll"},{"floor":28.0,"key":"Lantern"},{"floor":29.0,"key":"Happy Flower"},{"floor":39.0,"key":"Turnip"},{"floor":40.0,"key":"Shuriken"},{"floor":43.0,"key":"Smiling Mask"},{"floor":45.0,"key":"MawBank"},{"floor":47.0,"key":"Juzu Bracelet"}],"event_choices":[{"cards_removed":["Strike_G"],"damage_healed":0.0,"max_hp_gain":0.0,"max_hp_loss":0.0,"gold_gain":0.0,"event_name":"Golden Wing","player_choice":"Card Removal","floor":4.0,"gold_loss":0.0,"damage_taken":7.0},{"damage_healed":0.0,"max_hp_gain":0.0,"max_hp_loss":0.0,"gold_gain":0.0,"event_name":"Golden Idol","player_choice":"Take Damage","floor":5.0,"gold_loss":0.0,"damage_taken":19.0,"relics_obtained":["Golden Idol"]},{"damage_healed":0.0,"max_hp_gain":0.0,"max_hp_loss":0.0,"gold_gain":0.0,"event_name":"Forgotten Altar","player_choice":"Gave Idol","floor":20.0,"relics_lost":["Golden Idol"],"gold_loss":0.0,"damage_taken":0.0,"relics_obtained":["Bloody Idol"]},{"damage_healed":0.0,"max_hp_gain":0.0,"max_hp_loss":0.0,"gold_gain":0.0,"event_name":"WeMeetAgain","player_choice":"Gave Potion","floor":21.0,"gold_loss":0.0,"damage_taken":0.0,"relics_obtained":["Pen Nib"]},{"damage_healed":0.0,"max_hp_gain":0.0,"max_hp_loss":0.0,"gold_gain":0.0,"event_name":"Vampires","player_choice":"Ignored","floor":27.0,"gold_loss":0.0,"damage_taken":0.0},{"damage_healed":0.0,"max_hp_gain":0.0,"max_hp_loss":0.0,"gold_gain":0.0,"event_name":"Winding Halls","player_choice":"Embrace Madness","floor":37.0,"gold_loss":0.0,"damage_taken":10.0,"cards_obtained":["Madness","Madness"]},{"damage_healed":0.0,"max_hp_gain":0.0,"max_hp_loss":0.0,"gold_gain":0.0,"event_name":"Tomb of Lord Red Mask","player_choice":"Ignored","floor":38.0,"gold_loss":0.0,"damage_taken":0.0},{"damage_healed":0.0,"max_hp_gain":0.0,"max_hp_loss":0.0,"gold_gain":0.0,"event_name":"MindBloom","player_choice":"Fight","floor":39.0,"gold_loss":0.0,"damage_taken":0.0},{"damage_healed":0.0,"max_hp_gain":0.0,"max_hp_loss":0.0,"gold_gain":0.0,"event_name":"SensoryStone","player_choice":"Memory 1","floor":44.0,"gold_loss":0.0,"damage_taken":0.0},{"cards_removed":["Backstab"],"damage_healed":0.0,"max_hp_gain":0.0,"max_hp_loss":0.0,"gold_gain":0.0,"event_name":"Falling","player_choice":"Removed Attack","floor":46.0,"gold_loss":0.0,"damage_taken":0.0},{"damage_healed":0.0,"max_hp_gain":0.0,"max_hp_loss":0.0,"gold_gain":100.0,"event_name":"Golden Shrine","player_choice":"Pray","floor":48.0,"gold_loss":0.0,"damage_taken":0.0}],"is_beta":false,"boss_relics":[{"not_picked":["Pandora\u0027s Box","Black Star"],"picked":"Fusion Hammer"},{"not_picked":["Cursed Key","Sozu"],"picked":"WristBlade"}],"items_purged_floors":[13,42],"is_endless":false,"potions_floor_spawned":[3,7,12,19,22,25,33,39,40],"ascension_level":12}