{"gold_per_floor":[111,111,122,6,81,81,109,109,109,142,154,181,221,250,262,352,364,364,364,334,334,334,334,334,334,334,334,334,334,334,29,29,29],"floor_reached":33,"playtime":1350,"items_purged":[],"score":587,"play_id":"a827d4d8-a6f8-4900-a183-e88be14e7336","local_time":"20190719003136","is_ascension_mode":true,"campfire_choices":[{"data":"Carnage","floor":6.0,"key":"SMITH"},{"data":"Shockwave","floor":8.0,"key":"SMITH"},{"data":"Bash","floor":15.0,"key":"SMITH"},{"data":"J.A.X.","floor":23,"key":"SMITH"},{"floor":27,"key":"DIG"},{"floor":32,"key":"DIG"}],"neow_cost":"NONE","seed_source_timestamp":659297678370120,"circlet_count":0,"master_deck":["AscendersBane","Defend_R","Defend_R+1","Defend_R","Defend_R+1","Bash+1","Carnage+1","Shrug It Off","Shockwave+1","Shrug It Off","Headbutt","J.A.X.+1","Shockwave+1","Bite","Bite+1","Bite+1","Bite","Bite","Fiend Fire","Corruption","Battle Trance","Cleave"],"special_seed":0,"relics":["Busted Crown","Lantern","Kunai","MawBank","Meat on the Bone","Charon\u0027s Ashes","Ectoplasm","Red Mask","Shovel","War Paint","Bronze Scales","Boot","Whetstone","Gremlin Horn","Juzu Bracelet"],"potions_floor_usage":[24],"damage_taken":[{"damage":0.0,"enemies":"2 Louse","floor":1.0,"turns":3.0},{"damage":2.0,"enemies":"Jaw Worm","floor":3.0,"turns":3.0},{"damage":5.0,"enemies":"Gremlin Nob","floor":7.0,"turns":3.0},{"damage":3.0,"enemies":"Lagavulin","floor":10.0,"turns":5.0},{"damage":0.0,"enemies":"Cultist","floor":12.0,"turns":3.0},{"damage":27.0,"enemies":"Gremlin Nob","floor":13.0,"turns":4.0},{"damage":7.0,"enemies":"Exordium Thugs","floor":14.0,"turns":3.0},{"damage":7.0,"enemies":"Hexaghost","floor":16.0,"turns":11.0},{"damage":0,"enemies":"Chosen","floor":18,"turns":3},{"damage":17,"enemies":"Masked Bandits","floor":19,"turns":4},{"damage":0,"enemies":"2 Thieves","floor":20,"turns":3},{"damage":6,"enemies":"Sentry and Sphere","floor":22,"turns":4},{"damage":26,"enemies":"Book of Stabbing","floor":24,"turns":4},{"damage":27,"enemies":"Gremlin Leader","floor":28,"turns":4},{"damage":15,"enemies":"Cultist and Chosen","floor":29,"turns":5},{"damage":15,"enemies":"Slavers","floor":30,"turns":5},{"damage":48,"enemies":"Collector","floor":33,"turns":6}],"seed_played":"8628005509657526560","potions_obtained":[{"floor":1.0,"key":"Dexterity Potion"},{"floor":29,"key":"Block Potion"}],"is_trial":false,"path_per_floor":["M","?","M","$","?","R","E","R","T","E","T","M","E","M","R","B",null,"M","?","M","?","M","R","E","?","T","R","E","M","E","$","R","B"],"character_chosen":"IRONCLAD","items_purchased":["Shockwave","PowerPotion","Gremlin Horn","Cleave"],"campfire_rested":0,"item_purchase_floors":[4,4,31,31],"current_hp_per_floor":[68,61,59,59,48,48,43,43,43,40,40,40,25,30,30,35,65,65,48,48,48,42,42,28,28,28,28,23,30,27,27,27,0],"gold":29,"neow_bonus":"BOSS_RELIC","is_prod":false,"is_daily":false,"chose_seed":false,"campfire_upgraded":4,"win_rate":0,"timestamp":1563489096,"path_taken":["M","?","M","$","?","R","E","R","T","E","?","M","E","?","R","BOSS","M","?","M","?","M","R","E","?","T","R","E","M","E","?","R","BOSS"],"build_version":"2019-07-17","purchased_purges":0,"victory":false,"max_hp_per_floor":[75,75,75,75,75,75,75,75,75,75,75,75,75,75,75,75,75,75,75,75,75,75,75,75,52,52,52,52,52,52,52,52,52],"card_choices":[{"not_picked":[],"picked":"Carnage","floor":1.0},{"not_picked":[],"picked":"Shrug It Off","floor":3.0},{"not_picked":["Clothesline"],"picked":"SKIP","floor":7.0},{"not_picked":["Flex"],"picked":"SKIP","floor":10.0},{"not_picked":[],"picked":"Shrug It Off","floor":12.0},{"not_picked":["Body Slam"],"picked":"SKIP","floor":13.0},{"not_picked":[],"picked":"Headbutt","floor":14.0},{"not_picked":["Sword Boomerang"],"picked":"SKIP","floor":18},{"not_picked":["Power Through"],"picked":"SKIP","floor":20},{"not_picked":[],"picked":"Shockwave+1","floor":22},{"not_picked":["Intimidate"],"picked":"SKIP","floor":24},{"not_picked":[],"picked":"Fiend Fire","floor":28},{"not_picked":[],"picked":"Corruption","floor":29},{"not_picked":[],"picked":"Battle Trance","floor":30}],"player_experience":653190,"relics_obtained":[{"floor":7.0,"key":"Lantern"},{"floor":9.0,"key":"Kunai"},{"floor":10.0,"key":"MawBank"},{"floor":11.0,"key":"Meat on the Bone"},{"floor":13.0,"key":"Charon\u0027s Ashes"},{"floor":19,"key":"Red Mask"},{"floor":24,"key":"Shovel"},{"floor":26,"key":"War Paint"},{"floor":27,"key":"Bronze Scales"},{"floor":28,"key":"Boot"},{"floor":30,"key":"Whetstone"},{"floor":32,"key":"Juzu Bracelet"}],"event_choices":[{"cards_removed":["Strike_R"],"damage_healed":0.0,"max_hp_gain":0.0,"max_hp_loss":0.0,"gold_gain":0.0,"event_name":"Golden Wing","player_choice":"Card Removal","floor":2.0,"gold_loss":0.0,"damage_taken":7.0},{"damage_healed":0.0,"max_hp_gain":0.0,"max_hp_loss":0.0,"gold_gain":75.0,"event_name":"World of Goop","player_choice":"Gather Gold","floor":5.0,"gold_loss":0.0,"damage_taken":11.0},{"damage_healed":0,"gold_gain":0,"player_choice":"Fought Bandits","damage_taken":0,"max_hp_gain":0,"max_hp_loss":0,"event_name":"Masked Bandits","floor":19,"gold_loss":0},{"damage_healed":0,"gold_gain":0,"player_choice":"Obtain J.A.X.","damage_taken":0,"max_hp_gain":0,"max_hp_loss":0,"event_name":"Drug Dealer","floor":21,"gold_loss":0,"cards_obtained":["J.A.X."]},{"damage_healed":0,"gold_gain":0,"player_choice":"Became a vampire","damage_taken":0,"max_hp_gain":0,"max_hp_loss":23,"event_name":"Vampires","floor":25,"gold_loss":0,"cards_obtained":["Bite","Bite","Bite","Bite","Bite"]}],"is_beta":false,"boss_relics":[{"not_picked":["Pandora\u0027s Box","Velvet Choker"],"picked":"Ectoplasm"}],"items_purged_floors":[],"is_endless":false,"potions_floor_spawned":[1,7,13,18,20,22,29],"killed_by":"Collector","ascension_level":15}