{"gold_per_floor":[111,36,36,52,52,5,31,43,43,72,72,72,102,132,132,208,208,226,239,239,258,270,270],"floor_reached":23,"playtime":1304,"items_purged":[],"score":410,"play_id":"ff1b8436-9a92-4afa-b760-50886cb262a8","local_time":"20190612163713","is_ascension_mode":true,"campfire_choices":[{"floor":12,"key":"REST"},{"data":"Rip and Tear","floor":15,"key":"SMITH"}],"neow_cost":"NONE","seed_source_timestamp":1570180681483,"circlet_count":0,"master_deck":["AscendersBane","Strike_B","Strike_B","Defend_B","Defend_B","Defend_B","Defend_B","Zap","Dualcast+1","Coolheaded","Gash","Compile Driver+1","Coolheaded","Conserve Battery","Genetic Algorithm","Static Discharge","Gash","Rip and Tear+1","Machine Learning","Conserve Battery","Gash+1"],"relics":["Cracked Core","NeowsBlessing","Pantograph","PreservedInsect","Art of War","Strawberry","Odd Mushroom","Sozu","CultistMask"],"potions_floor_usage":[10,14],"damage_taken":[{"damage":0,"enemies":"Jaw Worm","floor":1,"turns":1},{"damage":0,"enemies":"Cultist","floor":4,"turns":1},{"damage":0,"enemies":"Lagavulin","floor":7,"turns":1},{"damage":3,"enemies":"Small Slimes","floor":8,"turns":3},{"damage":15,"enemies":"3 Sentries","floor":10,"turns":9},{"damage":12,"enemies":"Lagavulin","floor":13,"turns":6},{"damage":7,"enemies":"The Mushroom Lair","floor":14,"turns":5},{"damage":28,"enemies":"Hexaghost","floor":16,"turns":9},{"damage":14,"enemies":"2 Thieves","floor":18,"turns":4},{"damage":7,"enemies":"Spheric Guardian","floor":19,"turns":4},{"damage":20,"enemies":"Centurion and Healer","floor":21,"turns":7},{"damage":6,"enemies":"Chosen and Byrds","floor":22,"turns":8},{"damage":19,"enemies":"Slavers","floor":23,"turns":2}],"seed_played":"6795697303070557314","potions_obtained":[{"floor":4,"key":"PowerPotion"},{"floor":8,"key":"GamblersBrew"},{"floor":10,"key":"AttackPotion"},{"floor":14,"key":"GamblersBrew"},{"floor":16,"key":"Ancient Potion"}],"is_trial":false,"path_per_floor":["M","?","?","M","?","$","E","M","T","E","?","R","E","?","R","B",null,"M","M","?","M","M","E"],"character_chosen":"DEFECT","items_purchased":["Coolheaded"],"campfire_rested":1,"item_purchase_floors":[6],"current_hp_per_floor":[64,64,64,64,43,43,43,40,40,25,25,46,41,34,34,31,66,52,45,45,25,19,0],"gold":270,"neow_bonus":"THREE_ENEMY_KILL","is_prod":false,"is_daily":false,"chose_seed":false,"campfire_upgraded":1,"win_rate":0,"timestamp":1560350233,"path_taken":["M","?","?","?","?","?","E","M","T","E","?","R","E","?","R","BOSS","M","M","?","?","M","E"],"build_version":"2019-01-23","purchased_purges":0,"victory":false,"max_hp_per_floor":[71,71,71,71,71,71,71,71,71,71,71,71,78,78,78,78,78,78,78,78,78,78,78],"card_choices":[{"not_picked":["Conserve Battery","BootSequence"],"picked":"Coolheaded","floor":1},{"not_picked":["Steam","Force Field"],"picked":"Compile Driver","floor":4},{"not_picked":["Recycle","Reprogram"],"picked":"Conserve Battery","floor":7},{"not_picked":["Turbo","Barrage"],"picked":"Genetic Algorithm","floor":8},{"not_picked":["Blizzard","Streamline"],"picked":"Static Discharge","floor":10},{"not_picked":["Storm","Streamline"],"picked":"Gash","floor":13},{"not_picked":["Barrage","Recycle"],"picked":"Rip and Tear","floor":14},{"not_picked":["Amplify","Multi-Cast"],"picked":"Machine Learning","floor":16},{"not_picked":["Stack","Rip and Tear","Auto Shields"],"picked":"SKIP","floor":18},{"not_picked":["Auto Shields","Hello World","Force Field"],"picked":"SKIP","floor":19},{"not_picked":["Barrage+1","Doom and Gloom"],"picked":"Conserve Battery","floor":21},{"not_picked":["Auto Shields","Conserve Battery+1"],"picked":"Gash+1","floor":22}],"player_experience":519057,"relics_obtained":[{"floor":7,"key":"Pantograph"},{"floor":9,"key":"PreservedInsect"},{"floor":10,"key":"Art of War"},{"floor":13,"key":"Strawberry"},{"floor":14,"key":"Odd Mushroom"}],"event_choices":[{"cards_removed":["Strike_B"],"damage_healed":0,"gold_gain":0,"player_choice":"Card Removal","damage_taken":0,"max_hp_gain":0,"max_hp_loss":0,"event_name":"The Cleric","floor":2,"gold_loss":75},{"damage_healed":0,"gold_gain":0,"cards_transformed":["Strike_B"],"player_choice":"Transformed","damage_taken":0,"max_hp_gain":0,"max_hp_loss":0,"event_name":"Transmorgrifier","floor":3,"gold_loss":0,"cards_obtained":["Gash"]},{"damage_healed":0,"gold_gain":0,"player_choice":"Entered Light","damage_taken":21,"max_hp_gain":0,"max_hp_loss":0,"event_name":"Shining Light","floor":5,"gold_loss":0,"cards_upgraded":["Compile Driver","Dualcast"]},{"damage_healed":0,"gold_gain":0,"player_choice":"Ignored","damage_taken":0,"max_hp_gain":0,"max_hp_loss":0,"event_name":"Liars Game","floor":11,"gold_loss":0},{"damage_healed":0,"gold_gain":0,"player_choice":"Fought Mushrooms","damage_taken":0,"max_hp_gain":0,"max_hp_loss":0,"event_name":"Mushrooms","floor":14,"gold_loss":0},{"damage_healed":0,"gold_gain":0,"player_choice":"Trade","damage_taken":0,"relics_obtained":["CultistMask"],"max_hp_gain":0,"max_hp_loss":0,"event_name":"FaceTrader","floor":20,"gold_loss":0}],"is_beta":false,"boss_relics":[{"not_picked":["Philosopher\u0027s Stone","Nuclear Battery"],"picked":"Sozu"}],"items_purged_floors":[],"is_endless":false,"potions_floor_spawned":[4,8,10,14,16,18],"killed_by":"Slavers","ascension_level":15}