{"gold_per_floor":[118,137,137,156,156,156,188,188,269,286,318,318,318,338,338,439,439,456,481,481,481,492,523,523,538,561,579,379,379,304,219,219,318,318,333,555,573,648,664,692,706,706,706,706,721,740,772,772,772,772,772,772,371,399,399],"floor_reached":56,"playtime":3408,"items_purged":["Strike_R","Defend_R"],"score":1335,"play_id":"6efa7270-2911-4cbc-84f7-874bdaa9767d","local_time":"20190804231722","is_ascension_mode":false,"campfire_choices":[{"data":"Bash","floor":6.0,"key":"SMITH"},{"data":"Rage","floor":13.0,"key":"SMITH"},{"data":"Spot Weakness","floor":15.0,"key":"SMITH"},{"data":"Body Slam","floor":24.0,"key":"SMITH"},{"data":"Barricade","floor":29.0,"key":"SMITH"},{"data":"Battle Trance","floor":32.0,"key":"SMITH"},{"data":"Strike_R","floor":42.0,"key":"PURGE"},{"floor":44.0,"key":"RECALL"},{"data":"Rupture","floor":49.0,"key":"SMITH"},{"data":"Defend_R","floor":52.0,"key":"PURGE"}],"neow_cost":"NONE","seed_source_timestamp":1137800686780567,"circlet_count":0,"master_deck":["Defend_R+1","Defend_R+1","Bash+1","Pummel","Spot Weakness+1","Ghostly Armor+1","Combust","Rage+1","Pummel","Pommel Strike","Barricade+1","True Grit+1","Seeing Red","RitualDagger","Body Slam+1","Bloodletting+1","Flash of Steel","Battle Trance+1","Reaper","Disarm+1","Dual Wield+1","Shrug It Off+1","Rupture+1","Panacea","Inflame","True Grit+1"],"special_seed":0,"relics":["Burning Blood","Ancient Tea Set","Pear","Peace Pipe","Art of War","Runic Cube","Red Mask","Nilry\u0027s Codex","Anchor","War Paint","Bag of Preparation","Sozu","Shovel","Dream Catcher","Bag of Marbles","Letter Opener"],"potions_floor_usage":[],"damage_taken":[{"damage":10.0,"enemies":"Small Slimes","floor":1.0,"turns":4.0},{"damage":8.0,"enemies":"Jaw Worm","floor":2.0,"turns":4.0},{"damage":0.0,"enemies":"2 Louse","floor":4.0,"turns":4.0},{"damage":19.0,"enemies":"Lagavulin","floor":7.0,"turns":6.0},{"damage":1.0,"enemies":"2 Fungi Beasts","floor":10.0,"turns":4.0},{"damage":17.0,"enemies":"Gremlin Nob","floor":11.0,"turns":4.0},{"damage":0.0,"enemies":"Exordium Thugs","floor":14.0,"turns":7.0},{"damage":22.0,"enemies":"The Guardian","floor":16.0,"turns":9.0},{"damage":8.0,"enemies":"Shell Parasite","floor":18.0,"turns":4.0},{"damage":7.0,"enemies":"Masked Bandits","floor":19.0,"turns":3.0},{"damage":8.0,"enemies":"Chosen","floor":22.0,"turns":5.0},{"damage":18.0,"enemies":"Book of Stabbing","floor":23.0,"turns":4.0},{"damage":13.0,"enemies":"Centurion and Healer","floor":25.0,"turns":13.0},{"damage":9.0,"enemies":"Chosen and Byrds","floor":27.0,"turns":7.0},{"damage":46.0,"enemies":"Automaton","floor":33.0,"turns":8.0},{"damage":16.0,"enemies":"3 Darklings","floor":35.0,"turns":6.0},{"damage":4.0,"enemies":"Orb Walker","floor":37.0,"turns":2.0},{"damage":11.0,"enemies":"4 Shapes","floor":39.0,"turns":5.0},{"damage":20.0,"enemies":"Giant Head","floor":40.0,"turns":6.0},{"damage":18.0,"enemies":"Jaw Worm Horde","floor":41.0,"turns":5.0},{"damage":3.0,"enemies":"Sphere and 2 Shapes","floor":45.0,"turns":4.0},{"damage":10.0,"enemies":"3 Darklings","floor":46.0,"turns":7.0},{"damage":5.0,"enemies":"Nemesis","floor":47.0,"turns":5.0},{"damage":39.0,"enemies":"Awakened One","floor":50.0,"turns":8.0},{"damage":9,"enemies":"Shield and Spear","floor":54,"turns":5},{"damage":51,"enemies":"The Heart","floor":55,"turns":6}],"seed_played":"-8625160607195970807","potions_obtained":[{"floor":1.0,"key":"Swift Potion"},{"floor":4.0,"key":"SneckoOil"},{"floor":7.0,"key":"EssenceOfSteel"},{"floor":14.0,"key":"Swift Potion"},{"floor":16.0,"key":"EntropicBrew"},{"floor":22.0,"key":"BloodPotion"},{"floor":23.0,"key":"Block Potion"}],"is_trial":false,"path_per_floor":["M","M","?","M","?","R","E","?","T","M","E","?","R","M","R","B",null,"M","?","?","?","M","E","R","M","T","M","$","R","?","?","R","B",null,"M","?","M","?","M","E","M","R","T","R","M","M","E","?","R","B",null,"R","$","E","B",null],"character_chosen":"IRONCLAD","items_purchased":["Flash of Steel","Battle Trance","Panacea","Bag of Marbles","Inflame"],"campfire_rested":0,"item_purchase_floors":[28,28,53,53,53],"current_hp_per_floor":[76,74,79,85,68,68,55,55,65,70,59,41,41,47,47,31,95,93,92,86,70,68,56,56,49,49,46,46,46,46,46,46,29,95,89,89,91,82,93,84,73,73,73,73,84,91,92,92,92,95,95,95,95,92,86],"gold":399,"neow_bonus":"REMOVE_CARD","is_prod":false,"is_daily":false,"chose_seed":false,"campfire_upgraded":7,"win_rate":0,"timestamp":1564975042,"path_taken":["M","M","?","M","?","R","E","?","T","M","E","?","R","?","R","BOSS","M","?","?","?","M","E","R","M","T","?","$","R","?","?","R","BOSS","M","?","M","?","M","E","M","R","T","R","?","M","E","?","R","BOSS","R","$","E","BOSS"],"build_version":"2019-07-17","purchased_purges":2,"victory":true,"max_hp_per_floor":[80,80,85,85,85,85,85,85,95,95,95,95,95,95,95,95,95,95,95,95,95,95,95,95,95,95,95,95,95,95,95,95,95,95,95,95,95,95,95,95,95,95,95,95,95,95,95,95,95,95,95,95,95,95,95],"card_choices":[{"not_picked":["Sever Soul","Flex"],"picked":"Pummel","floor":1.0},{"not_picked":["Sentinel","Pummel"],"picked":"Spot Weakness","floor":2.0},{"not_picked":["Warcry","True Grit"],"picked":"Ghostly Armor","floor":4.0},{"not_picked":["Armaments","Rupture"],"picked":"Combust","floor":7.0},{"not_picked":["Warcry","Armaments"],"picked":"Rage","floor":10.0},{"not_picked":["Flex","Clothesline"],"picked":"Pummel","floor":11.0},{"not_picked":["Wild Strike","Evolve"],"picked":"Pommel Strike","floor":14.0},{"not_picked":["Demon Form","Berserk"],"picked":"Barricade","floor":16.0},{"not_picked":["Dropkick","Whirlwind"],"picked":"True Grit+1","floor":18.0},{"not_picked":["Ghostly Armor","Rage"],"picked":"Seeing Red","floor":19.0},{"not_picked":["Armaments","Heavy Blade"],"picked":"Body Slam","floor":22.0},{"not_picked":["Sentinel+1","Headbutt"],"picked":"Bloodletting","floor":23.0},{"not_picked":["Infernal Blade","Evolve","Reckless Charge"],"picked":"SKIP","floor":25.0},{"not_picked":["Anger","Dual Wield","Clothesline"],"picked":"SKIP","floor":27.0},{"not_picked":["Demon Form","Juggernaut"],"picked":"Reaper","floor":33.0},{"not_picked":["Uppercut+1","Clash"],"picked":"Disarm+1","floor":35.0},{"not_picked":["Pommel Strike+1","Seeing Red","Iron Wave"],"picked":"SKIP","floor":37.0},{"not_picked":["Pommel Strike+1","True Grit+1","Flex+1"],"picked":"SKIP","floor":39.0},{"not_picked":["Double Tap","Shockwave+1"],"picked":"Dual Wield+1","floor":40.0},{"not_picked":["Evolve+1","Thunderclap+1","Anger+1"],"picked":"SKIP","floor":41.0},{"not_picked":["Anger+1","Armaments","Heavy Blade"],"picked":"SKIP","floor":45.0},{"not_picked":["Battle Trance","Body Slam+1"],"picked":"Shrug It Off+1","floor":46.0},{"not_picked":["Infernal Blade","Second Wind+1"],"picked":"Rupture","floor":47.0},{"not_picked":["Headbutt","Dark Embrace"],"picked":"True Grit+1","floor":54}],"player_experience":1209719,"relics_obtained":[{"floor":7.0,"key":"Ancient Tea Set"},{"floor":9.0,"key":"Pear"},{"floor":11.0,"key":"Peace Pipe"},{"floor":19.0,"key":"Red Mask"},{"floor":21.0,"key":"Nilry\u0027s Codex"},{"floor":23.0,"key":"Anchor"},{"floor":26.0,"key":"War Paint"},{"floor":40.0,"key":"Shovel"},{"floor":47.0,"key":"Dream Catcher"},{"floor":54,"key":"Letter Opener"}],"event_choices":[{"damage_healed":0.0,"max_hp_gain":5.0,"max_hp_loss":0.0,"gold_gain":0.0,"event_name":"Big Fish","player_choice":"Donut","floor":3.0,"gold_loss":0.0,"damage_taken":0.0},{"damage_healed":0.0,"max_hp_gain":0.0,"max_hp_loss":0.0,"gold_gain":0.0,"event_name":"Shining Light","player_choice":"Entered Light","floor":5.0,"gold_loss":0.0,"damage_taken":17.0,"cards_upgraded":["Defend_R","Defend_R"]},{"cards_removed":["Strike_R"],"damage_healed":0.0,"max_hp_gain":0.0,"max_hp_loss":0.0,"gold_gain":0.0,"event_name":"Living Wall","player_choice":"Forget","floor":8.0,"gold_loss":0.0,"damage_taken":0.0},{"damage_healed":0.0,"max_hp_gain":0.0,"max_hp_loss":0.0,"gold_gain":0.0,"event_name":"Scrap Ooze","player_choice":"Success","floor":12.0,"gold_loss":0.0,"damage_taken":18.0,"relics_obtained":["Art of War"]},{"damage_healed":0.0,"max_hp_gain":0.0,"max_hp_loss":0.0,"gold_gain":0.0,"event_name":"Masked Bandits","player_choice":"Fought Bandits","floor":19.0,"gold_loss":0.0,"damage_taken":0.0},{"damage_healed":0.0,"max_hp_gain":0.0,"max_hp_loss":0.0,"gold_gain":0.0,"event_name":"Nest","player_choice":"Joined the Cult","floor":20.0,"gold_loss":0.0,"damage_taken":6.0,"cards_obtained":["RitualDagger"]},{"damage_healed":0.0,"max_hp_gain":0.0,"max_hp_loss":0.0,"gold_gain":0.0,"event_name":"Cursed Tome","player_choice":"Obtained Book","floor":21.0,"gold_loss":0.0,"damage_taken":16.0},{"cards_removed":["Strike_R"],"damage_healed":0.0,"max_hp_gain":0.0,"max_hp_loss":0.0,"gold_gain":0.0,"event_name":"Beggar","player_choice":"Gave Gold","floor":30.0,"gold_loss":75.0,"damage_taken":0.0},{"damage_healed":0.0,"max_hp_gain":0.0,"max_hp_loss":0.0,"gold_gain":0.0,"event_name":"Addict","player_choice":"Obtained Relic","floor":31.0,"gold_loss":85.0,"damage_taken":0.0,"relics_obtained":["Bag of Preparation"]},{"damage_healed":0.0,"max_hp_gain":0.0,"max_hp_loss":0.0,"gold_gain":222.0,"event_name":"Tomb of Lord Red Mask","player_choice":"Wore Mask","floor":36.0,"gold_loss":0.0,"damage_taken":0.0},{"damage_healed":0.0,"max_hp_gain":0.0,"max_hp_loss":0.0,"gold_gain":75.0,"event_name":"FaceTrader","player_choice":"Touch","floor":38.0,"gold_loss":0.0,"damage_taken":9.0},{"damage_healed":0.0,"max_hp_gain":0.0,"max_hp_loss":0.0,"gold_gain":0.0,"event_name":"Mysterious Sphere","player_choice":"Ignored","floor":48.0,"gold_loss":0.0,"damage_taken":0.0}],"is_beta":false,"boss_relics":[{"not_picked":["Orrery","Lizard Tail"],"picked":"Runic Cube"},{"not_picked":["Tiny House","Calling Bell"],"picked":"Sozu"}],"items_purged_floors":[28,53],"is_endless":false,"potions_floor_spawned":[1,4,7,14,16,22,23,27,40,45],"ascension_level":0}