{"gold_per_floor":[117,117,117,131,142,142,167,184,208,221,240,268,268,218,218,314,314,333,333,23,42,42,42,42,75,75,113,142,154,184,210,222,330,342,367,391,418,137,157,157,189,189,243,243,243,257,257,257,257,257],"floor_reached":50,"playtime":1917,"items_purged":["Strike_R"],"score":597,"play_id":"7257e768-e23f-4ef4-af44-2f2cb0b18b4b","local_time":"20190927221959","is_ascension_mode":false,"campfire_choices":[{"data":"True Grit","floor":6,"key":"SMITH"},{"data":"Rampage","floor":13,"key":"SMITH"},{"data":"Evolve","floor":15,"key":"SMITH"},{"data":"1","floor":23,"key":"LIFT"},{"data":"2","floor":29,"key":"LIFT"},{"data":"3","floor":32,"key":"LIFT"},{"data":"Heavy Blade","floor":40,"key":"SMITH"},{"data":"Limit Break","floor":42,"key":"SMITH"},{"floor":44,"key":"RECALL"},{"data":"Defend_R","floor":49,"key":"SMITH"}],"neow_cost":"CURSE","seed_source_timestamp":1194285412501728,"circlet_count":0,"master_deck":["Strike_R","Strike_R","Strike_R","Strike_R","Defend_R+1","Defend_R","Defend_R","Defend_R+1","Bash+1","Wild Strike","True Grit+1","Headbutt","Rampage+1","Evolve+1","Seeing Red","Immolate","RitualDagger","Necronomicurse","Headbutt","Limit Break+1","Heavy Blade+1","Shame"],"relics":["Burning Blood","Dream Catcher","Happy Flower","Bag of Preparation","Busted Crown","Girya","Necronomicon","Pantograph","MawBank","Centennial Puzzle","Cursed Key","Art of War"],"potions_floor_usage":[25,37,41,50],"damage_taken":[{"damage":11,"enemies":"2 Louse","floor":1,"turns":4},{"damage":5,"enemies":"Jaw Worm","floor":4,"turns":3},{"damage":0,"enemies":"Small Slimes","floor":5,"turns":2},{"damage":49,"enemies":"Lagavulin","floor":7,"turns":10},{"damage":1,"enemies":"Exordium Wildlife","floor":8,"turns":6},{"damage":3,"enemies":"Looter","floor":10,"turns":3},{"damage":4,"enemies":"Blue Slaver","floor":11,"turns":4},{"damage":15,"enemies":"3 Sentries","floor":12,"turns":7},{"damage":18,"enemies":"Slime Boss","floor":16,"turns":7},{"damage":2,"enemies":"Chosen","floor":18,"turns":4},{"damage":16,"enemies":"Shell Parasite","floor":21,"turns":8},{"damage":10,"enemies":"Gremlin Leader","floor":25,"turns":5},{"damage":23,"enemies":"Slavers","floor":27,"turns":4},{"damage":0,"enemies":"Snecko","floor":28,"turns":2},{"damage":0,"enemies":"Chosen and Byrds","floor":30,"turns":4},{"damage":0,"enemies":"3 Cultists","floor":31,"turns":2},{"damage":59,"enemies":"Champ","floor":33,"turns":7},{"damage":4,"enemies":"3 Shapes","floor":35,"turns":4},{"damage":13,"enemies":"3 Darklings","floor":36,"turns":3},{"damage":18,"enemies":"Spire Growth","floor":37,"turns":3},{"damage":24,"enemies":"Maw","floor":39,"turns":5},{"damage":0,"enemies":"Nemesis","floor":41,"turns":1},{"damage":9,"enemies":"Sphere and 2 Shapes","floor":46,"turns":11},{"damage":89,"enemies":"Time Eater","floor":50,"turns":6}],"seed_played":"-733717292942296472","potions_obtained":[{"floor":4,"key":"Swift Potion"},{"floor":5,"key":"SteroidPotion"},{"floor":8,"key":"Block Potion"},{"floor":16,"key":"Ancient Potion"},{"floor":27,"key":"SneckoOil"},{"floor":30,"key":"Swift Potion"},{"floor":39,"key":"SteroidPotion"},{"floor":46,"key":"EssenceOfSteel"}],"is_trial":false,"path_per_floor":["M","?","?","M","M","R","E","M","T","M","M","E","R","?","R","B",null,"M","?","$","M","?","R","?","E","T","E","M","R","M","M","R","B",null,"M","M","M","$","M","R","E","R","T","R","?","M","?","?","R","B"],"character_chosen":"IRONCLAD","items_purchased":["Girya","Limit Break","Heavy Blade"],"campfire_rested":0,"item_purchase_floors":[20,38,38],"current_hp_per_floor":[91,72,72,73,79,79,36,41,41,44,46,37,37,37,37,25,96,96,90,90,80,80,80,64,60,60,43,49,49,55,61,61,33,96,96,89,77,77,59,59,65,65,65,65,65,62,62,62,62,0],"gold":257,"neow_bonus":"TWENTY_PERCENT_HP_BONUS","is_prod":false,"is_daily":false,"chose_seed":false,"campfire_upgraded":6,"win_rate":0,"timestamp":1569637199,"path_taken":["M","?","?","?","M","R","E","M","T","M","M","E","R","?","R","BOSS","M","?","$","M","?","R","?","E","T","E","M","R","M","M","R","BOSS","M","M","M","$","M","R","E","R","T","R","?","M","?","?","R","BOSS"],"build_version":"2019-07-17","purchased_purges":1,"victory":false,"max_hp_per_floor":[96,96,96,96,96,96,96,96,96,96,96,96,96,96,96,96,96,96,96,96,96,96,96,96,96,96,96,96,96,96,96,96,96,96,96,96,96,96,96,96,96,96,96,96,96,96,96,96,96,96],"card_choices":[{"not_picked":["True Grit","Rupture"],"picked":"Wild Strike","floor":1},{"not_picked":["Perfected Strike","Metallicize"],"picked":"True Grit","floor":4},{"not_picked":["Warcry","Flex"],"picked":"Metallicize","floor":5},{"not_picked":["Body Slam","Clash"],"picked":"Headbutt","floor":7},{"not_picked":["Perfected Strike","Anger"],"picked":"Rampage","floor":8},{"not_picked":["Burning Pact","Dark Embrace"],"picked":"Evolve","floor":10},{"not_picked":["Rupture","Clash","Flex"],"picked":"SKIP","floor":11},{"not_picked":["Bloodletting","Thunderclap"],"picked":"Seeing Red","floor":12},{"not_picked":["Exhume","Reaper"],"picked":"Immolate","floor":16},{"not_picked":["True Grit"],"picked":"SKIP","floor":18},{"not_picked":["Seeing Red"],"picked":"SKIP","floor":21},{"not_picked":["Evolve"],"picked":"SKIP","floor":25},{"not_picked":["Anger"],"picked":"SKIP","floor":27},{"not_picked":[],"picked":"Headbutt","floor":28},{"not_picked":["Iron Wave"],"picked":"SKIP","floor":30},{"not_picked":["Burning Pact+1"],"picked":"SKIP","floor":31},{"not_picked":["Wild Strike+1"],"picked":"SKIP","floor":35},{"not_picked":["Iron Wave+1"],"picked":"SKIP","floor":36},{"not_picked":["Thunderclap+1"],"picked":"SKIP","floor":37},{"not_picked":["Blood for Blood+1"],"picked":"SKIP","floor":39},{"not_picked":["Thunderclap+1"],"picked":"SKIP","floor":41},{"not_picked":["Headbutt"],"picked":"SKIP","floor":46}],"player_experience":1321806,"relics_obtained":[{"floor":7,"key":"Dream Catcher"},{"floor":9,"key":"Happy Flower"},{"floor":12,"key":"Bag of Preparation"},{"floor":24,"key":"Necronomicon"},{"floor":25,"key":"Pantograph"},{"floor":26,"key":"MawBank"},{"floor":27,"key":"Centennial Puzzle"},{"floor":41,"key":"Art of War"}],"event_choices":[{"damage_healed":0,"gold_gain":0,"player_choice":"Entered Light","damage_taken":19,"max_hp_gain":0,"max_hp_loss":0,"event_name":"Shining Light","floor":2,"gold_loss":0,"cards_upgraded":["Bash","Defend_R"]},{"damage_healed":0,"gold_gain":0,"player_choice":"Ignored","damage_taken":0,"max_hp_gain":0,"max_hp_loss":0,"event_name":"Liars Game","floor":3,"gold_loss":0},{"cards_removed":["Regret"],"damage_healed":0,"gold_gain":0,"player_choice":"Card Removal","damage_taken":0,"max_hp_gain":0,"max_hp_loss":0,"event_name":"The Cleric","floor":14,"gold_loss":50},{"damage_healed":0,"gold_gain":0,"player_choice":"Joined the Cult","damage_taken":6,"max_hp_gain":0,"max_hp_loss":0,"event_name":"Nest","floor":19,"gold_loss":0,"cards_obtained":["RitualDagger"]},{"damage_healed":0,"gold_gain":0,"player_choice":"Ignored","damage_taken":0,"max_hp_gain":0,"max_hp_loss":0,"event_name":"Ghosts","floor":22,"gold_loss":0},{"damage_healed":0,"gold_gain":0,"player_choice":"Obtained Book","damage_taken":16,"max_hp_gain":0,"max_hp_loss":0,"event_name":"Cursed Tome","floor":24,"gold_loss":0},{"damage_healed":0,"gold_gain":0,"player_choice":"Memory 1","damage_taken":0,"max_hp_gain":0,"max_hp_loss":0,"event_name":"SensoryStone","floor":45,"gold_loss":0},{"cards_removed":["Metallicize"],"damage_healed":0,"gold_gain":0,"player_choice":"Removed Power","damage_taken":0,"max_hp_gain":0,"max_hp_loss":0,"event_name":"Falling","floor":47,"gold_loss":0},{"damage_healed":0,"gold_gain":0,"player_choice":"Ignored","damage_taken":0,"max_hp_gain":0,"max_hp_loss":0,"event_name":"Tomb of Lord Red Mask","floor":48,"gold_loss":0}],"is_beta":false,"boss_relics":[{"not_picked":["Runic Dome","Runic Pyramid"],"picked":"Busted Crown"},{"not_picked":["White Beast Statue","Runic Cube"],"picked":"Cursed Key"}],"items_purged_floors":[38],"is_endless":false,"potions_floor_spawned":[4,5,8,10,16,21,27,30,31,39,46],"killed_by":"Time Eater","ascension_level":0}