{"gold_per_floor":[109,23,39,39,52,52,85,85,112,145,70,70,395,415,415,491,491,501,551,551,565,581,581,21,36,36,71,71,71,100,117,117,190,190,207,307,326,346,346,373,373,388,388,388,402,437,26,42,42,42],"floor_reached":51,"playtime":2986,"items_purged":["Strike_B","Pain"],"score":1458,"play_id":"0e02cf58-2ec0-4705-91ce-1cb3954e53ee","local_time":"20191013141422","is_ascension_mode":true,"campfire_choices":[{"data":"Defragment","floor":6.0,"key":"SMITH"},{"floor":8.0,"key":"REST"},{"floor":15.0,"key":"REST"},{"floor":23.0,"key":"REST"},{"floor":32.0,"key":"REST"},{"floor":41,"key":"REST"},{"floor":44,"key":"REST"},{"data":"Defragment","floor":49,"key":"SMITH"}],"neow_cost":"PERCENT_DAMAGE","seed_source_timestamp":336129929321300,"circlet_count":0,"master_deck":["AscendersBane","Strike_B","Strike_B","Defend_B","Defend_B","Defend_B","Defend_B","Zap","Dualcast","White Noise","Defragment+1","Ball Lightning","Static Discharge","Electrodynamics","Go for the Eyes","Undo","Echo Form","CurseOfTheBell","Coolheaded","Coolheaded+1","Turbo","Defragment+1","Seek+1","Conserve Battery+1","Steam+1","Defragment+1","Seek","Coolheaded","Glacier+1","Defragment","Core Surge","Conserve Battery","Defragment"],"special_seed":0,"relics":["Cracked Core","Dead Branch","Pen Nib","Happy Flower","Symbiotic Virus","Cables","Old Coin","Calling Bell","Potion Belt","Pear","CloakClasp","WarpedTongs","DataDisk","Medical Kit","Strawberry","Omamori","Lantern","Bag of Marbles","Prayer Wheel","Nuclear Battery","Unceasing Top","Gambling Chip","Dream Catcher","ClockworkSouvenir"],"potions_floor_usage":[40,50],"damage_taken":[{"damage":2.0,"enemies":"Jaw Worm","floor":1.0,"turns":4.0},{"damage":0.0,"enemies":"Cultist","floor":3.0,"turns":3.0},{"damage":3.0,"enemies":"Small Slimes","floor":5.0,"turns":3.0},{"damage":25.0,"enemies":"Lagavulin","floor":7.0,"turns":4.0},{"damage":16.0,"enemies":"Gremlin Nob","floor":10.0,"turns":3.0},{"damage":10.0,"enemies":"Lagavulin","floor":13.0,"turns":5.0},{"damage":0.0,"enemies":"Looter","floor":14.0,"turns":2.0},{"damage":17.0,"enemies":"Hexaghost","floor":16.0,"turns":7.0},{"damage":0.0,"enemies":"3 Byrds","floor":18.0,"turns":3.0},{"damage":0.0,"enemies":"2 Thieves","floor":21.0,"turns":3.0},{"damage":26.0,"enemies":"Shelled Parasite and Fungi","floor":22.0,"turns":5.0},{"damage":20.0,"enemies":"Centurion and Healer","floor":25.0,"turns":2.0},{"damage":14.0,"enemies":"Slavers","floor":27.0,"turns":4.0},{"damage":3.0,"enemies":"Gremlin Leader","floor":30.0,"turns":5.0},{"damage":0.0,"enemies":"3 Cultists","floor":31.0,"turns":3.0},{"damage":17.0,"enemies":"Collector","floor":33.0,"turns":10.0},{"damage":9.0,"enemies":"Orb Walker","floor":35.0,"turns":3.0},{"damage":0.0,"enemies":"Mind Bloom Boss Battle","floor":36.0,"turns":6.0},{"damage":0.0,"enemies":"3 Shapes","floor":37.0,"turns":3.0},{"damage":25.0,"enemies":"Jaw Worm Horde","floor":38.0,"turns":4.0},{"damage":0,"enemies":"Giant Head","floor":40,"turns":7},{"damage":4,"enemies":"Spire Growth","floor":42,"turns":4},{"damage":0,"enemies":"4 Shapes","floor":45,"turns":3},{"damage":0,"enemies":"Nemesis","floor":46,"turns":9},{"damage":0,"enemies":"Transient","floor":48,"turns":5},{"damage":6,"enemies":"Donu and Deca","floor":50,"turns":7}],"seed_played":"-6321387087655779869","potions_obtained":[{"floor":3.0,"key":"FocusPotion"},{"floor":13.0,"key":"SneckoOil"},{"floor":18.0,"key":"Explosive Potion"},{"floor":25.0,"key":"PowerPotion"},{"floor":27.0,"key":"Strength Potion"},{"floor":31.0,"key":"FairyPotion"},{"floor":37.0,"key":"Block Potion"},{"floor":38.0,"key":"Energy Potion"},{"floor":40,"key":"Block Potion"},{"floor":42,"key":"Regen Potion"}],"is_trial":false,"path_per_floor":["M","$","M","?","M","R","E","R","T","E","$","?","E","M","R","B",null,"M","?","?","M","M","R","$","M","T","E","$","?","E","M","R","B",null,"M","?","M","M","?","E","R","M","T","R","M","E","$","M","R","B",null],"character_chosen":"DEFECT","items_purchased":["Defragment","Ball Lightning","DataDisk","Medical Kit","Strawberry","Defragment","ClockworkSouvenir","Core Surge","Conserve Battery"],"campfire_rested":6,"item_purchase_floors":[2,2,24,24,24,47,47,47,47],"current_hp_per_floor":[44,44,44,44,41,41,16,37,37,21,21,16,6,6,27,10,66,66,66,66,66,40,64,71,51,51,37,37,37,34,34,60,43,77,68,68,68,43,43,43,69,65,65,88,88,88,88,88,88,82],"gold":42,"neow_bonus":"ONE_RARE_RELIC","is_prod":false,"is_daily":false,"chose_seed":false,"campfire_upgraded":2,"win_rate":0,"timestamp":1570968862,"path_taken":["M","$","M","?","M","R","E","R","T","E","?","?","E","M","R","BOSS","M","?","?","M","?","R","$","M","T","E","$","?","E","M","R","BOSS","M","?","M","M","?","E","R","M","T","R","M","E","$","M","R","BOSS"],"build_version":"2019-10-11","purchased_purges":2,"victory":true,"max_hp_per_floor":[71,71,71,71,71,71,71,71,71,71,71,71,71,71,71,71,81,81,81,81,81,81,81,88,88,88,88,88,88,88,88,88,88,88,88,88,88,88,88,88,88,88,88,88,88,88,88,88,88,88],"card_choices":[{"not_picked":["Redo","Chill"],"picked":"White Noise","floor":1.0},{"not_picked":["Loop","Gash"],"picked":"Static Discharge","floor":3.0},{"not_picked":["Scrape","Turbo","Compile Driver"],"picked":"SKIP","floor":5.0},{"not_picked":["Auto Shields","Go for the Eyes"],"picked":"Electrodynamics","floor":7.0},{"not_picked":["Hello World","Barrage"],"picked":"Go for the Eyes","floor":10.0},{"not_picked":["Cold Snap","Fusion","Skim"],"picked":"SKIP","floor":13.0},{"not_picked":["Go for the Eyes","Leap"],"picked":"Undo","floor":14.0},{"not_picked":["Electrodynamics","Buffer"],"picked":"Echo Form","floor":16.0},{"not_picked":["FTL","Rip and Tear"],"picked":"Coolheaded","floor":18.0},{"not_picked":["Rip and Tear+1","Rebound","Beam Cell"],"picked":"SKIP","floor":21.0},{"not_picked":["Go for the Eyes","Redo"],"picked":"Coolheaded+1","floor":22.0},{"not_picked":["Chaos","Leap"],"picked":"Turbo","floor":25.0},{"not_picked":["Redo","Capacitor","Lockon+1"],"picked":"SKIP","floor":27.0},{"not_picked":["Tempest+1","Hello World","Multi-Cast"],"picked":"SKIP","floor":30.0},{"not_picked":["Auto Shields","Go for the Eyes"],"picked":"Defragment+1","floor":31.0},{"not_picked":["Redo","Turbo","Streamline"],"picked":"SKIP","floor":31.0},{"not_picked":["All For One","Echo Form"],"picked":"Seek","floor":33.0},{"not_picked":["Heatsinks","Reinforced Body+1"],"picked":"Conserve Battery+1","floor":35.0},{"not_picked":["Ball Lightning","Skim+1","Go for the Eyes"],"picked":"SKIP","floor":35.0},{"not_picked":["Leap","Cold Snap"],"picked":"Steam+1","floor":36.0},{"not_picked":["Double Energy","Gash"],"picked":"Defragment","floor":37.0},{"not_picked":["Storm","Leap","Consume"],"picked":"SKIP","floor":37.0},{"not_picked":["Conserve Battery","Steam"],"picked":"Seek","floor":38.0},{"not_picked":["Go for the Eyes+1","Rip and Tear","Genetic Algorithm"],"picked":"SKIP","floor":38.0},{"not_picked":["Static Discharge","Leap","Tempest"],"picked":"SKIP","floor":40},{"not_picked":["Barrage","Beam Cell+1","Ball Lightning"],"picked":"SKIP","floor":42},{"not_picked":["Steam+1","Sweeping Beam","Self Repair"],"picked":"SKIP","floor":42},{"not_picked":["Sunder+1","Self Repair"],"picked":"Coolheaded","floor":45},{"not_picked":["Gash+1","Chaos","Reprogram"],"picked":"SKIP","floor":45},{"not_picked":["Static Discharge","Steam Power+1"],"picked":"Glacier+1","floor":46},{"not_picked":["Sunder+1","Ball Lightning"],"picked":"Defragment","floor":48},{"not_picked":["Aggregate+1","Hologram","Steam"],"picked":"SKIP","floor":48}],"player_experience":1016765,"relics_obtained":[{"floor":7.0,"key":"Pen Nib"},{"floor":9.0,"key":"Happy Flower"},{"floor":10.0,"key":"Symbiotic Virus"},{"floor":13.0,"key":"Old Coin"},{"floor":17.0,"key":"Potion Belt"},{"floor":17.0,"key":"Pear"},{"floor":17.0,"key":"CloakClasp"},{"floor":26.0,"key":"Omamori"},{"floor":27.0,"key":"Lantern"},{"floor":30.0,"key":"Prayer Wheel"},{"floor":36.0,"key":"Unceasing Top"},{"floor":43,"key":"Gambling Chip"},{"floor":46,"key":"Dream Catcher"}],"event_choices":[{"cards_removed":["Strike_B"],"damage_healed":0.0,"max_hp_gain":0.0,"max_hp_loss":0.0,"gold_gain":0.0,"event_name":"Purifier","player_choice":"Purged","floor":4.0,"gold_loss":0.0,"damage_taken":0.0},{"damage_healed":0.0,"max_hp_gain":0.0,"max_hp_loss":0.0,"gold_gain":0.0,"event_name":"Scrap Ooze","player_choice":"Success","floor":12.0,"gold_loss":0.0,"damage_taken":5.0,"relics_obtained":["Cables"]},{"damage_healed":0.0,"max_hp_gain":0.0,"max_hp_loss":0.0,"gold_gain":50.0,"event_name":"Nest","player_choice":"Stole From Cult","floor":19.0,"gold_loss":0.0,"damage_taken":0.0},{"damage_healed":0.0,"max_hp_gain":0.0,"max_hp_loss":0.0,"gold_gain":0.0,"event_name":"Accursed Blacksmith","player_choice":"Rummage","floor":20.0,"gold_loss":0.0,"damage_taken":0.0,"relics_obtained":["WarpedTongs"],"cards_obtained":["Pain"]},{"damage_healed":0.0,"max_hp_gain":0.0,"max_hp_loss":0.0,"gold_gain":0.0,"event_name":"Addict","player_choice":"Stole Relic","floor":29.0,"gold_loss":0.0,"damage_taken":0.0,"relics_obtained":["Bag of Marbles"],"cards_obtained":["Shame"]},{"damage_healed":0.0,"max_hp_gain":0.0,"max_hp_loss":0.0,"gold_gain":0.0,"event_name":"MindBloom","player_choice":"Fight","floor":36.0,"gold_loss":0.0,"damage_taken":0.0},{"damage_healed":0.0,"max_hp_gain":0.0,"max_hp_loss":0.0,"gold_gain":0.0,"event_name":"Upgrade Shrine","player_choice":"Upgraded","floor":39.0,"gold_loss":0.0,"damage_taken":0.0,"cards_upgraded":["Seek"]}],"is_beta":true,"boss_relics":[{"not_picked":["Pandora\u0027s Box","Philosopher\u0027s Stone"],"picked":"Calling Bell"},{"not_picked":["Tiny House","Velvet Choker"],"picked":"Nuclear Battery"}],"items_purged_floors":[11,24],"is_endless":false,"potions_floor_spawned":[3,13,18,25,27,30,31,37,38,40,42,46,48],"ascension_level":15}