{"gold_per_floor":[113,63,63,63,138,138,171,171,198,198,214,225,254,269,269,269],"floor_reached":16,"playtime":720,"items_purged":[],"score":108,"play_id":"77ce6214-c0d2-4588-8ad2-8a9779a84fbf","local_time":"20190306193121","is_ascension_mode":false,"campfire_choices":[{"data":"Neutralize","floor":6,"key":"SMITH"},{"data":"Distraction","floor":8,"key":"SMITH"},{"data":"Terror","floor":15,"key":"SMITH"}],"neow_cost":"NONE","seed_source_timestamp":3800744719874712,"circlet_count":0,"master_deck":["Defend_G","Defend_G","Defend_G","Defend_G","Defend_G","Strike_G","Strike_G","Strike_G","Strike_G","Survivor","Neutralize+1","Dagger Throw","Distraction+1","Tactician","Terror+1","Dagger Spray","Blade Dance"],"relics":["Ring of the Snake","Boot","Meat on the Bone","Dead Branch","Bag of Marbles","Art of War"],"potions_floor_usage":[13,13],"damage_taken":[{"damage":0,"enemies":"Jaw Worm","floor":1,"turns":5},{"damage":16,"enemies":"Lagavulin","floor":7,"turns":8},{"damage":1,"enemies":"Small Slimes","floor":11,"turns":2},{"damage":0,"enemies":"2 Louse","floor":12,"turns":3},{"damage":9,"enemies":"3 Sentries","floor":13,"turns":6},{"damage":0,"enemies":"Blue Slaver","floor":14,"turns":2},{"damage":47,"enemies":"Slime Boss","floor":16,"turns":6}],"seed_played":"2030823527366235740","potions_obtained":[{"floor":0,"key":"EssenceOfSteel"},{"floor":0,"key":"Swift Potion"},{"floor":0,"key":"AttackPotion"},{"floor":7,"key":"FearPotion"}],"is_trial":false,"path_per_floor":["M","?","?","T","?","R","E","R","T","T","M","M","E","M","R","B"],"character_chosen":"THE_SILENT","items_purchased":[],"campfire_rested":0,"item_purchase_floors":[],"current_hp_per_floor":[70,70,52,52,41,41,37,37,37,37,36,36,39,39,39,0],"gold":269,"neow_bonus":"THREE_SMALL_POTIONS","is_prod":false,"is_daily":false,"chose_seed":false,"campfire_upgraded":3,"win_rate":0,"timestamp":1551918681,"path_taken":["M","?","?","?","?","R","E","R","T","?","M","M","E","M","R","BOSS"],"build_version":"2019-01-23","purchased_purges":0,"victory":false,"max_hp_per_floor":[70,70,70,70,70,70,70,70,70,70,70,70,70,70,70,70],"card_choices":[{"not_picked":["Acrobatics","Eviscerate"],"picked":"Dagger Throw","floor":1},{"not_picked":["Flying Knee","Noxious Fumes"],"picked":"Distraction","floor":7},{"not_picked":["Acrobatics","Sucker Punch"],"picked":"Tactician","floor":11},{"not_picked":["Escape Plan","Wraith Form v2"],"picked":"Terror","floor":12},{"not_picked":["Deadly Poison","Blade Dance"],"picked":"Dagger Spray","floor":13},{"not_picked":["Poisoned Stab","Deadly Poison"],"picked":"Blade Dance","floor":14}],"player_experience":709760,"relics_obtained":[{"floor":4,"key":"Meat on the Bone"},{"floor":7,"key":"Dead Branch"},{"floor":9,"key":"Bag of Marbles"},{"floor":13,"key":"Art of War"}],"event_choices":[{"cards_removed":["Strike_G"],"damage_healed":0,"gold_gain":0,"player_choice":"Card Removal","damage_taken":0,"max_hp_gain":0,"max_hp_loss":0,"event_name":"The Cleric","floor":2,"gold_loss":50},{"damage_healed":0,"gold_gain":0,"player_choice":"Success","damage_taken":18,"relics_obtained":["Boot"],"max_hp_gain":0,"max_hp_loss":0,"event_name":"Scrap Ooze","floor":3,"gold_loss":0},{"damage_healed":0,"gold_gain":75,"player_choice":"Gather Gold","damage_taken":11,"max_hp_gain":0,"max_hp_loss":0,"event_name":"World of Goop","floor":5,"gold_loss":0}],"is_beta":false,"boss_relics":[],"items_purged_floors":[],"is_endless":false,"potions_floor_spawned":[7],"killed_by":"Slime Boss","ascension_level":0}