{"gold_per_floor":[111,111,186,361,361,361,381,397,421,453,468,493,493,509,509,606,606,606,606,606,347,347,347,347,347,347,347,347,347,347,270,270,270,270,270,270,270,270,270,270,270,270,270,270,270,270,270,13,13,13,13,13,13,13,13],"floor_reached":56,"playtime":3803,"items_purged":["Doubt"],"score":1268,"play_id":"ffd16b11-a186-48ca-977e-8934e368a6ab","local_time":"20190414213834","is_ascension_mode":false,"campfire_choices":[{"data":"Bash","floor":6.0,"key":"SMITH"},{"data":"Flame Barrier","floor":15.0,"key":"SMITH"},{"data":"Demon Form","floor":23.0,"key":"SMITH"},{"data":"Thinking Ahead","floor":25.0,"key":"SMITH"},{"data":"Seeing Red","floor":27.0,"key":"SMITH"},{"data":"Entrench","floor":32.0,"key":"SMITH"},{"floor":41.0,"key":"REST"},{"floor":49.0,"key":"RECALL"},{"data":"Limit Break","floor":52.0,"key":"SMITH"}],"neow_cost":"NONE","seed_source_timestamp":788060347405239,"circlet_count":0,"master_deck":["Strike_R","Strike_R","Strike_R","Strike_R","Defend_R","Defend_R","Defend_R","Defend_R","Bash+1","Barricade+1","Pommel Strike","Flame Barrier+1","Shrug It Off","Headbutt","Seeing Red+1","Demon Form+1","Iron Wave","Juggernaut","Iron Wave","Thinking Ahead+1","Disarm+1","Seeing Red+1","Entrench+1","Burning Pact","Limit Break+1","Shrug It Off","Sword Boomerang","Shrug It Off","Metallicize+1"],"special_seed":0,"relics":["Burning Blood","Anchor","Pocketwatch","Ancient Tea Set","Ectoplasm","Centennial Puzzle","Red Skull","Mark of Pain","Self Forming Clay","Vajra","Juzu Bracelet","ClockworkSouvenir","Champion Belt"],"potions_floor_usage":[54,55,55],"damage_taken":[{"damage":1.0,"enemies":"Jaw Worm","floor":1.0,"turns":5.0},{"damage":7.0,"enemies":"2 Louse","floor":7.0,"turns":3.0},{"damage":2.0,"enemies":"Small Slimes","floor":8.0,"turns":5.0},{"damage":11.0,"enemies":"Lagavulin","floor":10.0,"turns":12.0},{"damage":3.0,"enemies":"Red Slaver","floor":11.0,"turns":3.0},{"damage":27.0,"enemies":"3 Sentries","floor":12.0,"turns":11.0},{"damage":6.0,"enemies":"Exordium Wildlife","floor":14.0,"turns":6.0},{"damage":0.0,"enemies":"The Guardian","floor":16.0,"turns":10.0},{"damage":0.0,"enemies":"Spheric Guardian","floor":18.0,"turns":5.0},{"damage":0.0,"enemies":"Chosen","floor":19.0,"turns":4.0},{"damage":5.0,"enemies":"Centurion and Healer","floor":20.0,"turns":7.0},{"damage":0.0,"enemies":"Sentry and Sphere","floor":22.0,"turns":6.0},{"damage":0.0,"enemies":"Snecko","floor":24.0,"turns":5.0},{"damage":0.0,"enemies":"Shelled Parasite and Fungi","floor":28.0,"turns":6.0},{"damage":0.0,"enemies":"Chosen and Byrds","floor":29.0,"turns":6.0},{"damage":0.0,"enemies":"Book of Stabbing","floor":30.0,"turns":7.0},{"damage":27.0,"enemies":"Collector","floor":33.0,"turns":10.0},{"damage":0.0,"enemies":"Orb Walker","floor":35.0,"turns":4.0},{"damage":0.0,"enemies":"3 Shapes","floor":36.0,"turns":7.0},{"damage":3.0,"enemies":"Spire Growth","floor":38.0,"turns":6.0},{"damage":21.0,"enemies":"Transient","floor":39.0,"turns":5.0},{"damage":35.0,"enemies":"Reptomancer","floor":40.0,"turns":11.0},{"damage":0.0,"enemies":"Maw","floor":44.0,"turns":6.0},{"damage":0.0,"enemies":"Giant Head","floor":45.0,"turns":9.0},{"damage":0.0,"enemies":"4 Shapes","floor":46.0,"turns":10.0},{"damage":30.0,"enemies":"3 Darklings","floor":47.0,"turns":7.0},{"damage":5.0,"enemies":"Time Eater","floor":50.0,"turns":9.0},{"damage":36,"enemies":"Shield and Spear","floor":54,"turns":8},{"damage":35,"enemies":"The Heart","floor":55,"turns":10}],"seed_played":"5355088653263099665","potions_obtained":[{"floor":7.0,"key":"Dexterity Potion"},{"floor":8.0,"key":"Regen Potion"},{"floor":11.0,"key":"Ancient Potion"},{"floor":12.0,"key":"Block Potion"},{"floor":22.0,"key":"Swift Potion"},{"floor":33.0,"key":"Swift Potion"},{"floor":37.0,"key":"SpeedPotion"}],"is_trial":false,"path_per_floor":["M","?","?","?","?","R","M","M","T","E","M","E","T","M","R","B",null,"M","M","M","$","M","R","M","R","T","R","M","M","E","$","R","B",null,"M","M","?","M","M","E","R","$","T","M","E","M","M","$","R","B",null,"R","$","E","B",null],"character_chosen":"IRONCLAD","items_purchased":["Thinking Ahead","Entrench","ClockworkSouvenir","Shrug It Off"],"campfire_rested":1,"item_purchase_floors":[21,31,48,48],"current_hp_per_floor":[80,80,69,69,69,69,68,72,72,67,70,49,49,49,49,55,80,80,80,80,80,80,80,80,80,80,80,80,80,80,80,80,59,80,80,80,80,80,65,36,60,60,60,66,72,78,54,54,54,55,80,80,80,50,21],"gold":13,"neow_bonus":"ONE_RANDOM_RARE_CARD","is_prod":false,"is_daily":false,"chose_seed":false,"campfire_upgraded":7,"win_rate":0,"timestamp":1555292314,"path_taken":["M","?","?","?","?","R","M","?","T","E","M","E","?","M","R","BOSS","M","M","M","$","M","R","M","R","T","R","M","M","E","$","R","BOSS","M","M","?","?","M","E","R","$","T","M","E","M","M","$","R","BOSS","R","$","E","BOSS"],"build_version":"2019-01-23","purchased_purges":1,"victory":true,"max_hp_per_floor":[80,80,80,80,80,80,80,80,80,80,80,80,80,80,80,80,80,80,80,80,80,80,80,80,80,80,80,80,80,80,80,80,80,80,80,80,80,80,80,80,80,80,80,80,80,80,80,80,80,80,80,80,80,80,80],"card_choices":[{"not_picked":["Thunderclap","Infernal Blade"],"picked":"Pommel Strike","floor":1.0},{"not_picked":["Reckless Charge","Armaments"],"picked":"Flame Barrier","floor":7.0},{"not_picked":["Warcry","Heavy Blade"],"picked":"Shrug It Off","floor":8.0},{"not_picked":["Infernal Blade","Cleave"],"picked":"Headbutt","floor":10.0},{"not_picked":["Wild Strike","Thunderclap"],"picked":"Seeing Red","floor":11.0},{"not_picked":["Armaments","Clothesline"],"picked":"Demon Form","floor":12.0},{"not_picked":["Carnage","Havoc"],"picked":"Iron Wave","floor":14.0},{"not_picked":["Immolate","Berserk"],"picked":"Juggernaut","floor":16.0},{"not_picked":["Inflame","True Grit"],"picked":"Iron Wave","floor":18.0},{"not_picked":["Inflame","Corruption","Second Wind"],"picked":"SKIP","floor":19.0},{"not_picked":["Warcry","Reckless Charge","Feel No Pain"],"picked":"SKIP","floor":20.0},{"not_picked":["Thunderclap","Clash","Hemokinesis"],"picked":"SKIP","floor":22.0},{"not_picked":["Thunderclap","Combust+1","Havoc+1"],"picked":"SKIP","floor":24.0},{"not_picked":["True Grit","Flex","Searing Blow+1"],"picked":"SKIP","floor":28.0},{"not_picked":["Iron Wave","Feed"],"picked":"Disarm+1","floor":29.0},{"not_picked":["Fire Breathing","Combust"],"picked":"Seeing Red+1","floor":30.0},{"not_picked":["Havoc","Wild Strike+1"],"picked":"Burning Pact","floor":35.0},{"not_picked":["Thunderclap","Clash","Second Wind"],"picked":"SKIP","floor":36.0},{"not_picked":["Armaments+1","Twin Strike","Anger"],"picked":"SKIP","floor":38.0},{"not_picked":["Anger","Pummel","Sever Soul"],"picked":"SKIP","floor":39.0},{"not_picked":["Infernal Blade+1","Flex"],"picked":"Limit Break","floor":40.0},{"not_picked":["Flex+1","Searing Blow+1"],"picked":"Shrug It Off","floor":44.0},{"not_picked":["Iron Wave+1","Perfected Strike","Sentinel"],"picked":"SKIP","floor":45.0},{"not_picked":["Armaments+1","Blood for Blood","Cleave+1"],"picked":"SKIP","floor":46.0},{"not_picked":["Second Wind+1","Sentinel+1"],"picked":"Sword Boomerang","floor":47.0},{"not_picked":["Armaments+1","Heavy Blade"],"picked":"Metallicize+1","floor":54}],"player_experience":802153,"relics_obtained":[{"floor":9.0,"key":"Anchor"},{"floor":10.0,"key":"Pocketwatch"},{"floor":12.0,"key":"Ancient Tea Set"},{"floor":26.0,"key":"Centennial Puzzle"},{"floor":30.0,"key":"Red Skull"},{"floor":40.0,"key":"Self Forming Clay"},{"floor":43.0,"key":"Vajra"},{"floor":45.0,"key":"Juzu Bracelet"},{"floor":54,"key":"Champion Belt"}],"event_choices":[{"cards_removed":["Strike_R"],"damage_healed":0.0,"max_hp_gain":0.0,"max_hp_loss":0.0,"gold_gain":0.0,"event_name":"Living Wall","player_choice":"Forget","floor":2.0,"gold_loss":0.0,"damage_taken":0.0},{"damage_healed":0.0,"max_hp_gain":0.0,"max_hp_loss":0.0,"gold_gain":75.0,"event_name":"World of Goop","player_choice":"Gather Gold","floor":3.0,"gold_loss":0.0,"damage_taken":11.0},{"damage_healed":0.0,"max_hp_gain":0.0,"max_hp_loss":0.0,"gold_gain":175.0,"event_name":"Liars Game","player_choice":"AGREE","floor":4.0,"gold_loss":0.0,"damage_taken":0.0,"cards_obtained":["Doubt"]},{"damage_healed":0.0,"max_hp_gain":0.0,"max_hp_loss":0.0,"gold_gain":0.0,"event_name":"Upgrade Shrine","player_choice":"Upgraded","floor":5.0,"gold_loss":0.0,"damage_taken":0.0,"cards_upgraded":["Barricade"]},{"damage_healed":0.0,"max_hp_gain":0.0,"max_hp_loss":0.0,"gold_gain":0.0,"event_name":"Lab","player_choice":"Got Potions","floor":37.0,"gold_loss":0.0,"damage_taken":0.0}],"is_beta":false,"boss_relics":[{"not_picked":["Orrery","Eternal Feather"],"picked":"Ectoplasm"},{"not_picked":["Empty Cage","White Beast Statue"],"picked":"Mark of Pain"}],"items_purged_floors":[21],"is_endless":false,"potions_floor_spawned":[7,8,11,12,22,28,29,30,33,35,38,39,46],"ascension_level":0}