{"gold_per_floor":[11,11,26,36,50,50,80,93,93,93,104,118,137,150,150,223,223,236,236,251,251],"floor_reached":21,"playtime":1243,"items_purged":[],"score":428,"play_id":"43988eac-363c-42b8-8796-d3d12af25c0c","local_time":"20190701210728","is_ascension_mode":true,"campfire_choices":[{"data":"Armaments","floor":6,"key":"SMITH"},{"floor":10,"key":"REST"},{"data":"Flame Barrier","floor":15,"key":"SMITH"}],"neow_cost":"NO_GOLD","seed_source_timestamp":110736714924335,"circlet_count":0,"master_deck":["AscendersBane","Strike_R","Strike_R","Strike_R","Strike_R","Strike_R","Defend_R","Defend_R","Defend_R","Defend_R","Bash","Thunderclap","Brutality","Spot Weakness","Armaments+1","Sword Boomerang","Pommel Strike","Flame Barrier+1","Heavy Blade","Shrug It Off","True Grit","Feed","Intimidate"],"relics":["Burning Blood","Red Skull","Smiling Mask","Eternal Feather"],"potions_floor_usage":[13,20],"damage_taken":[{"damage":5,"enemies":"Small Slimes","floor":1,"turns":5},{"damage":1,"enemies":"Cultist","floor":3,"turns":3},{"damage":11,"enemies":"2 Louse","floor":4,"turns":2},{"damage":13,"enemies":"Blue Slaver","floor":5,"turns":7},{"damage":30,"enemies":"Lagavulin","floor":7,"turns":6},{"damage":25,"enemies":"Gremlin Gang","floor":8,"turns":4},{"damage":8,"enemies":"Looter","floor":11,"turns":3},{"damage":1,"enemies":"2 Fungi Beasts","floor":12,"turns":3},{"damage":8,"enemies":"Exordium Thugs","floor":13,"turns":3},{"damage":16,"enemies":"Exordium Wildlife","floor":14,"turns":4},{"damage":32,"enemies":"The Guardian","floor":16,"turns":9},{"damage":56,"enemies":"3 Byrds","floor":18,"turns":6},{"damage":18,"enemies":"2 Thieves","floor":20,"turns":5},{"damage":35,"enemies":"Shelled Parasite and Fungi","floor":21,"turns":6}],"seed_played":"-6984356815098467501","potions_obtained":[{"floor":1,"key":"Ancient Potion"},{"floor":4,"key":"Energy Potion"},{"floor":14,"key":"SteroidPotion"},{"floor":18,"key":"Fire Potion"}],"is_trial":false,"path_per_floor":["M","?","M","M","M","R","E","M","T","R","M","M","M","M","R","B",null,"M","?","M","M"],"character_chosen":"IRONCLAD","items_purchased":[],"campfire_rested":1,"item_purchase_floors":[],"current_hp_per_floor":[83,83,88,83,76,76,52,33,33,59,57,62,60,50,50,24,73,26,44,32,0],"gold":251,"neow_bonus":"TWENTY_PERCENT_HP_BONUS","is_prod":false,"is_daily":false,"chose_seed":false,"campfire_upgraded":2,"win_rate":0,"timestamp":1562029648,"path_taken":["M","?","M","M","?","R","E","M","T","R","M","M","M","M","R","BOSS","M","?","M","M"],"build_version":"2019-07-01","purchased_purges":0,"victory":false,"max_hp_per_floor":[89,89,89,89,89,89,89,89,89,89,89,89,89,89,89,89,89,92,92,92,95],"card_choices":[{"not_picked":["Reckless Charge","Havoc"],"picked":"Thunderclap","floor":1},{"not_picked":["Clash","Bloodletting"],"picked":"Spot Weakness","floor":3},{"not_picked":["Pommel Strike","Iron Wave"],"picked":"Armaments","floor":4},{"not_picked":["Wild Strike","Twin Strike"],"picked":"Sword Boomerang","floor":5},{"not_picked":["Exhume","Headbutt"],"picked":"Pommel Strike","floor":7},{"not_picked":["Whirlwind","Havoc"],"picked":"Flame Barrier","floor":8},{"not_picked":["Iron Wave","Feel No Pain"],"picked":"Heavy Blade","floor":11},{"not_picked":["Twin Strike","Cleave"],"picked":"Shrug It Off","floor":12},{"not_picked":["Inflame","Clothesline"],"picked":"True Grit","floor":13},{"not_picked":["Cleave","Clash","Headbutt"],"picked":"SKIP","floor":14},{"not_picked":["Brutality","Barricade"],"picked":"Feed","floor":16},{"not_picked":["Clothesline","Combust"],"picked":"Intimidate","floor":18},{"not_picked":["Seeing Red","Body Slam","Warcry"],"picked":"SKIP","floor":20}],"player_experience":1088760,"relics_obtained":[{"floor":7,"key":"Red Skull"},{"floor":9,"key":"Smiling Mask"}],"event_choices":[{"damage_healed":0,"gold_gain":0,"player_choice":"1 cards matched","damage_taken":0,"max_hp_gain":0,"max_hp_loss":0,"event_name":"Match and Keep!","floor":2,"gold_loss":0,"cards_obtained":["Brutality"]},{"damage_healed":18,"gold_gain":0,"player_choice":"Heal","damage_taken":0,"max_hp_gain":0,"max_hp_loss":0,"event_name":"The Library","floor":19,"gold_loss":0}],"is_beta":false,"boss_relics":[{"not_picked":["Calling Bell","Tiny House"],"picked":"Eternal Feather"}],"items_purged_floors":[],"is_endless":false,"potions_floor_spawned":[1,4,8,14,16,18],"killed_by":"Shelled Parasite and Fungi","ascension_level":18}