{"gold_per_floor":[99,99,99,99,99,99,99,99,99,99,99,99,99,99,99,99,99,54,54,54,54,54,54,54,54],"floor_reached":25,"playtime":1116,"items_purged":[],"score":217,"play_id":"f00cd827-44c6-45d5-a1c7-b955205924c2","local_time":"20190602231944","is_ascension_mode":false,"campfire_choices":[{"data":"Bash","floor":6.0,"key":"SMITH"},{"data":"Armaments","floor":8.0,"key":"SMITH"},{"floor":13.0,"key":"REST"},{"data":"Clothesline","floor":15.0,"key":"SMITH"},{"data":"Thunderclap","floor":23,"key":"SMITH"}],"neow_cost":"NONE","seed_source_timestamp":176149591577863,"circlet_count":0,"master_deck":["Strike_R","Strike_R","Strike_R","Strike_R","Defend_R","Defend_R","Defend_R","Defend_R","Bash+1","Body Slam+1","Iron Wave+1","Armaments+1","Thunderclap+1","Clothesline+1"],"special_seed":0,"relics":["Ectoplasm","Bottled Lightning","Dream Catcher","Busted Crown","Pen Nib"],"potions_floor_usage":[],"damage_taken":[{"damage":0.0,"enemies":"Cultist","floor":1.0,"turns":3.0},{"damage":2.0,"enemies":"2 Louse","floor":3.0,"turns":2.0},{"damage":5.0,"enemies":"Small Slimes","floor":4.0,"turns":3.0},{"damage":3.0,"enemies":"Exordium Thugs","floor":7.0,"turns":4.0},{"damage":4.0,"enemies":"Lots of Slimes","floor":10.0,"turns":3.0},{"damage":0.0,"enemies":"3 Louse","floor":12.0,"turns":3.0},{"damage":18.0,"enemies":"Gremlin Gang","floor":14.0,"turns":4.0},{"damage":4.0,"enemies":"Hexaghost","floor":16.0,"turns":9.0},{"damage":0.0,"enemies":"2 Thieves","floor":18.0,"turns":3.0},{"damage":18.0,"enemies":"3 Byrds","floor":19.0,"turns":6.0},{"damage":24.0,"enemies":"Snake Plant","floor":20.0,"turns":4.0},{"damage":0.0,"enemies":"Cultist and Chosen","floor":21.0,"turns":7.0},{"damage":38,"enemies":"Slavers","floor":24,"turns":6},{"damage":8,"enemies":"3 Cultists","floor":25,"turns":4}],"seed_played":"-3811535106569266142","potions_obtained":[{"floor":1.0,"key":"Poison Potion"},{"floor":4.0,"key":"AttackPotion"},{"floor":14.0,"key":"FairyPotion"},{"floor":19.0,"key":"SteroidPotion"}],"is_trial":false,"path_per_floor":["M","?","M","M","?","R","M","R","T","M","?","M","R","M","R","B",null,"M","M","M","M","?","R","E","M"],"character_chosen":"IRONCLAD","items_purchased":[],"campfire_rested":1,"item_purchase_floors":[],"current_hp_per_floor":[80,73,71,66,50,50,47,47,47,43,1,1,25,7,7,3,80,80,62,38,38,38,38,8,0],"gold":54,"neow_bonus":"BOSS_RELIC","is_prod":false,"is_daily":false,"chose_seed":false,"campfire_upgraded":4,"win_rate":0,"timestamp":1559510384,"path_taken":["M","?","M","M","?","R","M","R","T","M","?","?","R","?","R","BOSS","M","M","M","M","?","R","E","M"],"build_version":"2019-01-23","purchased_purges":0,"victory":false,"max_hp_per_floor":[80,80,80,80,80,80,80,80,80,80,80,80,80,80,80,80,80,80,80,80,80,80,80,80,80],"card_choices":[{"not_picked":["Dual Wield","Sever Soul","Wild Strike"],"picked":"SKIP","floor":1.0},{"not_picked":["Sword Boomerang","Cleave"],"picked":"Body Slam","floor":3.0},{"not_picked":["Sentinel","Sword Boomerang"],"picked":"Iron Wave","floor":4.0},{"not_picked":["Feel No Pain","Sword Boomerang"],"picked":"Armaments","floor":7.0},{"not_picked":["Flex","Searing Blow","Seeing Red"],"picked":"SKIP","floor":10.0},{"not_picked":["Twin Strike","Blood for Blood"],"picked":"Thunderclap","floor":12.0},{"not_picked":["Perfected Strike","Clash"],"picked":"Clothesline","floor":14.0},{"not_picked":["Warcry"],"picked":"SKIP","floor":18.0},{"not_picked":["Warcry"],"picked":"SKIP","floor":19.0},{"not_picked":["Seeing Red"],"picked":"SKIP","floor":20.0},{"not_picked":["Cleave"],"picked":"SKIP","floor":21.0},{"not_picked":["Wild Strike+1"],"picked":"SKIP","floor":24}],"player_experience":440128,"relics_obtained":[{"floor":9.0,"key":"Bottled Lightning"},{"floor":24,"key":"Pen Nib"}],"event_choices":[{"cards_removed":["Strike_R"],"damage_healed":0.0,"max_hp_gain":0.0,"max_hp_loss":0.0,"gold_gain":0.0,"event_name":"Golden Wing","player_choice":"Card Removal","floor":2.0,"gold_loss":0.0,"damage_taken":7.0},{"damage_healed":0.0,"max_hp_gain":0.0,"max_hp_loss":0.0,"gold_gain":0.0,"event_name":"Shining Light","player_choice":"Entered Light","floor":5.0,"gold_loss":0.0,"damage_taken":16.0,"cards_upgraded":["Iron Wave","Body Slam"]},{"damage_healed":0.0,"max_hp_gain":0.0,"max_hp_loss":0.0,"gold_gain":0.0,"event_name":"Scrap Ooze","player_choice":"Success","floor":11.0,"gold_loss":0.0,"damage_taken":42.0,"relics_obtained":["Dream Catcher"]},{"damage_healed":0,"gold_gain":0,"player_choice":"0 cards matched","damage_taken":0,"max_hp_gain":0,"max_hp_loss":0,"event_name":"Match and Keep!","floor":22,"gold_loss":0,"cards_obtained":[]}],"is_beta":false,"boss_relics":[{"not_picked":["Black Star","Calling Bell"],"picked":"Busted Crown"}],"items_purged_floors":[],"is_endless":false,"potions_floor_spawned":[1,4,14,19],"killed_by":"3 Cultists","ascension_level":0}