{"gold_per_floor":[112,112,132,148,223,255,255,268,268,297,297,297,332,347,347,443,443,463,463,463,86,103,103,118,18,18,52,52,52,72,91,91,188,188,206,224,99,113,113,141,141,157,180,180,193,205,205,205,205,205],"floor_reached":51,"playtime":2415,"items_purged":["Strike_R","Strike_R","Defend_R+1"],"score":742,"play_id":"6d4483a8-0639-4ac9-9ff2-39c5adff4e33","local_time":"20190731192307","is_ascension_mode":false,"campfire_choices":[{"data":"Bash","floor":11.0,"key":"SMITH"},{"data":"Rampage","floor":15.0,"key":"SMITH"},{"data":"Defend_R","floor":23.0,"key":"SMITH"},{"data":"Defend_R","floor":28.0,"key":"SMITH"},{"data":"Defend_R","floor":32.0,"key":"SMITH"},{"floor":49,"key":"REST"}],"neow_cost":"NONE","seed_source_timestamp":778830655190613,"circlet_count":0,"master_deck":["Defend_R+1","Bash+1","Rampage+1","Shrug It Off+1","Thunderclap","Shrug It Off+1","Reckless Charge","Brutality"],"special_seed":0,"relics":["Burning Blood","Toxic Egg 2","Letter Opener","Bottled Lightning","Bag of Marbles","Shuriken","White Beast Statue","PreservedInsect","Art of War","Blue Candle","Centennial Puzzle","Meat on the Bone","Runic Cube","Gremlin Horn","Oddly Smooth Stone"],"potions_floor_usage":[36,36,38,50,50,50],"damage_taken":[{"damage":1.0,"enemies":"Cultist","floor":1.0,"turns":3.0},{"damage":6.0,"enemies":"Jaw Worm","floor":3.0,"turns":5.0},{"damage":0.0,"enemies":"Small Slimes","floor":4.0,"turns":3.0},{"damage":30.0,"enemies":"Lagavulin","floor":6.0,"turns":8.0},{"damage":5.0,"enemies":"Looter","floor":8.0,"turns":4.0},{"damage":26.0,"enemies":"3 Sentries","floor":10.0,"turns":10.0},{"damage":29.0,"enemies":"Lagavulin","floor":13.0,"turns":6.0},{"damage":2.0,"enemies":"Blue Slaver","floor":14.0,"turns":4.0},{"damage":30.0,"enemies":"Hexaghost","floor":16.0,"turns":11.0},{"damage":14.0,"enemies":"Shell Parasite","floor":18.0,"turns":4.0},{"damage":4.0,"enemies":"3 Byrds","floor":22.0,"turns":5.0},{"damage":17.0,"enemies":"3 Cultists","floor":24.0,"turns":6.0},{"damage":17.0,"enemies":"Gremlin Leader","floor":27.0,"turns":5.0},{"damage":3.0,"enemies":"Snecko","floor":30.0,"turns":4.0},{"damage":4.0,"enemies":"Centurion and Healer","floor":31.0,"turns":6.0},{"damage":60.0,"enemies":"Automaton","floor":33.0,"turns":8.0},{"damage":21.0,"enemies":"3 Darklings","floor":35.0,"turns":8.0},{"damage":2,"enemies":"Orb Walker","floor":36,"turns":4},{"damage":18,"enemies":"Maw","floor":38,"turns":6},{"damage":18,"enemies":"Reptomancer","floor":40,"turns":5},{"damage":13,"enemies":"4 Shapes","floor":42,"turns":4},{"damage":18,"enemies":"Jaw Worm Horde","floor":45,"turns":3},{"damage":4,"enemies":"Transient","floor":46,"turns":5},{"damage":59,"enemies":"Time Eater","floor":50,"turns":7}],"seed_played":"4730004897745263846","potions_obtained":[{"floor":1.0,"key":"PowerPotion"},{"floor":8.0,"key":"Strength Potion"},{"floor":14.0,"key":"Fire Potion"},{"floor":16.0,"key":"Dexterity Potion"},{"floor":18.0,"key":"BloodPotion"},{"floor":22.0,"key":"Strength Potion"},{"floor":24.0,"key":"GamblersBrew"},{"floor":27.0,"key":"GamblersBrew"},{"floor":30.0,"key":"Ancient Potion"},{"floor":31.0,"key":"Strength Potion"},{"floor":33.0,"key":"LiquidBronze"},{"floor":35.0,"key":"Weak Potion"},{"floor":36,"key":"FearPotion"},{"floor":38,"key":"Swift Potion"},{"floor":40,"key":"BloodPotion"},{"floor":42,"key":"SteroidPotion"}],"is_trial":false,"path_per_floor":["M","$","M","M","?","E","?","M","T","E","R","T","E","M","R","B",null,"M","?","?","$","M","R","M","$","T","E","R","T","M","M","R","B",null,"M","M","$","M","$","E","?","M","T","?","M","M","?","?","R","B",null],"character_chosen":"IRONCLAD","items_purchased":["PreservedInsect","Art of War"],"campfire_rested":1,"item_purchase_floors":[21,21],"current_hp_per_floor":[80,80,80,80,69,45,71,72,72,52,52,52,29,33,33,9,80,72,72,72,72,74,74,63,63,63,52,52,52,75,77,77,35,80,65,69,69,57,57,57,57,50,50,50,50,52,52,52,74,52],"gold":205,"neow_bonus":"REMOVE_CARD","is_prod":false,"is_daily":false,"chose_seed":false,"campfire_upgraded":5,"win_rate":0,"timestamp":1564615387,"path_taken":["M","$","M","M","?","E","?","M","T","E","R","?","E","M","R","BOSS","M","?","?","?","M","R","M","$","T","E","R","?","M","?","R","BOSS","M","M","$","M","$","E","?","M","T","?","?","M","?","?","R","BOSS"],"build_version":"2019-07-17","purchased_purges":3,"victory":true,"max_hp_per_floor":[80,80,80,80,80,80,80,80,80,80,80,80,80,80,80,80,80,80,80,80,80,80,80,80,80,80,80,80,80,80,80,80,80,80,80,80,80,80,80,80,80,80,80,80,80,80,80,76,76,76],"card_choices":[{"not_picked":["Sentinel","Pommel Strike","Body Slam"],"picked":"SKIP","floor":1.0},{"not_picked":["Carnage","Cleave","Intimidate"],"picked":"SKIP","floor":3.0},{"not_picked":["Armaments","Pommel Strike"],"picked":"Rampage","floor":4.0},{"not_picked":["Sentinel","Inflame"],"picked":"Shrug It Off","floor":6.0},{"not_picked":["Whirlwind","Clothesline"],"picked":"Thunderclap","floor":8.0},{"not_picked":["Rupture","Berserk","Searing Blow"],"picked":"SKIP","floor":10.0},{"not_picked":["Perfected Strike","Power Through+1","Armaments+1"],"picked":"SKIP","floor":13.0},{"not_picked":["Headbutt","Body Slam"],"picked":"Shrug It Off+1","floor":14.0},{"not_picked":["Cleave","Seeing Red+1","Havoc+1"],"picked":"SKIP","floor":18.0},{"not_picked":["Carnage","Blood for Blood","Body Slam"],"picked":"SKIP","floor":22.0},{"not_picked":["Perfected Strike","Burning Pact+1","Warcry+1"],"picked":"SKIP","floor":24.0},{"not_picked":["True Grit+1","Disarm+1","Wild Strike"],"picked":"SKIP","floor":27.0},{"not_picked":["Warcry+1","Fire Breathing","Iron Wave"],"picked":"SKIP","floor":30.0},{"not_picked":["Pummel+1","Battle Trance+1","Clash"],"picked":"SKIP","floor":31.0},{"not_picked":["Perfected Strike","Headbutt","True Grit+1"],"picked":"SKIP","floor":35.0},{"not_picked":["Sword Boomerang+1","Battle Trance+1","Heavy Blade"],"picked":"SKIP","floor":36},{"not_picked":["Iron Wave","Heavy Blade","Power Through+1"],"picked":"SKIP","floor":38},{"not_picked":["True Grit+1","Rampage","Perfected Strike+1"],"picked":"SKIP","floor":40},{"not_picked":["Armaments+1","Shrug It Off+1","Dropkick"],"picked":"SKIP","floor":42},{"not_picked":["Iron Wave","Twin Strike+1","Barricade"],"picked":"SKIP","floor":45},{"not_picked":["Wild Strike+1","Armaments+1","Reckless Charge+1"],"picked":"SKIP","floor":46}],"player_experience":1195396,"relics_obtained":[{"floor":6.0,"key":"Toxic Egg 2"},{"floor":9.0,"key":"Letter Opener"},{"floor":10.0,"key":"Bottled Lightning"},{"floor":12.0,"key":"Bag of Marbles"},{"floor":13.0,"key":"Shuriken"},{"floor":26.0,"key":"Blue Candle"},{"floor":27.0,"key":"Centennial Puzzle"},{"floor":29.0,"key":"Meat on the Bone"},{"floor":40,"key":"Gremlin Horn"},{"floor":43,"key":"Oddly Smooth Stone"}],"event_choices":[{"damage_healed":0.0,"max_hp_gain":0.0,"max_hp_loss":0.0,"gold_gain":75.0,"event_name":"World of Goop","player_choice":"Gather Gold","floor":5.0,"gold_loss":0.0,"damage_taken":11.0},{"damage_healed":26.0,"max_hp_gain":0.0,"max_hp_loss":0.0,"gold_gain":0.0,"event_name":"Big Fish","player_choice":"Banana","floor":7.0,"gold_loss":0.0,"damage_taken":0.0},{"cards_removed":["Strike_R"],"damage_healed":0.0,"max_hp_gain":0.0,"max_hp_loss":0.0,"gold_gain":0.0,"event_name":"Back to Basics","player_choice":"Elegance","floor":19.0,"gold_loss":0.0,"damage_taken":0.0},{"damage_healed":0.0,"max_hp_gain":0.0,"max_hp_loss":0.0,"gold_gain":0.0,"cards_transformed":["Strike_R","Defend_R"],"event_name":"Drug Dealer","player_choice":"Became Test Subject","floor":20.0,"gold_loss":0.0,"damage_taken":0.0,"cards_obtained":["Reckless Charge","Brutality"]},{"cards_removed":["Defend_R"],"damage_healed":0,"gold_gain":0,"player_choice":"Removed Skill","damage_taken":0,"max_hp_gain":0,"max_hp_loss":0,"event_name":"Falling","floor":41,"gold_loss":0},{"damage_healed":0,"gold_gain":0,"player_choice":"Ignored","damage_taken":0,"max_hp_gain":0,"max_hp_loss":0,"event_name":"Duplicator","floor":44,"gold_loss":0},{"damage_healed":0,"gold_gain":0,"player_choice":"Memory 1","damage_taken":0,"max_hp_gain":0,"max_hp_loss":0,"event_name":"SensoryStone","floor":47,"gold_loss":0},{"damage_healed":0,"gold_gain":0,"player_choice":"Max HP","damage_taken":0,"max_hp_gain":0,"max_hp_loss":4,"event_name":"Winding Halls","floor":48,"gold_loss":0}],"is_beta":false,"boss_relics":[{"not_picked":["Lizard Tail","Velvet Choker"],"picked":"White Beast Statue"},{"not_picked":["Runic Pyramid","Astrolabe"],"picked":"Runic Cube"}],"items_purged_floors":[21,25,37],"is_endless":false,"potions_floor_spawned":[1,8,14,16,18,22,24,27,30,31,33,35,36,38,40,42,45,46],"ascension_level":0}