{"gold_per_floor":[114,124,124,139,139,164,176,207,273,285,323,348,360,384,396,509,521,547,586,598,610,639,651,240,256,308,323,340,340,439,456,456,555,555,573,588,605,605,625,625,635,635,658,58,86,86,104,116,116,116],"floor_reached":51,"playtime":4420,"items_purged":["Strike_G","Decay"],"score":843,"play_id":"5da1f88d-870b-48a3-9e19-2487428444af","local_time":"20181010220453","is_ascension_mode":false,"campfire_choices":[{"data":"Skewer","floor":7,"key":"SMITH"},{"data":"Leg Sweep","floor":10,"key":"SMITH"},{"floor":15,"key":"REST"},{"data":"Catalyst","floor":23,"key":"SMITH"},{"data":"Bouncing Flask","floor":29,"key":"SMITH"},{"data":"Burst","floor":32,"key":"SMITH"},{"data":"Dash","floor":40,"key":"SMITH"},{"floor":42,"key":"REST"},{"floor":46,"key":"REST"},{"data":"Blur","floor":49,"key":"SMITH"}],"neow_cost":"NONE","seed_source_timestamp":591936492642204,"circlet_count":0,"master_deck":["Defend_G","Defend_G","Defend_G","Defend_G","Strike_G","Strike_G","Survivor+1","Neutralize","Skewer+1","Leg Sweep+1","Poisoned Stab+1","Catalyst+1","Burst+1","Dodge and Roll","Dash+1","Blur+1","Night Terror","Finisher+1","Footwork+1","Adrenaline+1","Noxious Fumes","Bouncing Flask+1"],"relics":["Velvet Choker","Ninja Scroll","MawBank","Boot","Pocketwatch","Astrolabe","Red Mask","Nilry\u0027s Codex","Lee\u0027s Waffle","Potion Belt","Happy Flower","Lizard Tail","PreservedInsect","Bag of Marbles","Frozen Eye","Art of War","Blood Vial"],"potions_floor_usage":[33,50,50,50,50,50,50],"damage_taken":[{"damage":0,"enemies":"Jaw Worm","floor":1,"turns":4},{"damage":0,"enemies":"Small Slimes","floor":2,"turns":3},{"damage":3,"enemies":"Cultist","floor":4,"turns":2},{"damage":4,"enemies":"Gremlin Nob","floor":6,"turns":5},{"damage":0,"enemies":"2 Fungi Beasts","floor":8,"turns":3},{"damage":17,"enemies":"Lagavulin","floor":11,"turns":8},{"damage":7,"enemies":"3 Louse","floor":12,"turns":3},{"damage":0,"enemies":"Blue Slaver","floor":14,"turns":1},{"damage":0,"enemies":"Slime Boss","floor":16,"turns":10},{"damage":0,"enemies":"3 Byrds","floor":18,"turns":5},{"damage":0,"enemies":"Masked Bandits","floor":19,"turns":4},{"damage":1,"enemies":"Chosen","floor":22,"turns":4},{"damage":4,"enemies":"Centurion and Healer","floor":25,"turns":6},{"damage":0,"enemies":"3 Cultists","floor":27,"turns":3},{"damage":0,"enemies":"Snake Plant","floor":28,"turns":4},{"damage":0,"enemies":"Snecko","floor":31,"turns":4},{"damage":29,"enemies":"Automaton","floor":33,"turns":8},{"damage":0,"enemies":"Orb Walker","floor":35,"turns":3},{"damage":0,"enemies":"3 Shapes","floor":36,"turns":2},{"damage":19,"enemies":"3 Darklings","floor":37,"turns":5},{"damage":6,"enemies":"Transient","floor":39,"turns":5},{"damage":22,"enemies":"Reptomancer","floor":41,"turns":4},{"damage":5,"enemies":"2 Orb Walkers","floor":45,"turns":3},{"damage":0,"enemies":"Sphere and 2 Shapes","floor":47,"turns":5},{"damage":3,"enemies":"Transient","floor":48,"turns":5},{"damage":38,"enemies":"Awakened One","floor":50,"turns":14}],"seed_played":"-1541381706239307606","potions_obtained":[{"floor":4,"key":"Weak Potion"},{"floor":8,"key":"Regen Potion"},{"floor":12,"key":"Poison Potion"},{"floor":14,"key":"Ancient Potion"},{"floor":25,"key":"EntropicBrew"},{"floor":27,"key":"Explosive Potion"},{"floor":35,"key":"SkillPotion"},{"floor":37,"key":"GhostInAJar"}],"is_trial":false,"path_per_floor":["M","M","?","M","?","E","R","M","T","R","E","M","?","M","R","B",null,"M","?","$","?","M","R","$","M","T","M","M","R","?","M","R","B",null,"M","M","M","?","M","R","M","R","T","$","E","R","M","M","R","B"],"character_chosen":"THE_SILENT","items_purchased":["Lee\u0027s Waffle","Potion Belt","Bag of Marbles","Frozen Eye","Art of War"],"campfire_rested":3,"item_purchase_floors":[24,24,44,44,44],"current_hp_per_floor":[70,70,70,67,60,56,56,56,56,56,39,32,18,18,39,39,70,70,70,70,54,53,53,77,73,73,73,73,73,73,73,73,44,77,77,77,58,58,52,52,30,53,53,53,48,71,73,72,72,74],"gold":116,"neow_bonus":"BOSS_RELIC","is_prod":false,"is_daily":false,"chose_seed":false,"campfire_upgraded":7,"win_rate":0,"timestamp":1539223493,"path_taken":["M","M","?","?","?","E","R","?","T","R","E","M","?","M","R","BOSS","M","?","$","?","M","R","$","M","T","M","?","R","?","?","R","BOSS","M","?","?","?","M","R","?","R","T","$","E","R","M","M","R","BOSS"],"build_version":"2018-10-04v2","purchased_purges":2,"victory":true,"max_hp_per_floor":[70,70,70,70,70,70,70,70,70,70,70,70,70,70,70,70,70,70,70,70,70,70,70,77,77,77,77,77,77,77,77,77,77,77,77,77,77,77,77,77,77,77,77,77,77,77,77,77,77,77],"card_choices":[{"not_picked":["Acrobatics","Blade Dance"],"picked":"Skewer","floor":1},{"not_picked":["Escape Plan","Blade Dance"],"picked":"Leg Sweep","floor":2},{"not_picked":["Deadly Poison","Quick Slash"],"picked":"Poisoned Stab","floor":4},{"not_picked":["Concentrate","Expertise"],"picked":"Catalyst","floor":6},{"not_picked":["PiercingWail","Flying Knee"],"picked":"Burst","floor":8},{"not_picked":["Underhanded Strike","Sucker Punch"],"picked":"Dodge and Roll","floor":11},{"not_picked":["Outmaneuver","Prepared"],"picked":"Dash","floor":12},{"not_picked":["Calculated Gamble","Flechettes"],"picked":"Blur","floor":14},{"not_picked":["Bullet Time","A Thousand Cuts"],"picked":"Night Terror","floor":16},{"not_picked":["Flying Knee","Outmaneuver"],"picked":"Noxious Fumes","floor":18},{"not_picked":["Accuracy+1","Cloak And Dagger"],"picked":"Bouncing Flask","floor":22},{"not_picked":["Backflip","Dagger Throw","Sucker Punch"],"picked":"SKIP","floor":25},{"not_picked":["Acrobatics+1","Dagger Throw+1","Deflect+1"],"picked":"SKIP","floor":27},{"not_picked":["PiercingWail","Heel Hook+1","Sucker Punch+1"],"picked":"SKIP","floor":28},{"not_picked":["Calculated Gamble","PiercingWail","Phantasmal Killer"],"picked":"SKIP","floor":31},{"not_picked":["Acrobatics","Slice","Cloak And Dagger"],"picked":"SKIP","floor":35},{"not_picked":["Dodge and Roll","Crippling Poison","Bane+1"],"picked":"SKIP","floor":36},{"not_picked":["Well Laid Plans+1","Dagger Throw+1","Poisoned Stab"],"picked":"SKIP","floor":37},{"not_picked":["Bane+1","Well Laid Plans+1","Quick Slash"],"picked":"SKIP","floor":39},{"not_picked":["Underhanded Strike+1","Backstab","Sucker Punch"],"picked":"SKIP","floor":41},{"not_picked":["Eviscerate+1","Acrobatics","After Image"],"picked":"SKIP","floor":45},{"not_picked":["Distraction+1","Escape Plan","Dash"],"picked":"SKIP","floor":47},{"not_picked":["Masterful Stab","Choke+1","Cloak And Dagger"],"picked":"SKIP","floor":48}],"player_experience":500059,"relics_obtained":[{"floor":6,"key":"MawBank"},{"floor":9,"key":"Boot"},{"floor":11,"key":"Pocketwatch"},{"floor":19,"key":"Red Mask"},{"floor":21,"key":"Nilry\u0027s Codex"},{"floor":26,"key":"Happy Flower"},{"floor":43,"key":"PreservedInsect"},{"floor":45,"key":"Blood Vial"}],"event_choices":[{"event_name":"Big Fish","player_choice":"Box","floor":3,"damage_taken":0},{"event_name":"Golden Wing","player_choice":"Card Removal","floor":5,"damage_taken":0},{"event_name":"Shining Light","player_choice":"Entered Light","floor":13,"damage_taken":0},{"event_name":"Masked Bandits","player_choice":"Fought Bandits","floor":19,"damage_taken":0},{"event_name":"Cursed Tome","player_choice":"Obtained Book","floor":21,"damage_taken":0},{"event_name":"Nest","player_choice":"Stole From Cult","floor":30,"damage_taken":0},{"event_name":"Wheel of Change","player_choice":"Curse","floor":38,"damage_taken":0}],"is_beta":false,"boss_relics":[{"not_picked":["White Beast Statue","Orrery"],"picked":"Astrolabe"},{"not_picked":["Runic Pyramid","Eternal Feather"],"picked":"Lizard Tail"}],"items_purged_floors":[24,44],"is_endless":false,"potions_floor_spawned":[4,8,12,14,18,25,27,28,35,37,45],"ascension_level":0}