{"gold_per_floor":[114,128,303,314,314,314,314,346,346,374,393,393,423,436,436,536,536,546,563,575,171,171,196,196,206,206,226,236,236,256,256,256,355,355,370,470,490,116,129,163,183,34,58,68,68,168,187,197,197,197,197,197,71,104,104],"floor_reached":56,"playtime":4598,"items_purged":["Normality","Doubt"],"score":1248,"play_id":"4e2a7da0-c403-4f19-8715-5364f0a1dd7a","local_time":"20190218201806","is_ascension_mode":false,"campfire_choices":[{"data":"Dash","floor":6.0,"key":"SMITH"},{"floor":12.0,"key":"REST"},{"data":"Setup","floor":15.0,"key":"SMITH"},{"floor":24.0,"key":"REST"},{"floor":29.0,"key":"REST"},{"floor":32.0,"key":"RECALL"},{"floor":45,"key":"REST"},{"floor":49,"key":"DIG"},{"floor":52,"key":"DIG"}],"neow_cost":"NONE","seed_source_timestamp":2416958211644723,"circlet_count":0,"master_deck":["Defend_G+1","Defend_G","Defend_G","Defend_G","Defend_G","Strike_G","Strike_G","Strike_G+1","Survivor+1","Neutralize+1","Distraction+1","Dash","Dash+1","Setup+1","Well Laid Plans","Deflect+1","Bouncing Flask+1","Corpse Explosion+1","Clumsy","Parasite","PiercingWail+1","Backflip+1","Sadistic Nature+1","Envenom+1","Acrobatics+1","Dash","Deflect+1","Bane+1","Catalyst+1","Die Die Die","Footwork+1","Dagger Throw","Footwork+1","Catalyst+1","Expertise+1","Backflip+1"],"special_seed":0,"relics":["Ring of the Snake","Gremlin Horn","Sundial","Toxic Egg 2","Bottled Flame","Darkstone Periapt","Calling Bell","Oddly Smooth Stone","Frozen Egg 2","The Specimen","Tough Bandages","Bag of Marbles","Potion Belt","Fusion Hammer","Shovel","HandDrill","War Paint","Happy Flower","StoneCalendar","Ornamental Fan","Centennial Puzzle"],"potions_floor_usage":[55,55,55,55,55],"damage_taken":[{"damage":0.0,"enemies":"Small Slimes","floor":1.0,"turns":3.0},{"damage":1.0,"enemies":"Jaw Worm","floor":2.0,"turns":4.0},{"damage":0.0,"enemies":"Cultist","floor":4.0,"turns":4.0},{"damage":14.0,"enemies":"Lagavulin","floor":8.0,"turns":10.0},{"damage":12.0,"enemies":"3 Sentries","floor":10.0,"turns":10.0},{"damage":0.0,"enemies":"3 Louse","floor":11.0,"turns":2.0},{"damage":13.0,"enemies":"Lagavulin","floor":13.0,"turns":8.0},{"damage":0.0,"enemies":"Blue Slaver","floor":14.0,"turns":3.0},{"damage":26.0,"enemies":"Slime Boss","floor":16.0,"turns":13.0},{"damage":15.0,"enemies":"Chosen","floor":18.0,"turns":5.0},{"damage":7.0,"enemies":"3 Byrds","floor":19.0,"turns":3.0},{"damage":23.0,"enemies":"Snake Plant","floor":20.0,"turns":6.0},{"damage":20.0,"enemies":"Book of Stabbing","floor":23.0,"turns":6.0},{"damage":19.0,"enemies":"Sentry and Sphere","floor":25.0,"turns":5.0},{"damage":7.0,"enemies":"Centurion and Healer","floor":27.0,"turns":5.0},{"damage":3.0,"enemies":"Shelled Parasite and Fungi","floor":28.0,"turns":6.0},{"damage":0.0,"enemies":"Snecko","floor":30.0,"turns":5.0},{"damage":30.0,"enemies":"Collector","floor":33.0,"turns":9.0},{"damage":0.0,"enemies":"Orb Walker","floor":35.0,"turns":4.0},{"damage":0.0,"enemies":"Mind Bloom Boss Battle","floor":36.0,"turns":4.0},{"damage":0.0,"enemies":"3 Shapes","floor":37.0,"turns":2.0},{"damage":24,"enemies":"Spire Growth","floor":39,"turns":4},{"damage":1,"enemies":"Giant Head","floor":40,"turns":8},{"damage":21,"enemies":"Writhing Mass","floor":41,"turns":5},{"damage":0,"enemies":"3 Darklings","floor":44,"turns":5},{"damage":0,"enemies":"Maw","floor":47,"turns":7},{"damage":9,"enemies":"Writhing Mass","floor":48,"turns":4},{"damage":50,"enemies":"Time Eater","floor":50,"turns":12},{"damage":11,"enemies":"Shield and Spear","floor":54,"turns":6},{"damage":53,"enemies":"The Heart","floor":55,"turns":9}],"seed_played":"155652277572845292","potions_obtained":[{"floor":4.0,"key":"FearPotion"},{"floor":13.0,"key":"Explosive Potion"},{"floor":14.0,"key":"PowerPotion"},{"floor":18.0,"key":"Dexterity Potion"},{"floor":35.0,"key":"EssenceOfSteel"},{"floor":40,"key":"EssenceOfSteel"},{"floor":44,"key":"SteroidPotion"}],"is_trial":false,"path_per_floor":["M","M","?","M","?","R","T","E","T","E","M","R","E","M","R","B",null,"M","M","M","$","?","E","R","M","T","M","M","R","M","?","R","B",null,"M","?","M","$","M","E","M","$","T","M","R","?","M","M","R","B",null,"R","$","E","B",null],"character_chosen":"THE_SILENT","items_purchased":["Sadistic Nature+1","Envenom+1","HandDrill","Footwork+1","Happy Flower","GhostInAJar","Weak Potion"],"campfire_rested":4,"item_purchase_floors":[21,21,38,38,42,53,53],"current_hp_per_floor":[70,69,69,69,55,55,55,41,41,29,29,50,37,37,37,11,88,73,66,43,43,43,23,49,30,30,23,20,46,46,46,46,16,88,88,88,88,88,64,63,42,42,42,42,68,68,68,59,59,9,88,88,88,77,24],"gold":104,"neow_bonus":"UPGRADE_CARD","is_prod":false,"is_daily":false,"chose_seed":false,"campfire_upgraded":2,"win_rate":0,"timestamp":1550539086,"path_taken":["M","M","?","M","?","R","?","E","T","E","M","R","E","M","R","BOSS","M","M","?","$","?","E","R","M","T","M","M","R","M","?","R","BOSS","M","?","M","$","M","E","M","$","T","M","R","?","M","M","R","BOSS","R","$","E","BOSS"],"build_version":"2019-01-23","purchased_purges":2,"victory":true,"max_hp_per_floor":[70,70,70,70,70,70,70,70,70,70,70,70,70,70,70,70,88,88,88,88,88,88,88,88,88,88,88,88,88,88,88,88,88,88,88,88,88,88,88,88,88,88,88,88,88,88,88,88,88,88,88,88,88,88,88],"card_choices":[{"not_picked":["Dodge and Roll","Backflip"],"picked":"Distraction","floor":1.0},{"not_picked":["Finisher","PiercingWail"],"picked":"Dash","floor":2.0},{"not_picked":["Dagger Throw","Tactician"],"picked":"Dash","floor":4.0},{"not_picked":["Venomology","Reflex"],"picked":"Setup","floor":8.0},{"not_picked":["Predator","Quick Slash"],"picked":"Well Laid Plans","floor":10.0},{"not_picked":["Flechettes","Acrobatics+1"],"picked":"Deflect+1","floor":11.0},{"not_picked":["Acrobatics+1","Prepared+1"],"picked":"Bouncing Flask+1","floor":13.0},{"not_picked":["Slice","Choke","Cloak And Dagger+1"],"picked":"SKIP","floor":14.0},{"not_picked":["Grand Finale","After Image"],"picked":"Corpse Explosion+1","floor":16.0},{"not_picked":["Outmaneuver+1","Dagger Spray","Accuracy+1"],"picked":"SKIP","floor":18.0},{"not_picked":["Finisher","Sucker Punch"],"picked":"PiercingWail+1","floor":19.0},{"not_picked":["Acrobatics+1","Sucker Punch"],"picked":"Backflip+1","floor":20.0},{"not_picked":["Masterful Stab","Quick Slash","Flying Knee"],"picked":"SKIP","floor":23.0},{"not_picked":["Setup+1","PiercingWail+1"],"picked":"Deflect+1","floor":25.0},{"not_picked":["Deflect+1","Heel Hook+1"],"picked":"Bane+1","floor":27.0},{"not_picked":["Underhanded Strike+1","PiercingWail+1"],"picked":"Catalyst+1","floor":28.0},{"not_picked":["Bane","Bouncing Flask+1","Dagger Spray+1"],"picked":"SKIP","floor":30.0},{"not_picked":["Doppelganger+1","Glass Knife"],"picked":"Die Die Die","floor":33.0},{"not_picked":["Underhanded Strike","Deadly Poison+1"],"picked":"Footwork+1","floor":35.0},{"not_picked":["Quick Slash","Riddle With Holes+1"],"picked":"Dagger Throw","floor":37.0},{"not_picked":["Slice","Eviscerate+1","Flying Knee"],"picked":"SKIP","floor":39},{"not_picked":["Deflect+1","Bane"],"picked":"Catalyst+1","floor":40},{"not_picked":["Backflip+1","Outmaneuver+1","Deflect+1"],"picked":"SKIP","floor":41},{"not_picked":["Backflip+1","Outmaneuver+1","Deflect+1"],"picked":"SKIP","floor":41},{"not_picked":["Heel Hook","Slice+1"],"picked":"Expertise+1","floor":44},{"not_picked":["Deflect+1","Outmaneuver+1","Poisoned Stab"],"picked":"SKIP","floor":47},{"not_picked":["All Out Attack+1","Reflex+1"],"picked":"Backflip+1","floor":48},{"not_picked":["Heel Hook","Footwork+1","Choke+1"],"picked":"SKIP","floor":54}],"player_experience":691022,"relics_obtained":[{"floor":7.0,"key":"Gremlin Horn"},{"floor":8.0,"key":"Sundial"},{"floor":9.0,"key":"Toxic Egg 2"},{"floor":10.0,"key":"Bottled Flame"},{"floor":13.0,"key":"Darkstone Periapt"},{"floor":17.0,"key":"Oddly Smooth Stone"},{"floor":17.0,"key":"Frozen Egg 2"},{"floor":17.0,"key":"The Specimen"},{"floor":23.0,"key":"Tough Bandages"},{"floor":26.0,"key":"Bag of Marbles"},{"floor":36.0,"key":"Shovel"},{"floor":40,"key":"War Paint"},{"floor":49,"key":"StoneCalendar"},{"floor":52,"key":"Ornamental Fan"},{"floor":54,"key":"Centennial Puzzle"}],"event_choices":[{"damage_healed":0.0,"max_hp_gain":0.0,"max_hp_loss":0.0,"gold_gain":175.0,"event_name":"Liars Game","player_choice":"AGREE","floor":3.0,"gold_loss":0.0,"damage_taken":0.0,"cards_obtained":["Doubt"]},{"damage_healed":0.0,"max_hp_gain":0.0,"max_hp_loss":0.0,"gold_gain":0.0,"event_name":"Shining Light","player_choice":"Entered Light","floor":5.0,"gold_loss":0.0,"damage_taken":14.0,"cards_upgraded":["Distraction","Strike_G"]},{"damage_healed":0.0,"max_hp_gain":0.0,"max_hp_loss":0.0,"gold_gain":0.0,"cards_transformed":["Strike_G","Strike_G"],"event_name":"Drug Dealer","player_choice":"Became Test Subject","floor":22.0,"gold_loss":0.0,"damage_taken":0.0,"cards_obtained":["Acrobatics","Dash"]},{"damage_healed":0.0,"max_hp_gain":0.0,"max_hp_loss":0.0,"gold_gain":0.0,"event_name":"WeMeetAgain","player_choice":"Gave Potion","floor":31.0,"gold_loss":0.0,"damage_taken":0.0,"relics_obtained":["Potion Belt"]},{"damage_healed":0.0,"max_hp_gain":0.0,"max_hp_loss":0.0,"gold_gain":0.0,"event_name":"MindBloom","player_choice":"Fight","floor":36.0,"gold_loss":0.0,"damage_taken":0.0},{"damage_healed":0,"gold_gain":100,"player_choice":"Pray","damage_taken":0,"max_hp_gain":0,"max_hp_loss":0,"event_name":"Golden Shrine","floor":46,"gold_loss":0}],"is_beta":false,"boss_relics":[{"not_picked":["Busted Crown","White Beast Statue"],"picked":"Calling Bell"},{"not_picked":["Pandora\u0027s Box","Ring of the Serpent"],"picked":"Fusion Hammer"}],"items_purged_floors":[21,38],"is_endless":false,"potions_floor_spawned":[4,13,14,16,18,20,28,30,35,40,41,44,54],"ascension_level":0}