{"gold_per_floor":[115,131,22,35,50,50,50,86,86,86,121,121,121,21,21,151,151,164,185,155,176,176],"floor_reached":22,"playtime":1014,"items_purged":["Strike_R","Strike_R"],"score":219,"play_id":"ddc9e363-99d9-49db-9dd2-24f704e55107","local_time":"20191004211849","is_ascension_mode":false,"campfire_choices":[{"data":"Inflame","floor":6,"key":"SMITH"},{"data":"Feed","floor":10,"key":"SMITH"},{"floor":15,"key":"REST"}],"neow_cost":"NONE","seed_source_timestamp":1796311517498719,"circlet_count":0,"master_deck":["Defend_R","Defend_R+1","Defend_R","Bash","True Grit","Thunderclap","Headbutt","Inflame+1","Flex","Feed+1","Shrug It Off","Spot Weakness","Reaper","Sword Boomerang","Thunderclap+1"],"relics":["Burning Blood","Golden Idol","Boot","Matryoshka","WingedGreaves","Empty Cage"],"potions_floor_usage":[8,8,22],"damage_taken":[{"damage":0,"enemies":"2 Louse","floor":1,"turns":2},{"damage":5,"enemies":"Small Slimes","floor":2,"turns":5},{"damage":6,"enemies":"Jaw Worm","floor":4,"turns":4},{"damage":7,"enemies":"Red Slaver","floor":5,"turns":4},{"damage":9,"enemies":"3 Sentries","floor":8,"turns":6},{"damage":42,"enemies":"Gremlin Nob","floor":11,"turns":6},{"damage":32,"enemies":"Slime Boss","floor":16,"turns":12},{"damage":64,"enemies":"Spheric Guardian","floor":18,"turns":10},{"damage":26,"enemies":"2 Thieves","floor":19,"turns":4},{"damage":27,"enemies":"Centurion and Healer","floor":21,"turns":7},{"damage":32,"enemies":"Snecko","floor":22,"turns":7}],"seed_played":"-1355723570589836169","potions_obtained":[{"floor":1,"key":"SkillPotion"},{"floor":4,"key":"Explosive Potion"},{"floor":20,"key":"SneckoOil"},{"floor":20,"key":"LiquidBronze"},{"floor":21,"key":"Strength Potion"}],"is_trial":false,"path_per_floor":["M","M","$","M","M","R","?","E","T","R","E","?","?","$","R","B",null,"M","M","?","M","M"],"character_chosen":"IRONCLAD","items_purchased":["Inflame"],"campfire_rested":1,"item_purchase_floors":[3],"current_hp_per_floor":[80,80,80,80,79,79,59,59,59,59,27,10,3,3,29,7,91,48,42,42,25,0],"gold":176,"neow_bonus":"TRANSFORM_CARD","is_prod":false,"is_daily":false,"chose_seed":false,"campfire_upgraded":2,"win_rate":0,"timestamp":1570238329,"path_taken":["M","M","$","M","M","R","?","E","T","R","E","?","?","$","R","BOSS","M","M","?","M","?"],"build_version":"2019-07-17","purchased_purges":2,"victory":false,"max_hp_per_floor":[80,80,80,80,80,80,80,83,83,83,87,87,87,87,87,91,91,91,95,95,99,99],"card_choices":[{"not_picked":["Reckless Charge","Warcry"],"picked":"Thunderclap","floor":1},{"not_picked":["Flex","Warcry"],"picked":"Headbutt","floor":2},{"not_picked":["Wild Strike","Havoc"],"picked":"Flex","floor":4},{"not_picked":["Flex","Warcry"],"picked":"Feed","floor":5},{"not_picked":["Thunderclap","Exhume"],"picked":"Shrug It Off","floor":8},{"not_picked":["Second Wind","Warcry"],"picked":"Spot Weakness","floor":11},{"not_picked":["Offering","Demon Form"],"picked":"Reaper","floor":16},{"not_picked":["Body Slam","Thunderclap"],"picked":"Sword Boomerang","floor":18},{"not_picked":["Blood for Blood","Armaments","Evolve"],"picked":"SKIP","floor":19},{"not_picked":["Heavy Blade","Searing Blow"],"picked":"Thunderclap+1","floor":21}],"player_experience":1337234,"relics_obtained":[{"floor":8,"key":"Boot"},{"floor":9,"key":"Matryoshka"},{"floor":11,"key":"WingedGreaves"}],"event_choices":[{"damage_healed":0,"gold_gain":0,"player_choice":"Take Damage","damage_taken":20,"relics_obtained":["Golden Idol"],"max_hp_gain":0,"max_hp_loss":0,"event_name":"Golden Idol","floor":7,"gold_loss":0},{"damage_healed":0,"gold_gain":0,"player_choice":"Entered Light","damage_taken":17,"max_hp_gain":0,"max_hp_loss":0,"event_name":"Shining Light","floor":12,"gold_loss":0,"cards_upgraded":["Defend_R","Strike_R"]},{"cards_removed":["Strike_R"],"damage_healed":0,"gold_gain":0,"player_choice":"Card Removal","damage_taken":7,"max_hp_gain":0,"max_hp_loss":0,"event_name":"Golden Wing","floor":13,"gold_loss":0},{"damage_healed":0,"gold_gain":0,"player_choice":"Bought 2 Potions","damage_taken":0,"max_hp_gain":0,"max_hp_loss":0,"event_name":"The Woman in Blue","floor":20,"gold_loss":0}],"is_beta":false,"boss_relics":[{"not_picked":["Lizard Tail","White Beast Statue"],"picked":"Empty Cage"}],"items_purged_floors":[3,14],"is_endless":false,"potions_floor_spawned":[1,4,21],"killed_by":"Snecko","ascension_level":0}