{"gold_per_floor":[109,123,138,63,63,63,96,157,169,131,106,129,141,164,176,289,301,327,358,69,69,81,112,112,124,124,124,142,142,155,189,189,285,335,354,354,78,178,38,38,48,60,141,141,152,167,197,209,209,209],"floor_reached":51,"playtime":4928,"items_purged":["Strike_G","Strike_G"],"score":844,"play_id":"28b99f3e-c557-45c5-b746-f6c54379524e","local_time":"20191005173832","is_ascension_mode":false,"campfire_choices":[{"data":"Infinite Blades","floor":6.0,"key":"SMITH"},{"floor":15,"key":"REST"},{"data":"Bullet Time","floor":24,"key":"SMITH"},{"data":"Noxious Fumes","floor":29,"key":"SMITH"},{"data":"After Image","floor":32,"key":"SMITH"},{"data":"Tools of the Trade","floor":40,"key":"SMITH"},{"data":"Envenom","floor":44,"key":"SMITH"},{"data":"Mayhem","floor":49,"key":"SMITH"}],"neow_cost":"NONE","seed_source_timestamp":0,"circlet_count":0,"master_deck":["Defend_G","Defend_G","Defend_G","Defend_G+1","Defend_G","Survivor","Neutralize","Dagger Spray","Poisoned Stab","Infinite Blades+1","Well Laid Plans","Noxious Fumes+1","Backflip","Bullet Time+1","Envenom+1","Blade Dance","Well Laid Plans","Acrobatics+1","Noxious Fumes+1","Infinite Blades","After Image+1","Tools of the Trade+1","Infinite Blades","After Image","Mayhem+1","Noxious Fumes","Choke+1","Noxious Fumes","Infinite Blades+1","Infinite Blades"],"special_seed":0,"relics":["Ring of the Snake","Bronze Scales","Mummified Hand","MawBank","Pear","WristBlade","Bird Faced Urn","Nunchaku","Anchor","Bottled Tornado","Dodecahedron","Tiny House","Pocketwatch","Ninja Scroll","Blood Vial"],"potions_floor_usage":[16,16,22,23,30,50,50,50],"damage_taken":[{"damage":0.0,"enemies":"Jaw Worm","floor":1.0,"turns":5.0},{"damage":0.0,"enemies":"2 Louse","floor":2.0,"turns":2.0},{"damage":0.0,"enemies":"Small Slimes","floor":3.0,"turns":3.0},{"damage":35.0,"enemies":"Lagavulin","floor":7.0,"turns":8.0},{"damage":13,"enemies":"3 Sentries","floor":8,"turns":6},{"damage":0,"enemies":"3 Louse","floor":12,"turns":3},{"damage":1,"enemies":"Exordium Thugs","floor":14,"turns":4},{"damage":0,"enemies":"Slime Boss","floor":16,"turns":6},{"damage":3,"enemies":"3 Byrds","floor":18,"turns":3},{"damage":7,"enemies":"Shell Parasite","floor":19,"turns":4},{"damage":11,"enemies":"Snecko","floor":22,"turns":4},{"damage":17,"enemies":"Gremlin Leader","floor":23,"turns":5},{"damage":0,"enemies":"Chosen and Byrds","floor":25,"turns":5},{"damage":0,"enemies":"Centurion and Healer","floor":28,"turns":5},{"damage":0,"enemies":"Snake Plant","floor":30,"turns":4},{"damage":21,"enemies":"Book of Stabbing","floor":31,"turns":5},{"damage":33,"enemies":"Collector","floor":33,"turns":7},{"damage":0,"enemies":"3 Shapes","floor":35,"turns":5},{"damage":0,"enemies":"Mind Bloom Boss Battle","floor":38,"turns":5},{"damage":2,"enemies":"Orb Walker","floor":41,"turns":4},{"damage":0,"enemies":"4 Shapes","floor":42,"turns":5},{"damage":0,"enemies":"Transient","floor":45,"turns":5},{"damage":1,"enemies":"Sphere and 2 Shapes","floor":46,"turns":4},{"damage":4,"enemies":"Nemesis","floor":47,"turns":7},{"damage":2,"enemies":"Jaw Worm Horde","floor":48,"turns":4},{"damage":16,"enemies":"Donu and Deca","floor":50,"turns":7}],"seed_played":"8800266201318868478","potions_obtained":[{"floor":2.0,"key":"SkillPotion"},{"floor":3.0,"key":"EssenceOfSteel"},{"floor":7,"key":"Poison Potion"},{"floor":14,"key":"Strength Potion"},{"floor":19,"key":"Weak Potion"},{"floor":28,"key":"GhostInAJar"},{"floor":34,"key":"Poison Potion"},{"floor":38,"key":"PowerPotion"},{"floor":42,"key":"SpeedPotion"},{"floor":45,"key":"Weak Potion"}],"is_trial":false,"path_per_floor":["M","M","M","$","?","R","E","?","T","?","?","M","?","M","R","B",null,"M","M","$","?","M","E","R","M","T","?","M","R","M","E","R","B",null,"M","?","$","?","$","R","M","M","T","R","M","M","E","M","R","B",null],"character_chosen":"THE_SILENT","items_purchased":["Bird Faced Urn","Mayhem","Noxious Fumes","Noxious Fumes"],"campfire_rested":1,"item_purchase_floors":[20,37,37,39],"current_hp_per_floor":[70,70,70,70,70,70,35,22,32,32,32,32,25,24,48,48,80,77,70,70,70,67,58,58,68,68,68,78,78,80,61,61,44,85,85,85,85,85,85,85,83,85,85,85,85,85,83,85,85,74],"gold":209,"neow_bonus":"RANDOM_COMMON_RELIC","is_prod":false,"is_daily":false,"chose_seed":false,"campfire_upgraded":7,"win_rate":0.0,"timestamp":1570311512,"path_taken":["M","M","M","$","?","R","E","?","T","?","?","M","?","?","R","BOSS","M","M","?","?","?","E","R","M","T","?","M","R","?","E","R","BOSS","M","?","$","?","?","R","M","?","T","R","M","M","E","M","R","BOSS"],"build_version":"2019-07-17","purchased_purges":2,"victory":true,"max_hp_per_floor":[70,70,70,70,70,70,70,70,80,80,80,80,80,80,80,80,80,80,80,80,80,80,80,80,80,80,80,80,80,80,80,80,80,85,85,85,85,85,85,85,85,85,85,85,85,85,85,85,85,85],"card_choices":[{"not_picked":["Sucker Punch","Expertise"],"picked":"Dagger Spray","floor":1.0},{"not_picked":["Heel Hook","PiercingWail"],"picked":"Flying Knee","floor":2.0},{"not_picked":["Underhanded Strike","Slice"],"picked":"Poisoned Stab","floor":3.0},{"not_picked":["Outmaneuver","Dagger Spray"],"picked":"Well Laid Plans","floor":7},{"not_picked":["Backstab","Flechettes"],"picked":"Noxious Fumes","floor":8},{"not_picked":["Eviscerate","Underhanded Strike"],"picked":"Backflip","floor":12},{"not_picked":["Poisoned Stab","Slice"],"picked":"Bullet Time","floor":14},{"not_picked":["A Thousand Cuts","Phantasmal Killer"],"picked":"Envenom","floor":16},{"not_picked":["Distraction","Sucker Punch"],"picked":"Blade Dance","floor":18},{"not_picked":["Dodge and Roll+1","Dagger Spray","Deflect+1"],"picked":"SKIP","floor":19},{"not_picked":["Crippling Poison+1","Terror+1","Blade Dance"],"picked":"SKIP","floor":22},{"not_picked":["Poisoned Stab","Flying Knee"],"picked":"Well Laid Plans","floor":23},{"not_picked":["Blade Dance","Flying Knee"],"picked":"Acrobatics+1","floor":25},{"not_picked":["Endless Agony","Wraith Form v2"],"picked":"Noxious Fumes","floor":28},{"not_picked":["Backflip","Endless Agony"],"picked":"Infinite Blades","floor":30},{"not_picked":["Deflect","Eviscerate"],"picked":"After Image","floor":31},{"not_picked":["Bullet Time","Die Die Die"],"picked":"Tools of the Trade","floor":33},{"not_picked":["Slice","Dagger Spray+1"],"picked":"Infinite Blades","floor":34},{"not_picked":["Skewer+1","PiercingWail"],"picked":"After Image","floor":35},{"not_picked":["Deadly Poison","Quick Slash"],"picked":"Choke+1","floor":38},{"not_picked":["Deflect","Flechettes","Poisoned Stab"],"picked":"SKIP","floor":41},{"not_picked":["Slice+1","Deadly Poison+1","Dodge and Roll+1"],"picked":"SKIP","floor":42},{"not_picked":["Prepared","Quick Slash+1"],"picked":"Infinite Blades+1","floor":45},{"not_picked":["Dash+1","Wraith Form v2","PiercingWail"],"picked":"SKIP","floor":46},{"not_picked":["Quick Slash+1","Blade Dance+1"],"picked":"Infinite Blades","floor":47},{"not_picked":["Underhanded Strike+1","All Out Attack+1","Quick Slash+1"],"picked":"SKIP","floor":48}],"player_experience":30116,"relics_obtained":[{"floor":7,"key":"Mummified Hand"},{"floor":9,"key":"Pear"},{"floor":21,"key":"Nunchaku"},{"floor":23,"key":"Anchor"},{"floor":26,"key":"Bottled Tornado"},{"floor":31,"key":"Dodecahedron"},{"floor":38,"key":"Pocketwatch"},{"floor":43,"key":"Ninja Scroll"},{"floor":47,"key":"Blood Vial"}],"event_choices":[{"damage_healed":0.0,"max_hp_gain":0.0,"max_hp_loss":0.0,"gold_gain":0.0,"cards_transformed":["Strike_G"],"event_name":"Living Wall","player_choice":"Change","floor":5.0,"gold_loss":0.0,"damage_taken":0.0,"cards_obtained":["Infinite Blades"]},{"damage_healed":0,"gold_gain":0,"player_choice":"Searched \u00273\u0027 times","damage_taken":0,"relics_obtained":["MawBank"],"max_hp_gain":0,"max_hp_loss":0,"event_name":"Dead Adventurer","floor":8,"gold_loss":0},{"cards_removed":["Strike_G"],"damage_healed":0,"gold_gain":0,"player_choice":"Card Removal","damage_taken":0,"max_hp_gain":0,"max_hp_loss":0,"event_name":"The Cleric","floor":10,"gold_loss":50},{"damage_healed":0,"gold_gain":0,"player_choice":"Left Gold","damage_taken":0,"max_hp_gain":0,"max_hp_loss":0,"event_name":"World of Goop","floor":11,"gold_loss":37},{"cards_removed":["Strike_G"],"damage_healed":0,"gold_gain":0,"player_choice":"Card Removal","damage_taken":7,"max_hp_gain":0,"max_hp_loss":0,"event_name":"Golden Wing","floor":13,"gold_loss":0},{"damage_healed":0,"gold_gain":0,"player_choice":"Relic","damage_taken":0,"max_hp_gain":0,"max_hp_loss":0,"event_name":"Wheel of Change","floor":21,"gold_loss":0},{"damage_healed":0,"gold_gain":0,"player_choice":"Upgraded","damage_taken":0,"max_hp_gain":0,"max_hp_loss":0,"event_name":"Upgrade Shrine","floor":27,"gold_loss":0,"cards_upgraded":["Noxious Fumes"]},{"cards_removed":["Flying Knee"],"damage_healed":0,"gold_gain":0,"player_choice":"Removed Attack","damage_taken":0,"max_hp_gain":0,"max_hp_loss":0,"event_name":"Falling","floor":36,"gold_loss":0},{"damage_healed":0,"gold_gain":0,"player_choice":"Fight","damage_taken":0,"max_hp_gain":0,"max_hp_loss":0,"event_name":"MindBloom","floor":38,"gold_loss":0}],"is_beta":false,"boss_relics":[{"not_picked":["Coffee Dripper","Eternal Feather"],"picked":"WristBlade"},{"not_picked":["HoveringKite","Fusion Hammer"],"picked":"Tiny House"}],"items_purged_floors":[4,39],"is_endless":false,"potions_floor_spawned":[2,3,7,14,19,28,38,42,45,46],"ascension_level":0}