{"gold_per_floor":[110,110,110,110,130,130,162,181,235,245,245,273,273,298,298,375,375,390,390,315,335,335,335,365,389,414,448,468,468,79,105,105,182,182,196,25,40,87,87,87,114,133,160,189,289,63,88,106,106,106],"floor_reached":51,"playtime":4678,"items_purged":["Strike_B"],"score":1480,"play_id":"f1f9447f-e1ac-4e85-9a1a-7491654c033f","local_time":"20190602230010","is_ascension_mode":true,"campfire_choices":[{"floor":6.0,"key":"REST"},{"data":"Consume","floor":11.0,"key":"SMITH"},{"floor":13.0,"key":"REST"},{"data":"Capacitor","floor":15.0,"key":"SMITH"},{"floor":23.0,"key":"REST"},{"floor":29.0,"key":"REST"},{"data":"Biased Cognition","floor":32,"key":"SMITH"},{"data":"Capacitor","floor":40,"key":"SMITH"},{"data":"Hologram","floor":49,"key":"SMITH"}],"neow_cost":"NONE","seed_source_timestamp":171384809934870,"circlet_count":0,"master_deck":["AscendersBane","Zap+1","Dualcast+1","Sweeping Beam","Chill","Consume+1","Ball Lightning","Capacitor+1","Hologram","Glacier","Echo Form","Loop","Ghostly","Ghostly","Ghostly","Sunder","Hologram+1","Self Repair","Biased Cognition+1","Defragment","Auto Shields","White Noise","Sunder","Darkness","Capacitor+1","Defragment","Barrage+1","Hologram"],"special_seed":0,"relics":["Cracked Core","NeowsBlessing","Bag of Preparation","Vajra","Juzu Bracelet","Odd Mushroom","Anchor","Snecko Eye","Pocketwatch","Smiling Mask","Happy Flower","WingedGreaves","Gambling Chip","Oddly Smooth Stone","Pandora\u0027s Box","Art of War","Ice Cream","Prayer Wheel","Blood Vial","Bag of Marbles","Nunchaku","Sling","Dream Catcher"],"potions_floor_usage":[50,50],"damage_taken":[{"damage":0.0,"enemies":"2 Louse","floor":1.0,"turns":1.0},{"damage":0.0,"enemies":"Small Slimes","floor":5.0,"turns":1.0},{"damage":0.0,"enemies":"Gremlin Nob","floor":7.0,"turns":1.0},{"damage":2.0,"enemies":"Jaw Worm","floor":8.0,"turns":3.0},{"damage":2.0,"enemies":"Exordium Wildlife","floor":10.0,"turns":3.0},{"damage":2.0,"enemies":"The Mushroom Lair","floor":12.0,"turns":3.0},{"damage":29.0,"enemies":"Lagavulin","floor":14.0,"turns":4.0},{"damage":11.0,"enemies":"Hexaghost","floor":16.0,"turns":12.0},{"damage":13.0,"enemies":"2 Thieves","floor":18.0,"turns":4.0},{"damage":0.0,"enemies":"Chosen","floor":21.0,"turns":4.0},{"damage":16.0,"enemies":"Slavers","floor":24.0,"turns":15.0},{"damage":18.0,"enemies":"Gremlin Leader","floor":27.0,"turns":6.0},{"damage":0.0,"enemies":"Snake Plant","floor":28.0,"turns":6.0},{"damage":0,"enemies":"Book of Stabbing","floor":31,"turns":5},{"damage":1,"enemies":"Automaton","floor":33,"turns":13},{"damage":0,"enemies":"3 Shapes","floor":35,"turns":4},{"damage":2,"enemies":"Orb Walker","floor":37,"turns":2},{"damage":3,"enemies":"2 Orb Walkers","floor":38,"turns":6},{"damage":29,"enemies":"Nemesis","floor":41,"turns":9},{"damage":0,"enemies":"Transient","floor":42,"turns":5},{"damage":4,"enemies":"Giant Head","floor":44,"turns":7},{"damage":0,"enemies":"Mind Bloom Boss Battle","floor":45,"turns":8},{"damage":0,"enemies":"Reptomancer","floor":47,"turns":5},{"damage":0,"enemies":"Sphere and 2 Shapes","floor":48,"turns":4},{"damage":20,"enemies":"Time Eater","floor":50,"turns":8}],"seed_played":"-2216487192253117304","potions_obtained":[{"floor":7.0,"key":"Poison Potion"},{"floor":8.0,"key":"Strength Potion"},{"floor":14.0,"key":"Regen Potion"},{"floor":21.0,"key":"Regen Potion"},{"floor":27.0,"key":"Dexterity Potion"},{"floor":45,"key":"PowerPotion"},{"floor":48,"key":"Ancient Potion"}],"is_trial":false,"path_per_floor":["M","?","?","?","M","R","E","M","T","M","R","?","R","E","R","B",null,"M","?","?","M","?","R","E","T","T","E","M","R","$","E","R","B",null,"M","$","M","?","?","R","E","M","T","E","?","$","E","M","R","B",null],"character_chosen":"DEFECT","items_purchased":["Gambling Chip","Art of War","Sling"],"campfire_rested":4,"item_purchase_floors":[30,36,46],"current_hp_per_floor":[64,64,43,17,17,38,38,36,36,34,34,32,53,24,24,13,57,44,24,24,24,24,35,34,34,34,16,16,27,27,27,27,33,37,37,37,38,38,38,38,23,37,37,38,38,38,38,38,38,18],"gold":106,"neow_bonus":"THREE_ENEMY_KILL","is_prod":false,"is_daily":false,"chose_seed":false,"campfire_upgraded":5,"win_rate":0,"timestamp":1559509210,"path_taken":["M","?","?","?","?","R","E","M","T","M","R","?","R","E","R","BOSS","M","?","?","M","?","R","E","?","T","E","M","R","$","E","R","BOSS","M","?","M","?","?","R","E","M","T","E","?","$","E","M","R","BOSS"],"build_version":"2019-01-23","purchased_purges":1,"victory":true,"max_hp_per_floor":[71,71,71,71,71,71,71,71,71,71,71,71,71,71,71,71,71,71,76,76,76,38,38,38,38,38,38,38,38,38,38,38,38,38,38,38,38,38,38,38,38,38,38,38,38,38,38,38,38,38],"card_choices":[{"not_picked":["Skim","Stack"],"picked":"Sweeping Beam","floor":1.0},{"not_picked":["Beam Cell","Gash"],"picked":"Chill","floor":5.0},{"not_picked":["Scrape","Blizzard"],"picked":"Consume","floor":7.0},{"not_picked":["Stack","Chill"],"picked":"Ball Lightning","floor":8.0},{"not_picked":["Core Surge","Hello World"],"picked":"Capacitor","floor":10.0},{"not_picked":["Redo","Stack"],"picked":"Hologram","floor":12.0},{"not_picked":["Conserve Battery","Genetic Algorithm"],"picked":"Glacier","floor":14.0},{"not_picked":["Core Surge","Seek"],"picked":"Echo Form","floor":16.0},{"not_picked":["Reprogram","Skim","Streamline"],"picked":"SKIP","floor":18.0},{"not_picked":["Ball Lightning","White Noise"],"picked":"Loop","floor":21.0},{"not_picked":["Steam Power+1","Storm"],"picked":"Sunder","floor":24.0},{"not_picked":["Turbo","Sweeping Beam"],"picked":"Hologram","floor":27.0},{"not_picked":["Hologram","Redo"],"picked":"Self Repair","floor":28.0},{"not_picked":["Redo","Ball Lightning"],"picked":"Biased Cognition","floor":31},{"not_picked":["Rip and Tear","Heatsinks"],"picked":"Capacitor","floor":35},{"not_picked":["Turbo+1","Barrage"],"picked":"Defragment","floor":37},{"not_picked":["Force Field","Chaos+1","Beam Cell+1"],"picked":"SKIP","floor":41},{"not_picked":["Heatsinks+1","Leap+1","Consume+1"],"picked":"SKIP","floor":42},{"not_picked":["Double Energy","Undo","Compile Driver"],"picked":"SKIP","floor":42},{"not_picked":["Skim+1","Lockon","Conserve Battery+1"],"picked":"SKIP","floor":44},{"not_picked":["Turbo","Chill+1","Undo"],"picked":"SKIP","floor":47},{"not_picked":["Amplify","Hologram"],"picked":"Barrage+1","floor":48},{"not_picked":["Chill","Auto Shields+1"],"picked":"Hologram","floor":48}],"player_experience":435450,"relics_obtained":[{"floor":7.0,"key":"Vajra"},{"floor":9.0,"key":"Juzu Bracelet"},{"floor":12.0,"key":"Odd Mushroom"},{"floor":14.0,"key":"Anchor"},{"floor":24.0,"key":"Pocketwatch"},{"floor":25.0,"key":"Smiling Mask"},{"floor":26.0,"key":"Happy Flower"},{"floor":27.0,"key":"WingedGreaves"},{"floor":31,"key":"Oddly Smooth Stone"},{"floor":38,"key":"Ice Cream"},{"floor":41,"key":"Prayer Wheel"},{"floor":43,"key":"Blood Vial"},{"floor":44,"key":"Bag of Marbles"},{"floor":45,"key":"Nunchaku"},{"floor":47,"key":"Dream Catcher"}],"event_choices":[{"damage_healed":0.0,"max_hp_gain":0.0,"max_hp_loss":0.0,"gold_gain":0.0,"event_name":"Living Wall","player_choice":"Grow","floor":2.0,"gold_loss":0.0,"damage_taken":0.0,"cards_upgraded":["Zap"]},{"damage_healed":0.0,"max_hp_gain":0.0,"max_hp_loss":0.0,"gold_gain":0.0,"event_name":"Shining Light","player_choice":"Entered Light","floor":3.0,"gold_loss":0.0,"damage_taken":21.0,"cards_upgraded":["Strike_B","Dualcast"]},{"damage_healed":0.0,"max_hp_gain":0.0,"max_hp_loss":0.0,"gold_gain":0.0,"event_name":"Scrap Ooze","player_choice":"Success","floor":4.0,"gold_loss":0.0,"damage_taken":26.0,"relics_obtained":["Bag of Preparation"]},{"damage_healed":0.0,"max_hp_gain":0.0,"max_hp_loss":0.0,"gold_gain":0.0,"event_name":"Mushrooms","player_choice":"Fought Mushrooms","floor":12.0,"gold_loss":0.0,"damage_taken":0.0},{"damage_healed":0.0,"max_hp_gain":5.0,"max_hp_loss":0.0,"gold_gain":0.0,"event_name":"Forgotten Altar","player_choice":"Shed Blood","floor":19.0,"gold_loss":0.0,"damage_taken":25.0},{"cards_removed":["Strike_B"],"damage_healed":0.0,"max_hp_gain":0.0,"max_hp_loss":0.0,"gold_gain":0.0,"event_name":"Beggar","player_choice":"Gave Gold","floor":20.0,"gold_loss":75.0,"damage_taken":0.0},{"damage_healed":0.0,"max_hp_gain":0.0,"max_hp_loss":38.0,"gold_gain":0.0,"event_name":"Ghosts","player_choice":"Became a Ghost","floor":22.0,"gold_loss":0.0,"damage_taken":0.0,"cards_obtained":["Ghostly","Ghostly","Ghostly"]},{"damage_healed":0,"gold_gain":0,"player_choice":"Fight","damage_taken":0,"max_hp_gain":0,"max_hp_loss":0,"event_name":"Mysterious Sphere","floor":38,"gold_loss":0},{"cards_removed":["Steam Power"],"damage_healed":0,"gold_gain":0,"player_choice":"Offered Uncommon","damage_taken":0,"max_hp_gain":0,"max_hp_loss":0,"event_name":"Bonfire Elementals","floor":39,"gold_loss":0},{"damage_healed":0,"gold_gain":0,"player_choice":"Fight","damage_taken":0,"max_hp_gain":0,"max_hp_loss":0,"event_name":"MindBloom","floor":45,"gold_loss":0}],"is_beta":false,"boss_relics":[{"not_picked":["Astrolabe","Ectoplasm"],"picked":"Snecko Eye"},{"not_picked":["Calling Bell","Eternal Feather"],"picked":"Pandora\u0027s Box"}],"items_purged_floors":[30],"is_endless":false,"potions_floor_spawned":[7,8,14,16,21,27,28,37,38,44,45,48],"ascension_level":16}