{"gold_per_floor":[99,99,112,126,143,173,188,223,275,275,275,275,288,62,62,166,166,184,195,212,56,56,56],"floor_reached":23,"playtime":2151,"items_purged":["Strike_B"],"score":203,"play_id":"17835c1e-eaa7-4fb3-9f99-f19a8630a2b0","local_time":"20191006015104","is_ascension_mode":false,"campfire_choices":[{"floor":10,"key":"REST"},{"data":"Dualcast","floor":11,"key":"SMITH"},{"data":"Redo","floor":12,"key":"SMITH"},{"data":"Leap","floor":15,"key":"SMITH"}],"neow_cost":"NONE","seed_source_timestamp":124094827730500,"circlet_count":0,"master_deck":["Strike_B","Strike_B","Strike_B","Defend_B","Defend_B","Defend_B","Defend_B","Zap+1","Dualcast+1","Conserve Battery","Coolheaded","Redo+1","Leap+1","Doom and Gloom","Self Repair","Consume","Heatsinks","Echo Form","Cold Snap+1","Genetic Algorithm","Loop","White Noise"],"relics":["FrozenCore","NeowsBlessing","Gremlin Horn","WingedGreaves","Centennial Puzzle","Medical Kit"],"potions_floor_usage":[8,23],"damage_taken":[{"damage":0,"enemies":"Small Slimes","floor":1,"turns":1},{"damage":0,"enemies":"Cultist","floor":3,"turns":1},{"damage":0,"enemies":"2 Louse","floor":4,"turns":1},{"damage":0,"enemies":"Blue Slaver","floor":5,"turns":4},{"damage":15,"enemies":"Lagavulin","floor":6,"turns":7},{"damage":9,"enemies":"Lots of Slimes","floor":7,"turns":5},{"damage":22,"enemies":"Gremlin Nob","floor":8,"turns":5},{"damage":2,"enemies":"Gremlin Gang","floor":13,"turns":3},{"damage":37,"enemies":"Hexaghost","floor":16,"turns":12},{"damage":14,"enemies":"Chosen","floor":18,"turns":9},{"damage":1,"enemies":"Spheric Guardian","floor":19,"turns":6},{"damage":12,"enemies":"Centurion and Healer","floor":20,"turns":10},{"damage":75,"enemies":"Slavers","floor":23,"turns":4}],"seed_played":"7412195700615363002","potions_obtained":[{"floor":3,"key":"Ancient Potion"},{"floor":7,"key":"Block Potion"},{"floor":8,"key":"SteroidPotion"},{"floor":16,"key":"AttackPotion"}],"is_trial":false,"path_per_floor":["M","?","M","M","M","E","M","E","T","R","R","R","M","$","R","B",null,"M","M","M","$","?","E"],"character_chosen":"DEFECT","items_purchased":["Heatsinks","Medical Kit","White Noise"],"campfire_rested":1,"item_purchase_floors":[14,14,21],"current_hp_per_floor":[75,75,75,75,75,60,51,29,29,51,51,51,49,49,49,19,75,68,74,75,75,75,0],"gold":56,"neow_bonus":"THREE_ENEMY_KILL","is_prod":false,"is_daily":false,"chose_seed":false,"campfire_upgraded":3,"win_rate":0.0,"timestamp":1570341064,"path_taken":["M","?","M","M","M","E","M","E","T","R","R","R","M","?","R","BOSS","M","M","M","$","?","E"],"build_version":"2019-07-17","purchased_purges":1,"victory":false,"max_hp_per_floor":[75,75,75,75,75,75,75,75,75,75,75,75,75,75,75,75,75,75,75,75,75,75,75],"card_choices":[{"not_picked":["Coolheaded","Stack","Sweeping Beam"],"picked":"SKIP","floor":1},{"not_picked":["Gash","FTL"],"picked":"Conserve Battery","floor":3},{"not_picked":["Force Field","Redo"],"picked":"Coolheaded","floor":4},{"not_picked":["Barrage","Auto Shields"],"picked":"Redo","floor":5},{"not_picked":["Steam","Lockon"],"picked":"Leap","floor":6},{"not_picked":["Self Repair","Double Energy"],"picked":"Doom and Gloom","floor":7},{"not_picked":["Conserve Battery","Skim"],"picked":"Self Repair","floor":8},{"not_picked":["Darkness","Heatsinks"],"picked":"Consume","floor":13},{"not_picked":["Reboot","All For One"],"picked":"Echo Form","floor":16},{"not_picked":["Conserve Battery","Rebound"],"picked":"Cold Snap+1","floor":18},{"not_picked":["Steam+1","White Noise"],"picked":"Genetic Algorithm","floor":19},{"not_picked":["Darkness+1","Barrage+1"],"picked":"Loop","floor":20}],"player_experience":41877,"relics_obtained":[{"floor":6,"key":"Gremlin Horn"},{"floor":8,"key":"WingedGreaves"},{"floor":9,"key":"Centennial Puzzle"}],"event_choices":[{"damage_healed":0,"gold_gain":0,"player_choice":"Forge","damage_taken":0,"max_hp_gain":0,"max_hp_loss":0,"event_name":"Accursed Blacksmith","floor":2,"gold_loss":0,"cards_upgraded":["Zap"]},{"damage_healed":0,"gold_gain":0,"player_choice":"Ignored","damage_taken":0,"max_hp_gain":0,"max_hp_loss":0,"event_name":"Ghosts","floor":22,"gold_loss":0}],"is_beta":false,"boss_relics":[{"not_picked":["Runic Dome","Astrolabe"],"picked":"FrozenCore"}],"items_purged_floors":[21],"is_endless":false,"potions_floor_spawned":[3,7,8,16,19],"killed_by":"Slavers","ascension_level":0}