{"gold_per_floor":[18,18,31,46,57,57,89,103,103,103,103,135,60,85,85,163,163,181,181,6,41,52,108,108,120,196,213,245,245,258,292,292,292],"floor_reached":33,"playtime":1666,"items_purged":["Strike_R","Strike_R"],"score":594,"play_id":"87613008-5dcc-4efb-9207-6e35b7dcf892","local_time":"20191008160644","is_ascension_mode":true,"campfire_choices":[{"data":"Bash","floor":6.0,"key":"SMITH"},{"data":"Pommel Strike","floor":10.0,"key":"SMITH"},{"data":"Double Tap","floor":15.0,"key":"SMITH"},{"data":"Heavy Blade","floor":24.0,"key":"SMITH"},{"data":"J.A.X.","floor":29.0,"key":"SMITH"},{"floor":32,"key":"REST"}],"neow_cost":"NO_GOLD","seed_source_timestamp":1301834785354700,"circlet_count":0,"master_deck":["AscendersBane","Strike_R","Strike_R","Defend_R","Defend_R","Defend_R","Defend_R","Bash+1","Pommel Strike+1","Shrug It Off","Iron Wave","Double Tap+1","Pommel Strike","Shrug It Off","Immolate","J.A.X.+1","Whirlwind","Heavy Blade+1","Shrug It Off","Corruption","Shrug It Off"],"special_seed":0,"relics":["Burning Blood","Mango","Torii","InkBottle","Vajra","Question Card","Velvet Choker","Red Mask","Tiny Chest","Bottled Flame","Dodecahedron","Smiling Mask"],"potions_floor_usage":[31],"damage_taken":[{"damage":9.0,"enemies":"Jaw Worm","floor":1.0,"turns":5.0},{"damage":1.0,"enemies":"Cultist","floor":3.0,"turns":4.0},{"damage":3.0,"enemies":"2 Louse","floor":4.0,"turns":3.0},{"damage":1.0,"enemies":"2 Fungi Beasts","floor":5.0,"turns":4.0},{"damage":20.0,"enemies":"Gremlin Nob","floor":7.0,"turns":5.0},{"damage":8.0,"enemies":"Blue Slaver","floor":8.0,"turns":5.0},{"damage":19.0,"enemies":"Lagavulin","floor":12.0,"turns":7.0},{"damage":32.0,"enemies":"Gremlin Nob","floor":14.0,"turns":4.0},{"damage":13.0,"enemies":"The Guardian","floor":16.0,"turns":16.0},{"damage":1.0,"enemies":"Spheric Guardian","floor":18.0,"turns":3.0},{"damage":12.0,"enemies":"Masked Bandits","floor":21.0,"turns":3.0},{"damage":20.0,"enemies":"2 Thieves","floor":22.0,"turns":3.0},{"damage":15.0,"enemies":"Slavers","floor":23.0,"turns":3.0},{"damage":4.0,"enemies":"Centurion and Healer","floor":25.0,"turns":4.0},{"damage":4.0,"enemies":"Chosen and Byrds","floor":27.0,"turns":4.0},{"damage":24.0,"enemies":"Gremlin Leader","floor":28.0,"turns":3.0},{"damage":12.0,"enemies":"Snake Plant","floor":30.0,"turns":4.0},{"damage":15,"enemies":"Book of Stabbing","floor":31,"turns":5},{"damage":58,"enemies":"Champ","floor":33,"turns":7}],"seed_played":"8354621423221870877","potions_obtained":[{"floor":1.0,"key":"Weak Potion"},{"floor":3.0,"key":"ElixirPotion"},{"floor":8.0,"key":"Dexterity Potion"},{"floor":14.0,"key":"DuplicationPotion"},{"floor":18.0,"key":"LiquidBronze"},{"floor":23.0,"key":"SteroidPotion"}],"is_trial":false,"path_per_floor":["M","?","M","M","M","R","E","M","T","R","?","E","$","E","R","B",null,"M","?","$","?","M","E","R","M","T","M","E","R","M","E","R","B"],"character_chosen":"IRONCLAD","items_purchased":["Whirlwind"],"campfire_rested":1,"item_purchase_floors":[20],"current_hp_per_floor":[79,66,71,74,79,79,65,63,63,63,63,50,50,24,24,17,71,76,76,76,70,56,47,47,49,49,51,33,33,27,18,44,0],"gold":292,"neow_bonus":"ONE_RARE_RELIC","is_prod":false,"is_daily":false,"chose_seed":false,"campfire_upgraded":5,"win_rate":0,"timestamp":1570543604,"path_taken":["M","?","?","M","M","R","E","M","T","R","?","E","$","E","R","BOSS","M","?","$","?","M","E","R","M","T","M","E","R","M","E","R","BOSS"],"build_version":"2019-10-07","purchased_purges":2,"victory":false,"max_hp_per_floor":[89,89,89,89,89,89,89,89,89,89,89,89,89,89,89,89,89,89,89,89,89,89,89,89,89,89,89,89,89,89,89,89,89],"card_choices":[{"not_picked":["Entrench","Infernal Blade"],"picked":"Pommel Strike","floor":1.0},{"not_picked":["Thunderclap","Perfected Strike"],"picked":"Shrug It Off","floor":3.0},{"not_picked":["Cleave","Infernal Blade","Heavy Blade"],"picked":"SKIP","floor":4.0},{"not_picked":["Sentinel","Havoc"],"picked":"Iron Wave","floor":5.0},{"not_picked":["Flex","Cleave","Perfected Strike"],"picked":"SKIP","floor":7.0},{"not_picked":["Wild Strike","Warcry","Perfected Strike"],"picked":"SKIP","floor":8.0},{"not_picked":["Clash","Burning Pact"],"picked":"Pommel Strike","floor":12.0},{"not_picked":["Brutality","Iron Wave"],"picked":"Shrug It Off","floor":14.0},{"not_picked":["Demon Form","Double Tap","Juggernaut"],"picked":"Immolate","floor":16.0},{"not_picked":["Sword Boomerang","Clothesline","Ghostly Armor","True Grit"],"picked":"SKIP","floor":18.0},{"not_picked":["Armaments","Rupture","Heavy Blade","Clash"],"picked":"SKIP","floor":22.0},{"not_picked":["Armaments","Rupture","Clash"],"picked":"Heavy Blade","floor":22.0},{"not_picked":["True Grit","Havoc","Offering"],"picked":"Shrug It Off","floor":23.0},{"not_picked":["Cleave","Pommel Strike","Havoc"],"picked":"Corruption","floor":25.0},{"not_picked":["Thunderclap","Flex","Iron Wave","Barricade"],"picked":"SKIP","floor":27.0},{"not_picked":["Berserk","Clothesline","Juggernaut"],"picked":"Shrug It Off","floor":28.0},{"not_picked":["Thunderclap","Rampage","Metallicize","Warcry"],"picked":"SKIP","floor":30.0},{"not_picked":["Cleave","Iron Wave","Warcry","Anger"],"picked":"SKIP","floor":31}],"player_experience":971398,"relics_obtained":[{"floor":7.0,"key":"Torii"},{"floor":9.0,"key":"InkBottle"},{"floor":12.0,"key":"Vajra"},{"floor":14.0,"key":"Question Card"},{"floor":21.0,"key":"Red Mask"},{"floor":23.0,"key":"Tiny Chest"},{"floor":26.0,"key":"Bottled Flame"},{"floor":28.0,"key":"Dodecahedron"},{"floor":31,"key":"Smiling Mask"}],"event_choices":[{"damage_healed":0.0,"max_hp_gain":0.0,"max_hp_loss":0.0,"gold_gain":0.0,"event_name":"Wheel of Change","player_choice":"Damaged","floor":2.0,"gold_loss":0.0,"damage_taken":13.0},{"damage_healed":0.0,"max_hp_gain":0.0,"max_hp_loss":0.0,"gold_gain":0.0,"cards_transformed":["Strike_R"],"event_name":"Living Wall","player_choice":"Change","floor":11.0,"gold_loss":0.0,"damage_taken":0.0,"cards_obtained":["Double Tap"]},{"damage_healed":0.0,"max_hp_gain":0.0,"max_hp_loss":0.0,"gold_gain":0.0,"event_name":"Drug Dealer","player_choice":"Obtain J.A.X.","floor":19.0,"gold_loss":0.0,"damage_taken":0.0,"cards_obtained":["J.A.X."]},{"damage_healed":0.0,"max_hp_gain":0.0,"max_hp_loss":0.0,"gold_gain":0.0,"event_name":"Masked Bandits","player_choice":"Fought Bandits","floor":21.0,"gold_loss":0.0,"damage_taken":0.0}],"is_beta":true,"boss_relics":[{"not_picked":["Snecko Eye","Fusion Hammer"],"picked":"Velvet Choker"}],"items_purged_floors":[13,20],"is_endless":false,"potions_floor_spawned":[1,3,5,8,14,18,23,27,30],"killed_by":"Champ","ascension_level":15}