{"gold_per_floor":[111,127,127,127,59,74,103,103,103,131,56,56],"floor_reached":12,"playtime":365,"items_purged":["Strike_B"],"score":151,"play_id":"65d0ce89-4fba-4313-90b9-148b87200cbb","local_time":"20190707012122","is_ascension_mode":true,"campfire_choices":[{"floor":8.0,"key":"REST"}],"neow_cost":"NONE","seed_source_timestamp":1125671756627071,"circlet_count":0,"master_deck":["AscendersBane","Strike_B","Strike_B","Defend_B","Defend_B","Defend_B","Defend_B","Zap+1","Dualcast","Capacitor","Coolheaded","Rip and Tear","Doom and Gloom","Echo Form","Ball Lightning","Doubt","Steam"],"special_seed":0,"relics":["Cursed Key","Dead Branch","Nunchaku","Dream Catcher"],"potions_floor_usage":[12],"damage_taken":[{"damage":0.0,"enemies":"Cultist","floor":1.0,"turns":4.0},{"damage":1.0,"enemies":"Jaw Worm","floor":2.0,"turns":4.0},{"damage":2.0,"enemies":"2 Louse","floor":6.0,"turns":2.0},{"damage":29.0,"enemies":"Gremlin Nob","floor":7.0,"turns":4.0},{"damage":44.0,"enemies":"3 Sentries","floor":10.0,"turns":6.0},{"damage":14,"enemies":"Gremlin Nob","floor":12,"turns":3}],"seed_played":"-3196052536530964870","potions_obtained":[{"floor":2.0,"key":"Weak Potion"}],"is_trial":false,"path_per_floor":["M","M","?","?","$","M","E","R","T","E","$","E"],"character_chosen":"DEFECT","items_purchased":["Doom and Gloom"],"campfire_rested":1,"item_purchase_floors":[5],"current_hp_per_floor":[64,63,63,63,63,61,32,53,53,9,9,0],"gold":56,"neow_bonus":"BOSS_RELIC","is_prod":false,"is_daily":false,"chose_seed":false,"campfire_upgraded":0,"win_rate":0,"timestamp":1562455282,"path_taken":["M","?","?","?","$","?","E","R","T","E","$","E"],"build_version":"2019-07-05","purchased_purges":1,"victory":false,"max_hp_per_floor":[71,71,71,71,71,71,71,71,71,71,71,71],"card_choices":[{"not_picked":["Streamline","Hologram"],"picked":"Capacitor","floor":1.0},{"not_picked":["Beam Cell","Redo"],"picked":"Coolheaded","floor":2.0},{"not_picked":["Darkness","Compile Driver"],"picked":"Echo Form","floor":6.0},{"not_picked":["Stack","Cold Snap"],"picked":"Ball Lightning","floor":7.0},{"not_picked":["Reprogram","Turbo"],"picked":"Steam","floor":10.0}],"player_experience":629097,"relics_obtained":[{"floor":7.0,"key":"Dead Branch"},{"floor":9.0,"key":"Nunchaku"},{"floor":10.0,"key":"Dream Catcher"}],"event_choices":[{"damage_healed":0.0,"max_hp_gain":0.0,"max_hp_loss":0.0,"gold_gain":0.0,"event_name":"Living Wall","player_choice":"Grow","floor":3.0,"gold_loss":0.0,"damage_taken":0.0,"cards_upgraded":["Zap"]},{"damage_healed":0.0,"max_hp_gain":0.0,"max_hp_loss":0.0,"gold_gain":0.0,"cards_transformed":["Strike_B"],"event_name":"Transmorgrifier","player_choice":"Transformed","floor":4.0,"gold_loss":0.0,"damage_taken":0.0,"cards_obtained":["Rip and Tear"]}],"is_beta":false,"boss_relics":[],"items_purged_floors":[11],"is_endless":false,"potions_floor_spawned":[2],"killed_by":"Gremlin Nob","ascension_level":15}