{"gold_per_floor":[219,237,252,79,89,89,108,108,108,108,126,142,118,145,145,243,243,243],"floor_reached":18,"playtime":1010,"items_purged":["Strike_G"],"score":189,"play_id":"28e97f8f-738d-4500-899b-6db52b3d7be6","local_time":"20191008233726","is_ascension_mode":true,"campfire_choices":[{"data":"Dagger Spray","floor":6.0,"key":"SMITH"},{"data":"Backflip","floor":8.0,"key":"SMITH"},{"data":"Noxious Fumes","floor":10.0,"key":"SMITH"},{"floor":15.0,"key":"REST"}],"neow_cost":"NONE","seed_source_timestamp":0,"circlet_count":0,"master_deck":["Strike_G","Strike_G","Strike_G","Strike_G","Defend_G","Defend_G","Defend_G","Defend_G","Defend_G","Survivor","Neutralize","Terror","Dagger Spray+1","Quick Slash","Cloak And Dagger","Noxious Fumes+1","Dodge and Roll","Backflip+1","Flying Knee","Skewer","After Image"],"special_seed":0,"relics":["Ring of the Snake","Bottled Tornado","Shovel","Lizard Tail"],"potions_floor_usage":[],"damage_taken":[{"damage":1.0,"enemies":"Small Slimes","floor":1.0,"turns":3.0},{"damage":1.0,"enemies":"Jaw Worm","floor":2.0,"turns":3.0},{"damage":0.0,"enemies":"2 Louse","floor":3.0,"turns":3.0},{"damage":6.0,"enemies":"Looter","floor":5.0,"turns":3.0},{"damage":15.0,"enemies":"Gremlin Gang","floor":7.0,"turns":4.0},{"damage":1.0,"enemies":"2 Fungi Beasts","floor":11.0,"turns":4.0},{"damage":0.0,"enemies":"Lots of Slimes","floor":12.0,"turns":1.0},{"damage":9.0,"enemies":"3 Sentries","floor":14.0,"turns":5.0},{"damage":24.0,"enemies":"Slime Boss","floor":16.0,"turns":11.0},{"damage":41,"enemies":"Chosen","floor":18,"turns":8}],"seed_played":"3035542009666406948","potions_obtained":[{"floor":3.0,"key":"Poison Potion"},{"floor":7.0,"key":"EssenceOfSteel"},{"floor":12.0,"key":"SteroidPotion"},{"floor":16.0,"key":"GamblersBrew"}],"is_trial":false,"path_per_floor":["M","M","M","$","M","R","M","R","T","R","M","M","?","E","R","B",null,"M"],"character_chosen":"THE_SILENT","items_purchased":["Cloak And Dagger","Noxious Fumes"],"campfire_rested":1,"item_purchase_floors":[4,4],"current_hp_per_floor":[69,68,68,68,62,62,47,47,47,47,46,46,46,37,58,34,70,29],"gold":243,"neow_bonus":"HUNDRED_GOLD","is_prod":false,"is_daily":false,"chose_seed":false,"campfire_upgraded":3,"win_rate":0,"timestamp":1570592246,"path_taken":["M","M","M","$","M","R","M","R","T","R","M","M","?","E","R","BOSS","M"],"build_version":"2019-07-17","purchased_purges":1,"victory":false,"max_hp_per_floor":[70,70,70,70,70,70,70,70,70,70,70,70,70,70,70,70,70,70],"card_choices":[{"not_picked":["Deflect","Acrobatics"],"picked":"Terror","floor":1.0},{"not_picked":["Eviscerate","Cloak And Dagger"],"picked":"Dagger Spray","floor":2.0},{"not_picked":["Outmaneuver","Choke"],"picked":"Quick Slash","floor":3.0},{"not_picked":["Phantasmal Killer","Dagger Spray"],"picked":"Dodge and Roll","floor":5.0},{"not_picked":["Bane","Blade Dance"],"picked":"Backflip","floor":7.0},{"not_picked":["Outmaneuver","Predator"],"picked":"Flying Knee","floor":11.0},{"not_picked":["Eviscerate","Dagger Spray","PiercingWail"],"picked":"SKIP","floor":12.0},{"not_picked":["Distraction","Poisoned Stab"],"picked":"Skewer","floor":14.0},{"not_picked":["Storm of Steel","Corpse Explosion"],"picked":"After Image","floor":16.0}],"player_experience":356295,"relics_obtained":[{"floor":9.0,"key":"Bottled Tornado"},{"floor":14.0,"key":"Shovel"}],"event_choices":[{"damage_healed":0.0,"max_hp_gain":0.0,"max_hp_loss":0.0,"gold_gain":0.0,"event_name":"World of Goop","player_choice":"Left Gold","floor":13.0,"gold_loss":24.0,"damage_taken":0.0}],"is_beta":false,"boss_relics":[{"not_picked":["Philosopher\u0027s Stone","HoveringKite"],"picked":"Lizard Tail"}],"items_purged_floors":[4],"is_endless":false,"potions_floor_spawned":[3,7,12,16],"killed_by":"Chosen","ascension_level":3}