{"gold_per_floor":[118,136,17,17,32,62,74,74,125,125,125,155,155,188,188,259,259,279,179,104,123,33,33,64,64,64,93,93,110,135,155,155,232,232,243,193,203,203,15,15,26,26,26,54,54,4,4,104,104,104],"floor_reached":51,"playtime":2906,"items_purged":["Strike_R","Strike_R","Defend_R","Strike_R+1"],"score":1349,"play_id":"6b877fa3-e788-4dd7-b9e9-07256f4814ef","local_time":"20190701225253","is_ascension_mode":true,"campfire_choices":[{"data":"Bash","floor":8.0,"key":"SMITH"},{"data":"True Grit","floor":11.0,"key":"SMITH"},{"data":"Immolate","floor":13.0,"key":"SMITH"},{"data":"Metallicize","floor":15.0,"key":"SMITH"},{"data":"Shockwave","floor":23.0,"key":"SMITH"},{"data":"Trip","floor":25.0,"key":"SMITH"},{"floor":28,"key":"REST"},{"floor":32,"key":"REST"},{"floor":40,"key":"REST"},{"floor":42,"key":"REST"},{"floor":49,"key":"REST"}],"neow_cost":"NONE","seed_source_timestamp":115306002853985,"circlet_count":0,"master_deck":["AscendersBane","Defend_R","Defend_R+1","Defend_R","Bash+1","Rampage+1","True Grit+1","Carnage","Metallicize+1","Iron Wave","Dropkick","Shrug It Off","Immolate+1","Thunderclap","Brutality","Shockwave+1","Sentinel+1","Trip+1","Juggernaut","Shrug It Off","Havoc+1","Entrench+1","Sentinel+1","Shrug It Off+1"],"special_seed":0,"relics":["Burning Blood","Self Forming Clay","Strawberry","Whetstone","Champion Belt","Incense Burner","Black Star","Kunai","Smiling Mask","Shuriken","Letter Opener","Matryoshka","Toxic Egg 2","Molten Egg 2","Velvet Choker","Bag of Preparation","Bottled Flame","Omamori","War Paint","Centennial Puzzle","Du-Vu Doll","Gambling Chip"],"potions_floor_usage":[27,33,50,50],"damage_taken":[{"damage":5.0,"enemies":"Small Slimes","floor":1.0,"turns":4.0},{"damage":1.0,"enemies":"Cultist","floor":2.0,"turns":3.0},{"damage":5.0,"enemies":"Jaw Worm","floor":5.0,"turns":3.0},{"damage":22.0,"enemies":"Lagavulin","floor":6.0,"turns":8.0},{"damage":10.0,"enemies":"Blue Slaver","floor":7.0,"turns":3.0},{"damage":19.0,"enemies":"3 Sentries","floor":12.0,"turns":13.0},{"damage":3.0,"enemies":"Gremlin Nob","floor":14.0,"turns":3.0},{"damage":12.0,"enemies":"The Guardian","floor":16.0,"turns":11.0},{"damage":14.0,"enemies":"Shell Parasite","floor":18.0,"turns":5.0},{"damage":3.0,"enemies":"3 Byrds","floor":21.0,"turns":4.0},{"damage":16.0,"enemies":"Book of Stabbing","floor":24.0,"turns":5.0},{"damage":49,"enemies":"Slavers","floor":27,"turns":9},{"damage":5,"enemies":"Snake Plant","floor":29,"turns":5},{"damage":29,"enemies":"Gremlin Leader","floor":30,"turns":6},{"damage":6,"enemies":"Chosen and Byrds","floor":31,"turns":6},{"damage":37,"enemies":"Automaton","floor":33,"turns":10},{"damage":19,"enemies":"3 Darklings","floor":35,"turns":4},{"damage":16,"enemies":"3 Shapes","floor":37,"turns":6},{"damage":27,"enemies":"Jaw Worm Horde","floor":41,"turns":4},{"damage":24,"enemies":"Reptomancer","floor":44,"turns":6},{"damage":15,"enemies":"Mind Bloom Boss Battle","floor":48,"turns":7},{"damage":34,"enemies":"Donu and Deca","floor":50,"turns":11}],"seed_played":"-1273698199139322187","potions_obtained":[{"floor":2.0,"key":"GamblersBrew"},{"floor":5.0,"key":"Block Potion"},{"floor":14.0,"key":"SpeedPotion"},{"floor":24.0,"key":"FearPotion"},{"floor":33,"key":"Swift Potion"}],"is_trial":false,"path_per_floor":["M","M","$","?","M","E","M","R","T","?","R","E","R","E","R","B",null,"M","$","?","M","$","R","E","R","T","E","R","M","E","M","R","B",null,"M","$","M","?","$","R","M","R","T","E","?","$","T","?","R","B",null],"character_chosen":"IRONCLAD","items_purchased":["Carnage","Trip","SpeedPotion","Ancient Potion","Shrug It Off+1"],"campfire_rested":5,"item_purchase_floors":[3,22,39,39,46],"current_hp_per_floor":[76,81,81,81,82,73,69,69,69,69,69,56,56,59,59,53,80,72,72,72,75,75,75,65,65,65,22,48,49,26,26,52,21,72,59,59,49,49,49,75,54,80,80,62,62,62,62,53,79,51],"gold":104,"neow_bonus":"TEN_PERCENT_HP_BONUS","is_prod":false,"is_daily":false,"chose_seed":false,"campfire_upgraded":6,"win_rate":0,"timestamp":1562035973,"path_taken":["M","M","$","?","M","E","?","R","T","?","R","E","R","E","R","BOSS","M","$","?","M","$","R","E","R","T","E","R","M","E","M","R","BOSS","M","$","M","?","$","R","M","R","T","E","?","$","?","?","R","BOSS"],"build_version":"2019-07-01","purchased_purges":4,"victory":true,"max_hp_per_floor":[82,82,82,82,82,89,89,89,89,89,89,89,89,89,89,89,89,89,89,89,89,89,89,89,89,89,89,89,89,89,89,89,89,89,89,89,89,89,89,89,89,89,89,89,89,89,89,89,89,89],"card_choices":[{"not_picked":["Shrug It Off","Wild Strike"],"picked":"Rampage","floor":1.0},{"not_picked":["Flex","Heavy Blade"],"picked":"True Grit","floor":2.0},{"not_picked":["Warcry","Clash"],"picked":"Metallicize","floor":5.0},{"not_picked":["Feel No Pain","Dropkick"],"picked":"Iron Wave","floor":6.0},{"not_picked":["Blood for Blood","Flex"],"picked":"Dropkick","floor":7.0},{"not_picked":["Disarm","Double Tap"],"picked":"Immolate","floor":12.0},{"not_picked":["Reckless Charge","Searing Blow"],"picked":"Thunderclap","floor":14.0},{"not_picked":["Berserk","Limit Break"],"picked":"Brutality","floor":16.0},{"not_picked":["Clash","Heavy Blade"],"picked":"Shockwave","floor":18.0},{"not_picked":["Rage","Flex+1"],"picked":"Sentinel","floor":21.0},{"not_picked":["Headbutt","Burning Pact+1","Dual Wield"],"picked":"SKIP","floor":24.0},{"not_picked":["Flex","Twin Strike"],"picked":"Juggernaut","floor":27},{"not_picked":["Twin Strike","Thunderclap"],"picked":"Shrug It Off","floor":29},{"not_picked":["Entrench","Clash"],"picked":"Inflame","floor":30},{"not_picked":["Perfected Strike+1","Clash+1"],"picked":"Havoc+1","floor":31},{"not_picked":["Combust+1","Armaments+1"],"picked":"Entrench+1","floor":35},{"not_picked":["Anger+1","Wild Strike+1","Carnage+1"],"picked":"SKIP","floor":37},{"not_picked":["Carnage+1","Whirlwind+1","Warcry+1"],"picked":"SKIP","floor":41},{"not_picked":["Rupture","Evolve"],"picked":"Sentinel+1","floor":44}],"player_experience":1093086,"relics_obtained":[{"floor":4.0,"key":"Self Forming Clay"},{"floor":6.0,"key":"Strawberry"},{"floor":9.0,"key":"Whetstone"},{"floor":12.0,"key":"Champion Belt"},{"floor":14.0,"key":"Incense Burner"},{"floor":24.0,"key":"Kunai"},{"floor":24.0,"key":"Smiling Mask"},{"floor":26.0,"key":"Shuriken"},{"floor":27,"key":"Letter Opener"},{"floor":27,"key":"Matryoshka"},{"floor":30,"key":"Toxic Egg 2"},{"floor":30,"key":"Molten Egg 2"},{"floor":43,"key":"Bag of Preparation"},{"floor":43,"key":"Bottled Flame"},{"floor":44,"key":"Omamori"},{"floor":44,"key":"War Paint"},{"floor":47,"key":"Centennial Puzzle"},{"floor":47,"key":"Du-Vu Doll"},{"floor":48,"key":"Gambling Chip"}],"event_choices":[{"damage_healed":0.0,"max_hp_gain":0.0,"max_hp_loss":0.0,"gold_gain":0.0,"event_name":"Wheel of Change","player_choice":"Relic","floor":4.0,"gold_loss":0.0,"damage_taken":0.0},{"damage_healed":0.0,"max_hp_gain":0.0,"max_hp_loss":0.0,"gold_gain":0.0,"cards_transformed":["Strike_R"],"event_name":"Transmorgrifier","player_choice":"Transformed","floor":10.0,"gold_loss":0.0,"damage_taken":0.0,"cards_obtained":["Shrug It Off"]},{"cards_removed":["Strike_R"],"damage_healed":0.0,"max_hp_gain":0.0,"max_hp_loss":0.0,"gold_gain":0.0,"event_name":"Beggar","player_choice":"Gave Gold","floor":20.0,"gold_loss":75.0,"damage_taken":0.0},{"damage_healed":0,"gold_gain":0,"player_choice":"Ignored","damage_taken":0,"max_hp_gain":0,"max_hp_loss":0,"event_name":"Mysterious Sphere","floor":38,"gold_loss":0},{"cards_removed":["Inflame"],"damage_healed":0,"gold_gain":0,"player_choice":"Removed Power","damage_taken":0,"max_hp_gain":0,"max_hp_loss":0,"event_name":"Falling","floor":45,"gold_loss":0},{"damage_healed":0,"gold_gain":0,"player_choice":"Fight","damage_taken":0,"max_hp_gain":0,"max_hp_loss":0,"event_name":"MindBloom","floor":48,"gold_loss":0}],"is_beta":false,"boss_relics":[{"not_picked":["Tiny House","Pandora\u0027s Box"],"picked":"Black Star"},{"not_picked":["Cursed Key","Runic Pyramid"],"picked":"Velvet Choker"}],"items_purged_floors":[3,19,36,39],"is_endless":false,"potions_floor_spawned":[2,5,14,18,24,33,44,48],"ascension_level":18}