{"gold_per_floor":[109,127,143,143,41,41,71,246,246,246,258,274,274,302,302,402,402,416,184,184,184,109,142,142,170,170,183,183,183,2,30,30,127,127,137,147,201,40,40,69,69,83,83,111,111,121,152,163,163,163,163,163,111,139,139],"floor_reached":56,"playtime":4295,"items_purged":["Defend_R","Strike_R"],"score":1349,"play_id":"8497bf66-15d1-4786-8309-a4a8273f8ce6","local_time":"20190508210348","is_ascension_mode":false,"campfire_choices":[{"data":"Inflame","floor":6.0,"key":"SMITH"},{"data":"Armaments","floor":10.0,"key":"SMITH"},{"data":"Feed","floor":13.0,"key":"SMITH"},{"data":"Battle Trance","floor":15.0,"key":"SMITH"},{"floor":24,"key":"REST"},{"data":"Uppercut","floor":32,"key":"SMITH"},{"data":"Barricade","floor":41,"key":"SMITH"},{"floor":49,"key":"RECALL"},{"data":"Shrug It Off","floor":52,"key":"SMITH"}],"neow_cost":"NONE","seed_source_timestamp":2859134639086968,"circlet_count":0,"master_deck":["Strike_R","Strike_R","Defend_R","Defend_R","Defend_R","Bash+1","Body Slam+1","Warcry","Armaments+1","Shrug It Off+1","Inflame+1","Thunderclap","Battle Trance+1","Feed+1","Flame Barrier+1","Barricade+1","Shrug It Off+1","Uppercut+1","Intimidate","Necronomicurse","Disarm","Spot Weakness","Whirlwind+1","Metallicize+1","Body Slam+1","Impervious+1","Shrug It Off","Exhume","Body Slam+1","Shrug It Off+1","Disarm+1"],"special_seed":0,"relics":["Burning Blood","Blue Candle","Singing Bowl","Gremlin Horn","Philosopher\u0027s Stone","Necronomicon","Molten Egg 2","Bag of Preparation","Frozen Egg 2","Bottled Flame","Empty Cage","Calipers","Bag of Marbles","StoneCalendar","War Paint","Pantograph"],"potions_floor_usage":[16,23,37,37,37,44,55,55,55],"damage_taken":[{"damage":1.0,"enemies":"Cultist","floor":1.0,"turns":3.0},{"damage":8.0,"enemies":"Jaw Worm","floor":2.0,"turns":4.0},{"damage":2.0,"enemies":"Small Slimes","floor":3.0,"turns":3.0},{"damage":26.0,"enemies":"3 Sentries","floor":7.0,"turns":8.0},{"damage":5.0,"enemies":"2 Fungi Beasts","floor":11.0,"turns":3.0},{"damage":7.0,"enemies":"Looter","floor":12.0,"turns":3.0},{"damage":20.0,"enemies":"Lagavulin","floor":14.0,"turns":7.0},{"damage":42,"enemies":"The Guardian","floor":16,"turns":12},{"damage":16,"enemies":"Spheric Guardian","floor":18,"turns":5},{"damage":9,"enemies":"Book of Stabbing","floor":23,"turns":6},{"damage":30,"enemies":"Slavers","floor":25,"turns":4},{"damage":0,"enemies":"Chosen","floor":27,"turns":3},{"damage":18,"enemies":"Book of Stabbing","floor":31,"turns":7},{"damage":7,"enemies":"Automaton","floor":33,"turns":8},{"damage":14,"enemies":"3 Darklings","floor":35,"turns":4},{"damage":1,"enemies":"3 Shapes","floor":36,"turns":7},{"damage":3,"enemies":"2 Orb Walkers","floor":37,"turns":3},{"damage":30,"enemies":"Giant Head","floor":40,"turns":10},{"damage":12,"enemies":"Maw","floor":42,"turns":9},{"damage":29,"enemies":"Nemesis","floor":44,"turns":13},{"damage":1,"enemies":"Transient","floor":46,"turns":5},{"damage":0,"enemies":"Reptomancer","floor":47,"turns":5},{"damage":8,"enemies":"Sphere and 2 Shapes","floor":48,"turns":7},{"damage":38,"enemies":"Awakened One","floor":50,"turns":10},{"damage":41,"enemies":"Shield and Spear","floor":54,"turns":8},{"damage":82,"enemies":"The Heart","floor":55,"turns":12}],"seed_played":"617976443534372924","potions_obtained":[{"floor":2.0,"key":"Swift Potion"},{"floor":12.0,"key":"LiquidBronze"},{"floor":14.0,"key":"FearPotion"},{"floor":16,"key":"Dexterity Potion"},{"floor":23,"key":"Ancient Potion"},{"floor":31,"key":"EntropicBrew"},{"floor":42,"key":"BloodPotion"},{"floor":44,"key":"LiquidBronze"}],"is_trial":false,"path_per_floor":["M","M","M","?","$","R","E","?","T","R","M","M","R","E","R","B",null,"M","$","?","?","?","E","R","E","T","M","?","?","$","E","R","B",null,"M","M","?","$","?","E","R","M","T","E","?","M","E","M","R","B",null,"R","$","E","B",null],"character_chosen":"IRONCLAD","items_purchased":["Shrug It Off","Inflame","Uppercut","Intimidate","Metallicize+1","Body Slam+1","Exhume","SteroidPotion"],"campfire_rested":1,"item_purchase_floors":[5,5,19,19,30,30,38,53],"current_hp_per_floor":[80,78,80,80,80,80,60,60,60,60,61,60,60,46,46,14,84,78,78,78,62,62,61,88,68,68,80,80,80,80,74,74,73,106,98,109,114,114,108,88,88,88,88,80,80,85,97,101,101,73,138,138,138,105,54],"gold":139,"neow_bonus":"UPGRADE_CARD","is_prod":false,"is_daily":false,"chose_seed":false,"campfire_upgraded":7,"win_rate":0,"timestamp":1557363828,"path_taken":["M","M","M","?","$","R","E","?","T","R","M","M","R","E","R","BOSS","M","$","?","?","?","E","R","E","T","M","?","?","$","E","R","BOSS","M","?","?","$","?","E","R","M","T","E","?","M","E","?","R","BOSS","R","$","E","BOSS"],"build_version":"2019-01-23","purchased_purges":2,"victory":true,"max_hp_per_floor":[80,80,80,80,80,80,80,80,80,80,80,80,80,80,80,84,84,88,88,88,88,88,90,90,94,94,100,100,100,100,106,106,106,106,106,112,114,114,108,112,112,118,118,122,122,122,128,134,134,138,138,138,138,140,140],"card_choices":[{"not_picked":["Sentinel","Anger"],"picked":"Body Slam","floor":1.0},{"not_picked":["Havoc","Perfected Strike"],"picked":"Warcry","floor":2.0},{"not_picked":["Heavy Blade","Anger"],"picked":"Armaments","floor":3.0},{"not_picked":["Dual Wield","Anger"],"picked":"Thunderclap","floor":7.0},{"not_picked":["Evolve","Cleave"],"picked":"Battle Trance","floor":11.0},{"not_picked":["Clash","Armaments"],"picked":"Feed","floor":12.0},{"not_picked":["Heavy Blade","Evolve"],"picked":"Flame Barrier","floor":14.0},{"not_picked":["Immolate","Reaper"],"picked":"Barricade","floor":16},{"not_picked":["Hemokinesis+1","Corruption"],"picked":"Shrug It Off","floor":18},{"not_picked":["Perfected Strike","Havoc+1","Shockwave"],"picked":"Singing Bowl","floor":23},{"not_picked":["Wild Strike+1","Hemokinesis+1"],"picked":"Disarm","floor":25},{"not_picked":["Dual Wield","Fire Breathing+1","Bloodletting"],"picked":"Singing Bowl","floor":27},{"not_picked":["Perfected Strike+1","Heavy Blade+1","Clash+1"],"picked":"Singing Bowl","floor":31},{"not_picked":["Barricade+1","Bludgeon+1"],"picked":"Impervious","floor":33},{"not_picked":["Armaments","Rupture+1"],"picked":"Shrug It Off","floor":35},{"not_picked":["Spot Weakness+1","Thunderclap+1","Corruption+1"],"picked":"Singing Bowl","floor":36},{"not_picked":["Intimidate+1","Warcry+1","Reckless Charge+1"],"picked":"Singing Bowl","floor":37},{"not_picked":["Intimidate","Shrug It Off+1"],"picked":"Body Slam+1","floor":40},{"not_picked":["Battle Trance+1","Body Slam+1","Fire Breathing+1"],"picked":"Singing Bowl","floor":42},{"not_picked":["Iron Wave+1","Evolve+1"],"picked":"Shrug It Off+1","floor":44},{"not_picked":["Clothesline+1","Iron Wave+1"],"picked":"Disarm+1","floor":46},{"not_picked":["Anger+1","Reaper+1","Body Slam+1"],"picked":"Singing Bowl","floor":47},{"not_picked":["Warcry","Iron Wave+1","Shockwave"],"picked":"Singing Bowl","floor":48},{"not_picked":["Perfected Strike+1","Fiend Fire+1","Limit Break"],"picked":"Singing Bowl","floor":54}],"player_experience":865026,"relics_obtained":[{"floor":7.0,"key":"Blue Candle"},{"floor":9.0,"key":"Singing Bowl"},{"floor":14.0,"key":"Gremlin Horn"},{"floor":21,"key":"Necronomicon"},{"floor":23,"key":"Molten Egg 2"},{"floor":25,"key":"Bag of Preparation"},{"floor":26,"key":"Frozen Egg 2"},{"floor":31,"key":"Bottled Flame"},{"floor":37,"key":"Calipers"},{"floor":40,"key":"Bag of Marbles"},{"floor":44,"key":"StoneCalendar"},{"floor":47,"key":"War Paint"},{"floor":54,"key":"Pantograph"}],"event_choices":[{"damage_healed":0.0,"max_hp_gain":0.0,"max_hp_loss":0.0,"gold_gain":0.0,"event_name":"Living Wall","player_choice":"Grow","floor":4.0,"gold_loss":0.0,"damage_taken":0.0,"cards_upgraded":["Body Slam"]},{"damage_healed":0.0,"max_hp_gain":0.0,"max_hp_loss":0.0,"gold_gain":175.0,"event_name":"Liars Game","player_choice":"AGREE","floor":8.0,"gold_loss":0.0,"damage_taken":0.0,"cards_obtained":["Doubt"]},{"damage_healed":0,"gold_gain":0,"player_choice":"Ignored","damage_taken":0,"max_hp_gain":0,"max_hp_loss":0,"event_name":"Ghosts","floor":20,"gold_loss":0},{"damage_healed":0,"gold_gain":0,"player_choice":"Obtained Book","damage_taken":16,"max_hp_gain":0,"max_hp_loss":0,"event_name":"Cursed Tome","floor":21,"gold_loss":0},{"cards_removed":["Doubt"],"damage_healed":0,"gold_gain":0,"player_choice":"Gave Gold","damage_taken":0,"max_hp_gain":0,"max_hp_loss":0,"event_name":"Beggar","floor":22,"gold_loss":75},{"damage_healed":0,"gold_gain":0,"player_choice":"Read","damage_taken":0,"max_hp_gain":0,"max_hp_loss":0,"event_name":"The Library","floor":28,"gold_loss":0,"cards_obtained":["Spot Weakness"]},{"damage_healed":0,"gold_gain":0,"player_choice":"1 cards matched","damage_taken":0,"max_hp_gain":0,"max_hp_loss":0,"event_name":"Match and Keep!","floor":29,"gold_loss":0,"cards_obtained":["Whirlwind"]},{"damage_healed":0,"gold_gain":0,"player_choice":"Fight","damage_taken":0,"max_hp_gain":0,"max_hp_loss":0,"event_name":"Mysterious Sphere","floor":37,"gold_loss":0},{"damage_healed":0,"gold_gain":0,"player_choice":"Max HP","damage_taken":0,"max_hp_gain":0,"max_hp_loss":6,"event_name":"Winding Halls","floor":39,"gold_loss":0},{"damage_healed":0,"gold_gain":0,"player_choice":"Forge","damage_taken":0,"max_hp_gain":0,"max_hp_loss":0,"event_name":"Accursed Blacksmith","floor":45,"gold_loss":0,"cards_upgraded":["Impervious"]}],"is_beta":false,"boss_relics":[{"not_picked":["Black Blood","Runic Dome"],"picked":"Philosopher\u0027s Stone"},{"not_picked":["Eternal Feather","Runic Pyramid"],"picked":"Empty Cage"}],"items_purged_floors":[19,30],"is_endless":false,"potions_floor_spawned":[2,12,14,16,23,27,31,33,35,42,44,54],"ascension_level":0}