{"gold_per_floor":[113,14,25,25,25,59,59,75,75,109,125,125,142,42,42,121,121,131,131,23,40,57,57,57],"floor_reached":24,"playtime":1720,"items_purged":["Strike_G","Pain"],"score":462,"play_id":"b3845a6c-67ba-4ab8-934f-317a3ef9b1c6","local_time":"20190617112222","is_ascension_mode":true,"campfire_choices":[{"data":"Skewer","floor":7.0,"key":"SMITH"},{"data":"Leg Sweep","floor":12.0,"key":"SMITH"},{"data":"Crippling Poison","floor":15.0,"key":"SMITH"},{"floor":23.0,"key":"REST"}],"neow_cost":"NONE","seed_source_timestamp":413918820368597,"circlet_count":0,"master_deck":["AscendersBane","Defend_G","Defend_G","Defend_G","Defend_G","Defend_G","Strike_G","Strike_G","Strike_G","Strike_G","Survivor","Neutralize","Skewer+1","Cloak And Dagger","Dodge and Roll","Flying Knee","Cloak And Dagger","Leg Sweep+1","Noxious Fumes","Crippling Poison+1","After Image","Well Laid Plans+1","Noxious Fumes","PiercingWail","Blade Dance+1"],"special_seed":0,"relics":["Ring of the Snake","NeowsBlessing","WarpedTongs","Pantograph","Letter Opener","Ancient Tea Set","WristBlade"],"potions_floor_usage":[24],"damage_taken":[{"damage":0.0,"enemies":"Cultist","floor":1.0,"turns":1.0},{"damage":0.0,"enemies":"Small Slimes","floor":3.0,"turns":1.0},{"damage":0.0,"enemies":"Gremlin Nob","floor":6.0,"turns":1.0},{"damage":1.0,"enemies":"Jaw Worm","floor":8.0,"turns":3.0},{"damage":22.0,"enemies":"3 Sentries","floor":10.0,"turns":9.0},{"damage":11.0,"enemies":"Large Slime","floor":11.0,"turns":6.0},{"damage":4.0,"enemies":"Blue Slaver","floor":13.0,"turns":4.0},{"damage":33.0,"enemies":"Hexaghost","floor":16.0,"turns":11.0},{"damage":2.0,"enemies":"Spheric Guardian","floor":18.0,"turns":7.0},{"damage":14.0,"enemies":"3 Byrds","floor":21.0,"turns":4.0},{"damage":12.0,"enemies":"3 Cultists","floor":22.0,"turns":5.0},{"damage":33,"enemies":"Slavers","floor":24,"turns":4}],"seed_played":"847784060093323965","potions_obtained":[{"floor":8.0,"key":"GamblersBrew"},{"floor":10.0,"key":"Fire Potion"},{"floor":11.0,"key":"Fire Potion"},{"floor":13.0,"key":"Block Potion"},{"floor":22.0,"key":"SpeedPotion"}],"is_trial":false,"path_per_floor":["M","$","M","$","?","E","R","M","T","E","M","R","M","$","R","B",null,"M","?","$","M","M","R","E"],"character_chosen":"THE_SILENT","items_purchased":["Cloak And Dagger","Noxious Fumes","PiercingWail"],"campfire_rested":1,"item_purchase_floors":[2,20,20],"current_hp_per_floor":[59,59,59,59,59,59,59,58,58,36,25,25,21,21,21,13,53,51,33,33,19,7,28,0],"gold":57,"neow_bonus":"THREE_ENEMY_KILL","is_prod":false,"is_daily":false,"chose_seed":false,"campfire_upgraded":3,"win_rate":0,"timestamp":1560763342,"path_taken":["M","$","M","?","?","E","R","M","T","E","M","R","?","$","R","BOSS","M","?","$","M","M","R","E"],"build_version":"2019-01-23","purchased_purges":2,"victory":false,"max_hp_per_floor":[66,66,66,66,66,66,66,66,66,66,66,66,66,66,66,66,66,66,71,71,71,71,71,71],"card_choices":[{"not_picked":["Flying Knee","Acrobatics"],"picked":"Skewer","floor":1.0},{"not_picked":["Acrobatics","Flying Knee"],"picked":"Dodge and Roll","floor":3.0},{"not_picked":["Infinite Blades","Dagger Throw"],"picked":"Flying Knee","floor":6.0},{"not_picked":["Deadly Poison","Quick Slash"],"picked":"Cloak And Dagger","floor":8.0},{"not_picked":["Caltrops","Adrenaline"],"picked":"Leg Sweep","floor":10.0},{"not_picked":["Outmaneuver","Dagger Spray"],"picked":"Noxious Fumes","floor":11.0},{"not_picked":["Poisoned Stab","Underhanded Strike"],"picked":"Crippling Poison","floor":13.0},{"not_picked":["Night Terror","Burst"],"picked":"After Image","floor":16.0},{"not_picked":["Slice","Quick Slash"],"picked":"Well Laid Plans+1","floor":18.0},{"not_picked":["Flying Knee","Dash+1"],"picked":"Blade Dance+1","floor":21.0},{"not_picked":["Deadly Poison","Slice","Deflect"],"picked":"SKIP","floor":22.0}],"player_experience":540431,"relics_obtained":[{"floor":6.0,"key":"Pantograph"},{"floor":9.0,"key":"Letter Opener"},{"floor":10.0,"key":"Ancient Tea Set"}],"event_choices":[{"damage_healed":0.0,"max_hp_gain":0.0,"max_hp_loss":0.0,"gold_gain":0.0,"event_name":"Accursed Blacksmith","player_choice":"Rummage","floor":5.0,"gold_loss":0.0,"damage_taken":0.0,"relics_obtained":["WarpedTongs"],"cards_obtained":["Pain"]},{"damage_healed":0.0,"max_hp_gain":5.0,"max_hp_loss":0.0,"gold_gain":0.0,"event_name":"Forgotten Altar","player_choice":"Shed Blood","floor":19.0,"gold_loss":0.0,"damage_taken":23.0}],"is_beta":false,"boss_relics":[{"not_picked":["White Beast Statue","Tiny House"],"picked":"WristBlade"}],"items_purged_floors":[2,14],"is_endless":false,"potions_floor_spawned":[8,10,11,13,16,22],"killed_by":"Slavers","ascension_level":20}