{"gold_per_floor":[111,130,130,80,100,134,134,209,209,132,160,160,175,508,508,604,604,615,634,75,93,8,8,35,35,112,112,82,7,21,21,21,125,125,143,143,143,65,65,65,82,99,99,99,126,126,140,140,140,140],"floor_reached":51,"playtime":4445,"items_purged":["Clumsy"],"score":999,"play_id":"23e90e57-c2d8-4a0d-abbd-225802f52b32","local_time":"20180917225206","is_ascension_mode":true,"campfire_choices":[{"floor":7.0,"key":"REST"},{"data":"Bouncing Flask","floor":12.0,"key":"SMITH"},{"data":"Accuracy","floor":15.0,"key":"SMITH"},{"floor":23.0,"key":"REST"},{"floor":25.0,"key":"REST"},{"data":"Glass Knife","floor":27.0,"key":"SMITH"},{"data":"Leg Sweep","floor":32.0,"key":"SMITH"},{"data":"Neutralize","floor":40.0,"key":"SMITH"},{"floor":44,"key":"REST"},{"data":"Cloak And Dagger","floor":46,"key":"SMITH"},{"floor":49,"key":"REST"}],"neow_cost":"NONE","seed_source_timestamp":959575707263657,"circlet_count":0,"master_deck":["Survivor","Neutralize+1","AscendersBane","Cloak And Dagger+1","Dagger Spray","Infinite Blades","Envenom","Accuracy+1","Bouncing Flask+1","Backflip","Backflip","Glass Knife+1","Flying Knee","Noxious Fumes","Poisoned Stab","Choke","Prepared","Dagger Throw","Dodge and Roll","Flying Knee","Deflect+1","Dodge and Roll","Prepared","Backflip","Bane","Parasite","Leg Sweep+1","Die Die Die","Blur+1","Tools of the Trade","Footwork+1"],"special_seed":0,"relics":["Cursed Key","Ancient Tea Set","Pantograph","Odd Mushroom","Old Coin","Pandora\u0027s Box","Bag of Marbles","Mercury Hourglass","Regal Pillow","Art of War","Letter Opener","Runic Pyramid","Turnip","Shuriken","WingedGreaves"],"potions_floor_usage":[45,50],"damage_taken":[{"damage":1.0,"enemies":"Cultist","floor":1.0,"turns":5.0},{"damage":3.0,"enemies":"Small Slimes","floor":2.0,"turns":5.0},{"damage":1.0,"enemies":"2 Louse","floor":5.0,"turns":3.0},{"damage":26.0,"enemies":"Lagavulin","floor":6.0,"turns":8.0},{"damage":9.0,"enemies":"The Mushroom Lair","floor":11.0,"turns":4.0},{"damage":0.0,"enemies":"Looter","floor":13.0,"turns":3.0},{"damage":22.0,"enemies":"Gremlin Nob","floor":14.0,"turns":4.0},{"damage":25.0,"enemies":"Hexaghost","floor":16.0,"turns":8.0},{"damage":6.0,"enemies":"3 Byrds","floor":18.0,"turns":4.0},{"damage":22.0,"enemies":"Shell Parasite","floor":19.0,"turns":4.0},{"damage":18.0,"enemies":"Snake Plant","floor":21.0,"turns":2.0},{"damage":31.0,"enemies":"Book of Stabbing","floor":24.0,"turns":5.0},{"damage":0.0,"enemies":"Snecko","floor":30.0,"turns":3.0},{"damage":42.0,"enemies":"Champ","floor":33.0,"turns":9.0},{"damage":10.0,"enemies":"3 Darklings","floor":35.0,"turns":4.0},{"damage":0.0,"enemies":"Mind Bloom Boss Battle","floor":39.0,"turns":4.0},{"damage":4,"enemies":"Orb Walker","floor":41,"turns":4},{"damage":28,"enemies":"3 Darklings","floor":42,"turns":3},{"damage":18,"enemies":"2 Orb Walkers","floor":45,"turns":5},{"damage":17,"enemies":"Maw","floor":47,"turns":6},{"damage":48,"enemies":"Time Eater","floor":50,"turns":13}],"seed_played":"-3404879425102596493","potions_obtained":[{"floor":1.0,"key":"Ancient Potion"},{"floor":13.0,"key":"Explosive Potion"},{"floor":16.0,"key":"Poison Potion"},{"floor":18.0,"key":"SteroidPotion"},{"floor":28.0,"key":"Explosive Potion"},{"floor":28.0,"key":"Explosive Potion"},{"floor":30.0,"key":"LiquidBronze"},{"floor":33.0,"key":"SteroidPotion"},{"floor":42,"key":"SteroidPotion"}],"is_trial":false,"path_per_floor":["M","M","$","?","M","E","R","?","T","$","?","R","M","E","R","B",null,"M","M","$","M","?","R","E","R","T","R","?","?","M","$","R","B",null,"M","?","?","$","?","R","M","M","T","R","E","R","M","?","R","B"],"character_chosen":"THE_SILENT","items_purchased":["Accuracy","Dodge and Roll","Bag of Marbles","Prepared","Mercury Hourglass","GhostInAJar"],"campfire_rested":5,"item_purchase_floors":[10,20,20,20,20,38],"current_hp_per_floor":[62,59,59,59,58,32,53,42,42,42,33,33,33,11,11,11,55,49,27,27,9,9,45,14,50,50,50,50,50,50,50,50,28,60,50,43,43,43,68,68,64,36,36,70,52,52,35,35,70,22],"gold":140,"neow_bonus":"BOSS_RELIC","is_prod":false,"is_daily":false,"chose_seed":false,"campfire_upgraded":6,"win_rate":0,"timestamp":1537239126,"path_taken":["M","?","$","?","M","E","R","?","T","$","?","R","M","E","R","BOSS","M","M","$","M","?","R","E","R","T","R","?","?","?","$","R","BOSS","M","?","?","$","?","R","M","M","T","R","E","R","M","?","R","BOSS"],"build_version":"2018-09-06","purchased_purges":1,"victory":true,"max_hp_per_floor":[70,70,70,70,70,70,70,70,70,70,70,70,70,70,70,70,70,70,70,70,70,70,70,70,70,70,70,70,70,70,70,70,70,70,70,70,70,70,70,70,70,70,70,70,70,70,70,70,70,70],"card_choices":[{"not_picked":["Reflex","Outmaneuver"],"picked":"Cloak And Dagger","floor":1.0},{"not_picked":["Acrobatics","Sucker Punch"],"picked":"Dagger Spray","floor":2.0},{"not_picked":["Slice","Accuracy"],"picked":"Infinite Blades","floor":5.0},{"not_picked":["Dash","Flying Knee"],"picked":"Envenom","floor":6.0},{"not_picked":["Dagger Throw","Noxious Fumes"],"picked":"Bouncing Flask","floor":11.0},{"not_picked":["Outmaneuver","Flying Knee"],"picked":"Backflip","floor":13.0},{"not_picked":["Masterful Stab","Sucker Punch"],"picked":"Backflip","floor":14.0},{"not_picked":["Unload","A Thousand Cuts"],"picked":"Glass Knife","floor":16.0},{"not_picked":["Underhanded Strike","Deadly Poison+1"],"picked":"Deflect+1","floor":18.0},{"not_picked":["Deflect","Reflex","Dagger Throw+1"],"picked":"SKIP","floor":19.0},{"not_picked":["Slice","Backstab"],"picked":"Backflip","floor":21.0},{"not_picked":["Dagger Spray+1","Underhanded Strike"],"picked":"Bane","floor":24.0},{"not_picked":["Acrobatics","Backflip"],"picked":"Leg Sweep","floor":30.0},{"not_picked":["Glass Knife","Storm of Steel"],"picked":"Die Die Die","floor":33.0},{"not_picked":["Setup+1","Backflip+1","Blade Dance+1"],"picked":"SKIP","floor":35.0},{"not_picked":["Escape Plan+1","Quick Slash+1"],"picked":"Blur+1","floor":41},{"not_picked":["Setup+1","Underhanded Strike","Slice+1"],"picked":"SKIP","floor":42},{"not_picked":["Quick Slash+1","Finisher+1"],"picked":"Tools of the Trade","floor":45},{"not_picked":["Caltrops","Expertise"],"picked":"Footwork+1","floor":47}],"player_experience":452311,"relics_obtained":[{"floor":6.0,"key":"Ancient Tea Set"},{"floor":9.0,"key":"Pantograph"},{"floor":11.0,"key":"Odd Mushroom"},{"floor":14.0,"key":"Old Coin"},{"floor":24.0,"key":"Art of War"},{"floor":26.0,"key":"Letter Opener"},{"floor":39.0,"key":"Turnip"},{"floor":43,"key":"Shuriken"},{"floor":45,"key":"WingedGreaves"}],"event_choices":[{"event_name":"The Cleric","player_choice":"Card Removal","floor":4.0,"damage_taken":0.0},{"event_name":"World of Goop","player_choice":"Gather Gold","floor":8.0,"damage_taken":0.0},{"event_name":"Mushrooms","player_choice":"Fought Mushrooms","floor":11.0,"damage_taken":0.0},{"event_name":"Addict","player_choice":"Obtained Relic","floor":22.0,"damage_taken":0.0},{"event_name":"The Woman in Blue","player_choice":"Bought 2 Potions","floor":28.0,"damage_taken":0.0},{"event_name":"Beggar","player_choice":"Gave Gold","floor":29.0,"damage_taken":0.0},{"event_name":"Wheel of Change","player_choice":"Damage","floor":36.0,"damage_taken":0.0},{"event_name":"Tomb of Lord Red Mask","player_choice":"Ignored","floor":37.0,"damage_taken":0.0},{"event_name":"MindBloom","player_choice":"Fight","floor":39.0,"damage_taken":0.0},{"event_name":"Purifier","player_choice":"One Purge","floor":48,"damage_taken":0}],"is_beta":false,"boss_relics":[{"not_picked":["White Beast Statue","Velvet Choker"],"picked":"Pandora\u0027s Box"},{"not_picked":["Snecko Eye","Tiny House"],"picked":"Runic Pyramid"}],"items_purged_floors":[20],"is_endless":false,"potions_floor_spawned":[1,13,16,18,30,33,39,42],"ascension_level":10}