{"gold_per_floor":[117,117,130,130,146,146,171,171,171,184,198,198,198,198,198,198],"floor_reached":16,"playtime":591,"items_purged":[],"score":195,"play_id":"2b750533-93c7-450b-846c-7c5752808f51","local_time":"20190707162227","is_ascension_mode":true,"campfire_choices":[{"floor":6.0,"key":"REST"},{"data":"Armaments","floor":8.0,"key":"SMITH"},{"floor":12,"key":"REST"},{"floor":15,"key":"REST"}],"neow_cost":"NONE","seed_source_timestamp":612647579467842,"circlet_count":0,"master_deck":["AscendersBane","Strike_R","Strike_R","Strike_R","Strike_R","Defend_R","Defend_R","Defend_R","Defend_R","Bash","Purity","Body Slam+1","Disarm","Pummel","Armaments+1","Ghostly Armor","Headbutt"],"special_seed":0,"relics":["Burning Blood","Calipers","Oddly Smooth Stone","Blue Candle","Torii"],"potions_floor_usage":[11,16,16],"damage_taken":[{"damage":6.0,"enemies":"2 Louse","floor":1.0,"turns":4.0},{"damage":7.0,"enemies":"Small Slimes","floor":3.0,"turns":4.0},{"damage":15.0,"enemies":"Jaw Worm","floor":5.0,"turns":5.0},{"damage":56.0,"enemies":"Gremlin Nob","floor":7.0,"turns":5.0},{"damage":8.0,"enemies":"Large Slime","floor":10.0,"turns":7.0},{"damage":6,"enemies":"Lots of Slimes","floor":11,"turns":5},{"damage":54,"enemies":"Slime Boss","floor":16,"turns":11}],"seed_played":"7639037351936531994","potions_obtained":[{"floor":1.0,"key":"GamblersBrew"},{"floor":5.0,"key":"Ancient Potion"},{"floor":10.0,"key":"AttackPotion"},{"floor":11,"key":"Dexterity Potion"}],"is_trial":false,"path_per_floor":["M","?","M","?","M","R","E","R","T","M","M","R","?","?","R","B"],"character_chosen":"IRONCLAD","items_purchased":[],"campfire_rested":3,"item_purchase_floors":[],"current_hp_per_floor":[68,68,67,49,40,62,12,12,12,10,10,32,32,32,54,0],"gold":198,"neow_bonus":"RANDOM_COLORLESS","is_prod":false,"is_daily":false,"chose_seed":false,"campfire_upgraded":1,"win_rate":0,"timestamp":1562530947,"path_taken":["M","?","M","?","M","R","E","R","T","M","M","R","?","?","R","BOSS"],"build_version":"2019-07-05","purchased_purges":0,"victory":false,"max_hp_per_floor":[75,75,75,75,75,75,75,75,75,75,75,75,75,75,75,75],"card_choices":[{"not_picked":["Sword Boomerang","Clothesline"],"picked":"Body Slam","floor":1.0},{"not_picked":["Sentinel","Whirlwind"],"picked":"Disarm","floor":3.0},{"not_picked":["Intimidate","Bloodletting"],"picked":"Pummel","floor":5.0},{"not_picked":["Body Slam","Carnage"],"picked":"Armaments","floor":7.0},{"not_picked":["Inflame","Twin Strike"],"picked":"Ghostly Armor","floor":10.0},{"not_picked":["Combust","Havoc"],"picked":"Headbutt","floor":11}],"player_experience":1122214,"relics_obtained":[{"floor":7.0,"key":"Oddly Smooth Stone"},{"floor":9.0,"key":"Blue Candle"}],"event_choices":[{"damage_healed":0.0,"max_hp_gain":0.0,"max_hp_loss":0.0,"gold_gain":0.0,"event_name":"Living Wall","player_choice":"Grow","floor":2.0,"gold_loss":0.0,"damage_taken":0.0,"cards_upgraded":["Body Slam"]},{"damage_healed":0.0,"max_hp_gain":0.0,"max_hp_loss":0.0,"gold_gain":0.0,"event_name":"Scrap Ooze","player_choice":"Success","floor":4.0,"gold_loss":0.0,"damage_taken":18.0,"relics_obtained":["Calipers"]},{"damage_healed":0,"gold_gain":0,"player_choice":"Searched \u00271\u0027 times","damage_taken":0,"relics_obtained":["Torii"],"max_hp_gain":0,"max_hp_loss":0,"event_name":"Dead Adventurer","floor":13,"gold_loss":0},{"cards_removed":["Strike_R"],"damage_healed":0,"gold_gain":0,"player_choice":"Purged","damage_taken":0,"max_hp_gain":0,"max_hp_loss":0,"event_name":"Purifier","floor":14,"gold_loss":0}],"is_beta":false,"boss_relics":[],"items_purged_floors":[],"is_endless":false,"potions_floor_spawned":[1,5,10,11],"killed_by":"Slime Boss","ascension_level":19}