{"gold_per_floor":[117,127,127,146,20,20,45,45,68,68,87,103,138,150,150,249,249,267,267,280,550,562,596,596,611,611,611,467,495,510,526,526,628,628,648,648,212,231,277,311,311,311,311,337,337,10,30,30,30,30,30,30,30,55,55],"floor_reached":55,"playtime":3430,"items_purged":["Regret"],"score":775,"play_id":"5c2e0911-25ab-4f0b-a3f7-a17496b2b7d8","local_time":"20190501205329","is_ascension_mode":false,"campfire_choices":[{"data":"Bash","floor":6.0,"key":"SMITH"},{"data":"Body Slam","floor":8.0,"key":"SMITH"},{"data":"Sword Boomerang","floor":10.0,"key":"SMITH"},{"data":"Havoc","floor":15.0,"key":"SMITH"},{"floor":24.0,"key":"REST"},{"floor":27.0,"key":"REST"},{"floor":32.0,"key":"RECALL"},{"floor":41.0,"key":"REST"},{"floor":45.0,"key":"REST"},{"floor":49.0,"key":"REST"},{"floor":52.0,"key":"REST"}],"neow_cost":"NONE","seed_source_timestamp":2254522513369417,"circlet_count":0,"master_deck":["Strike_R","Strike_R","Strike_R","Defend_R","Defend_R","Defend_R","Defend_R+1","Bash+1","Ghostly Armor+1","Battle Trance","Evolve","Sword Boomerang+1","Body Slam+1","Havoc+1","Inflame","Twin Strike","Flame Barrier","Impervious","Cleave+1","Whirlwind","Impervious","Disarm","Power Through","Headbutt","Body Slam+1","Power Through","Limit Break","Body Slam","Blind","Impervious","Second Wind","True Grit+1","Juggernaut","Inflame","Uppercut+1","Madness","Madness","Shrug It Off"],"special_seed":0,"relics":["Burning Blood","Vajra","War Paint","Juzu Bracelet","Art of War","Fusion Hammer","Ancient Tea Set","Ginger","Bag of Marbles","Magic Flower","Sozu","Mango","Thread and Needle","Letter Opener","Question Card","Kunai","Mercury Hourglass"],"potions_floor_usage":[55,55,55],"damage_taken":[{"damage":4.0,"enemies":"2 Louse","floor":1.0,"turns":4.0},{"damage":4.0,"enemies":"Cultist","floor":2.0,"turns":4.0},{"damage":9.0,"enemies":"Small Slimes","floor":4.0,"turns":4.0},{"damage":21.0,"enemies":"Gremlin Nob","floor":7.0,"turns":4.0},{"damage":0.0,"enemies":"Blue Slaver","floor":11.0,"turns":3.0},{"damage":5.0,"enemies":"Lots of Slimes","floor":12.0,"turns":4.0},{"damage":5.0,"enemies":"Lagavulin","floor":13.0,"turns":5.0},{"damage":6.0,"enemies":"2 Fungi Beasts","floor":14.0,"turns":2.0},{"damage":23.0,"enemies":"The Guardian","floor":16.0,"turns":8.0},{"damage":0.0,"enemies":"3 Byrds","floor":18.0,"turns":5.0},{"damage":0.0,"enemies":"2 Thieves","floor":20.0,"turns":3.0},{"damage":0.0,"enemies":"Snake Plant","floor":22.0,"turns":4.0},{"damage":34.0,"enemies":"Slavers","floor":23.0,"turns":4.0},{"damage":0.0,"enemies":"Sentry and Sphere","floor":25.0,"turns":4.0},{"damage":16.0,"enemies":"Gremlin Leader","floor":29.0,"turns":6.0},{"damage":0.0,"enemies":"Shelled Parasite and Fungi","floor":30.0,"turns":2.0},{"damage":0.0,"enemies":"3 Cultists","floor":31.0,"turns":3.0},{"damage":31.0,"enemies":"Automaton","floor":33.0,"turns":11.0},{"damage":0.0,"enemies":"3 Darklings","floor":35.0,"turns":4.0},{"damage":0.0,"enemies":"3 Shapes","floor":38.0,"turns":3.0},{"damage":54.0,"enemies":"2 Orb Walkers","floor":39.0,"turns":6.0},{"damage":19.0,"enemies":"Giant Head","floor":40.0,"turns":9.0},{"damage":11.0,"enemies":"Reptomancer","floor":44.0,"turns":6.0},{"damage":0.0,"enemies":"Maw","floor":47.0,"turns":6.0},{"damage":79.0,"enemies":"Donu and Deca","floor":50.0,"turns":10.0},{"damage":28.0,"enemies":"Shield and Spear","floor":54.0,"turns":8.0},{"damage":76,"enemies":"The Heart","floor":55,"turns":9}],"seed_played":"7311856746296578393","potions_obtained":[{"floor":2.0,"key":"SkillPotion"},{"floor":4.0,"key":"Poison Potion"},{"floor":13.0,"key":"Ancient Potion"},{"floor":16.0,"key":"BloodPotion"},{"floor":20.0,"key":"FearPotion"},{"floor":30.0,"key":"Strength Potion"},{"floor":31.0,"key":"SteroidPotion"},{"floor":33.0,"key":"SpeedPotion"}],"is_trial":false,"path_per_floor":["M","M","?","M","$","R","E","R","T","R","M","M","E","M","R","B",null,"M","?","M","?","M","E","R","M","T","R","$","E","M","M","R","B",null,"M","?","$","M","?","E","R","?","T","E","R","$","M","?","R","B",null,"R","$","E","B"],"character_chosen":"IRONCLAD","items_purchased":["Sword Boomerang","Bag of Marbles","Impervious","Mango","Kunai","Inflame"],"campfire_rested":6,"item_purchase_floors":[5,28,37,37,46,46],"current_hp_per_floor":[80,80,80,77,77,77,62,62,62,62,68,69,70,70,70,53,80,80,80,80,48,54,26,50,56,56,80,80,70,79,80,80,58,80,80,80,94,94,49,39,67,67,67,65,93,93,94,82,94,24,94,94,94,75,0],"gold":55,"neow_bonus":"REMOVE_CARD","is_prod":false,"is_daily":false,"chose_seed":false,"campfire_upgraded":4,"win_rate":0,"timestamp":1556758409,"path_taken":["M","M","?","M","$","R","E","R","T","R","M","M","E","M","R","BOSS","M","?","M","?","M","E","R","M","T","R","$","E","M","M","R","BOSS","M","?","$","M","?","E","R","?","T","E","R","$","M","?","R","BOSS","R","$","E","BOSS"],"build_version":"2019-01-23","purchased_purges":1,"victory":false,"max_hp_per_floor":[80,80,80,80,80,80,80,80,80,80,80,80,80,80,80,80,80,80,80,80,80,80,80,80,80,80,80,80,80,80,80,80,80,80,80,80,94,94,94,94,94,94,94,94,94,94,94,94,94,94,94,94,94,94,94],"card_choices":[{"not_picked":["Armaments","Corruption"],"picked":"Ghostly Armor","floor":1.0},{"not_picked":["Iron Wave","Wild Strike"],"picked":"Battle Trance","floor":2.0},{"not_picked":["Second Wind","Havoc"],"picked":"Evolve","floor":4.0},{"not_picked":["Carnage","Havoc"],"picked":"Body Slam","floor":7.0},{"not_picked":["Feel No Pain","Bloodletting"],"picked":"Havoc","floor":11.0},{"not_picked":["True Grit","Carnage"],"picked":"Inflame","floor":12.0},{"not_picked":["Shrug It Off","Exhume"],"picked":"Twin Strike","floor":13.0},{"not_picked":["Evolve","Flex"],"picked":"Flame Barrier","floor":14.0},{"not_picked":["Dark Embrace","Immolate"],"picked":"Impervious","floor":16.0},{"not_picked":["Bloodletting+1","Warcry"],"picked":"Cleave+1","floor":18.0},{"not_picked":["Anger+1","Blood for Blood"],"picked":"Impervious","floor":20.0},{"not_picked":["Heavy Blade","Iron Wave"],"picked":"Disarm","floor":22.0},{"not_picked":["Clothesline","Infernal Blade"],"picked":"Power Through","floor":23.0},{"not_picked":["Heavy Blade","Reckless Charge","Cleave"],"picked":"SKIP","floor":25.0},{"not_picked":["Second Wind","Iron Wave"],"picked":"Headbutt","floor":29.0},{"not_picked":["Headbutt","Iron Wave+1"],"picked":"Body Slam+1","floor":30.0},{"not_picked":["Clash","Rampage+1"],"picked":"Power Through","floor":31.0},{"not_picked":["Impervious","Reaper"],"picked":"Limit Break","floor":33.0},{"not_picked":["Anger","Perfected Strike"],"picked":"Body Slam","floor":35.0},{"not_picked":["Impatience","Enlightenment"],"picked":"Blind","floor":36.0},{"not_picked":["Havoc","Body Slam"],"picked":"Second Wind","floor":38.0},{"not_picked":["Pommel Strike","Heavy Blade"],"picked":"True Grit+1","floor":39.0},{"not_picked":["Sever Soul","Bloodletting+1"],"picked":"Juggernaut","floor":40.0},{"not_picked":["Iron Wave","Immolate","Cleave"],"picked":"SKIP","floor":44.0},{"not_picked":["Thunderclap","Shrug It Off","True Grit"],"picked":"Uppercut+1","floor":47.0},{"not_picked":["Searing Blow","Wild Strike","Clothesline+1"],"picked":"Shrug It Off","floor":54.0}],"player_experience":839240,"relics_obtained":[{"floor":7.0,"key":"War Paint"},{"floor":9.0,"key":"Juzu Bracelet"},{"floor":13.0,"key":"Art of War"},{"floor":23.0,"key":"Ancient Tea Set"},{"floor":26.0,"key":"Ginger"},{"floor":29.0,"key":"Magic Flower"},{"floor":39.0,"key":"Thread and Needle"},{"floor":40.0,"key":"Letter Opener"},{"floor":44.0,"key":"Question Card"},{"floor":54.0,"key":"Mercury Hourglass"}],"event_choices":[{"damage_healed":0.0,"max_hp_gain":0.0,"max_hp_loss":0.0,"gold_gain":0.0,"event_name":"Big Fish","player_choice":"Box","floor":3.0,"gold_loss":0.0,"damage_taken":0.0,"relics_obtained":["Vajra"],"cards_obtained":["Regret"]},{"damage_healed":0.0,"max_hp_gain":0.0,"max_hp_loss":0.0,"gold_gain":0.0,"cards_transformed":["Strike_R"],"event_name":"Transmorgrifier","player_choice":"Transformed","floor":19.0,"gold_loss":0.0,"damage_taken":0.0,"cards_obtained":["Whirlwind"]},{"damage_healed":0.0,"max_hp_gain":0.0,"max_hp_loss":0.0,"gold_gain":270.0,"event_name":"Knowing Skull","player_choice":"GOLD GOLD GOLD ","floor":21.0,"potions_obtained":[],"gold_loss":0.0,"damage_taken":32.0,"cards_obtained":[]},{"damage_healed":0.0,"max_hp_gain":0.0,"max_hp_loss":0.0,"gold_gain":0.0,"event_name":"SensoryStone","player_choice":"Memory 1","floor":36.0,"gold_loss":0.0,"damage_taken":0.0},{"damage_healed":0.0,"max_hp_gain":0.0,"max_hp_loss":0.0,"gold_gain":0.0,"event_name":"Mysterious Sphere","player_choice":"Fight","floor":39.0,"gold_loss":0.0,"damage_taken":0.0},{"damage_healed":0.0,"max_hp_gain":0.0,"max_hp_loss":0.0,"gold_gain":0.0,"event_name":"NoteForYourself","player_choice":"Ignored","floor":42.0,"gold_loss":0.0,"damage_taken":0.0},{"damage_healed":0.0,"max_hp_gain":0.0,"max_hp_loss":0.0,"gold_gain":0.0,"event_name":"Winding Halls","player_choice":"Embrace Madness","floor":48.0,"gold_loss":0.0,"damage_taken":12.0,"cards_obtained":["Madness","Madness"]}],"is_beta":false,"boss_relics":[{"not_picked":["Black Star","Runic Dome"],"picked":"Fusion Hammer"},{"not_picked":["Lizard Tail","Orrery"],"picked":"Sozu"}],"items_purged_floors":[5],"is_endless":false,"potions_floor_spawned":[2,4,13,16,20,30,31,33,40,47],"killed_by":"The Heart","ascension_level":0}