{"gold_per_floor":[369,383,383,402,9,43,53,84,131,131,131,147,163,227,227,330,330,347,347,347,43,43,43,76,76,76,88,98,98,34,47,47,150,150,168,181,198,213,232,259,259,293,293,293,313,327,362,25,25,25,25,25,25,56,56],"floor_reached":55,"playtime":4055,"items_purged":["Strike_R","Strike_R","Strike_R"],"score":789,"play_id":"dc2ce15b-d934-421f-b441-3f08fa520ce0","local_time":"20190812202405","is_ascension_mode":false,"campfire_choices":[{"data":"Rage","floor":10.0,"key":"SMITH"},{"data":"Power Through","floor":15.0,"key":"SMITH"},{"data":"Limit Break","floor":23.0,"key":"SMITH"},{"data":"Good Instincts","floor":25.0,"key":"SMITH"},{"data":"Trip","floor":29.0,"key":"SMITH"},{"data":"Shockwave","floor":32.0,"key":"SMITH"},{"floor":41,"key":"REST"},{"floor":44,"key":"REST"},{"floor":49,"key":"RECALL"},{"data":"True Grit","floor":52,"key":"SMITH"}],"neow_cost":"PERCENT_DAMAGE","seed_source_timestamp":1817828437486831,"circlet_count":0,"master_deck":["Strike_R","Strike_R+1","Defend_R+1","Defend_R","Defend_R+1","Defend_R","Bash","Pommel Strike+1","Pommel Strike","Shockwave+1","Spot Weakness","Good Instincts+1","Rage+1","Power Through+1","Limit Break+1","Offering","Disarm+1","Headbutt+1","Trip+1","Pummel+1","Flame Barrier","Dropkick","Exhume","Warcry+1","True Grit+1","True Grit+1","Burning Pact"],"special_seed":0,"relics":["Burning Blood","Oddly Smooth Stone","Pantograph","The Courier","Strawberry","Omamori","Sozu","Ornamental Fan","Lantern","Runic Cube","Sundial","Pen Nib","Kunai","Charon\u0027s Ashes","War Paint","Happy Flower","Whetstone"],"potions_floor_usage":[55,55,55],"damage_taken":[{"damage":3.0,"enemies":"Jaw Worm","floor":1.0,"turns":4.0},{"damage":0.0,"enemies":"2 Louse","floor":2.0,"turns":3.0},{"damage":0.0,"enemies":"Small Slimes","floor":4.0,"turns":3.0},{"damage":15.0,"enemies":"3 Sentries","floor":6.0,"turns":8.0},{"damage":6.0,"enemies":"Blue Slaver","floor":7.0,"turns":3.0},{"damage":7.0,"enemies":"Lagavulin","floor":8.0,"turns":5.0},{"damage":5.0,"enemies":"Large Slime","floor":12.0,"turns":7.0},{"damage":1.0,"enemies":"3 Louse","floor":13.0,"turns":5.0},{"damage":7.0,"enemies":"Gremlin Nob","floor":14.0,"turns":4.0},{"damage":65.0,"enemies":"The Guardian","floor":16.0,"turns":14.0},{"damage":10.0,"enemies":"Shell Parasite","floor":18.0,"turns":4.0},{"damage":18.0,"enemies":"Slavers","floor":24.0,"turns":6.0},{"damage":0.0,"enemies":"3 Byrds","floor":27.0,"turns":5.0},{"damage":3.0,"enemies":"Centurion and Healer","floor":28.0,"turns":5.0},{"damage":0.0,"enemies":"Snake Plant","floor":31.0,"turns":5.0},{"damage":23.0,"enemies":"Collector","floor":33.0,"turns":9.0},{"damage":25.0,"enemies":"3 Darklings","floor":35.0,"turns":5.0},{"damage":2.0,"enemies":"3 Shapes","floor":36.0,"turns":7.0},{"damage":12.0,"enemies":"Maw","floor":37.0,"turns":7.0},{"damage":22.0,"enemies":"Sphere and 2 Shapes","floor":38.0,"turns":8.0},{"damage":12.0,"enemies":"Spire Growth","floor":39.0,"turns":5.0},{"damage":30,"enemies":"Reptomancer","floor":40,"turns":9},{"damage":41,"enemies":"Nemesis","floor":42,"turns":7},{"damage":2,"enemies":"Maw","floor":45,"turns":9},{"damage":6,"enemies":"3 Darklings","floor":46,"turns":6},{"damage":8,"enemies":"Giant Head","floor":47,"turns":6},{"damage":47,"enemies":"Donu and Deca","floor":50,"turns":6},{"damage":57,"enemies":"Shield and Spear","floor":54,"turns":10},{"damage":76,"enemies":"The Heart","floor":55,"turns":8}],"seed_played":"-4775260579013839008","potions_obtained":[{"floor":1.0,"key":"SpeedPotion"},{"floor":6.0,"key":"SteroidPotion"},{"floor":8.0,"key":"Block Potion"}],"is_trial":false,"path_per_floor":["M","M","?","M","$","E","M","E","T","R","?","M","M","?","R","B",null,"M","?","?","$","?","R","E","R","T","M","M","R","$","M","R","B",null,"M","M","M","M","M","E","R","E","T","R","M","M","E","$","R","B",null,"R","$","E","B"],"character_chosen":"IRONCLAD","items_purchased":["Oddly Smooth Stone","Spot Weakness","Good Instincts","Ornamental Fan","Headbutt","Dropkick","War Paint","Happy Flower"],"campfire_rested":2,"item_purchase_floors":[5,5,5,21,21,30,48,48],"current_hp_per_floor":[59,65,49,55,55,46,46,45,52,52,57,58,63,62,62,28,92,88,88,70,70,70,70,58,58,58,64,67,67,67,73,73,80,97,78,82,76,60,54,30,59,24,24,53,57,57,55,55,55,39,97,97,97,46,0],"gold":56,"neow_bonus":"TWO_FIFTY_GOLD","is_prod":false,"is_daily":false,"chose_seed":false,"campfire_upgraded":7,"win_rate":0,"timestamp":1565655845,"path_taken":["M","M","?","M","$","E","M","E","T","R","?","?","M","?","R","BOSS","M","?","?","$","?","R","E","R","T","?","M","R","?","M","R","BOSS","M","?","M","M","M","E","R","E","T","R","M","M","E","$","R","BOSS","R","$","E","BOSS"],"build_version":"2019-07-17","purchased_purges":3,"victory":false,"max_hp_per_floor":[80,80,80,80,80,80,80,80,87,87,92,92,92,92,92,92,92,92,92,97,97,97,97,97,97,97,97,97,97,97,97,97,97,97,97,97,97,97,97,97,97,97,97,97,97,97,97,97,97,97,97,97,97,97,97],"card_choices":[{"not_picked":["Sever Soul","Armaments"],"picked":"Pommel Strike","floor":1.0},{"not_picked":["Perfected Strike","Heavy Blade"],"picked":"Pommel Strike","floor":2.0},{"not_picked":["Heavy Blade","Bloodletting"],"picked":"Shockwave","floor":4.0},{"not_picked":["Burning Pact","Havoc"],"picked":"Rage","floor":6.0},{"not_picked":["Cleave","Pommel Strike","Anger"],"picked":"SKIP","floor":7.0},{"not_picked":["True Grit","Headbutt"],"picked":"Power Through","floor":8.0},{"not_picked":["Cleave","Twin Strike"],"picked":"Limit Break","floor":12.0},{"not_picked":["Pommel Strike","Flex","Body Slam"],"picked":"SKIP","floor":13.0},{"not_picked":["Double Tap","Demon Form"],"picked":"Offering","floor":16.0},{"not_picked":["Shrug It Off","Hemokinesis"],"picked":"Disarm+1","floor":18.0},{"not_picked":["Burning Pact","Whirlwind"],"picked":"Pummel","floor":24.0},{"not_picked":["Infernal Blade","Twin Strike"],"picked":"Flame Barrier","floor":27.0},{"not_picked":["Sword Boomerang","Sentinel","Cleave"],"picked":"SKIP","floor":28.0},{"not_picked":["Clash","Bloodletting+1","Rampage"],"picked":"SKIP","floor":31.0},{"not_picked":["Juggernaut","Demon Form"],"picked":"Exhume","floor":33.0},{"not_picked":["Twin Strike+1","Anger+1","Sword Boomerang"],"picked":"SKIP","floor":35.0},{"not_picked":["Perfected Strike","Infernal Blade","Clash"],"picked":"SKIP","floor":36.0},{"not_picked":["Pommel Strike","Anger","Warcry+1"],"picked":"SKIP","floor":37.0},{"not_picked":["Pommel Strike","Anger"],"picked":"Warcry+1","floor":37.0},{"not_picked":["Sword Boomerang+1","Fire Breathing","Corruption+1"],"picked":"SKIP","floor":38.0},{"not_picked":["Sentinel+1","Perfected Strike+1","Havoc+1"],"picked":"SKIP","floor":39.0},{"not_picked":["Headbutt+1","Rupture+1","Pommel Strike+1"],"picked":"SKIP","floor":40},{"not_picked":["Sever Soul+1","Headbutt","Warcry+1"],"picked":"SKIP","floor":42},{"not_picked":["Iron Wave+1","Feel No Pain+1","Fiend Fire"],"picked":"SKIP","floor":45},{"not_picked":["Clothesline","Heavy Blade+1"],"picked":"True Grit","floor":46},{"not_picked":["Anger+1","Iron Wave"],"picked":"True Grit+1","floor":47},{"not_picked":["Fire Breathing+1","Rampage"],"picked":"Burning Pact","floor":54}],"player_experience":1230592,"relics_obtained":[{"floor":6.0,"key":"Pantograph"},{"floor":8.0,"key":"The Courier"},{"floor":9.0,"key":"Strawberry"},{"floor":24.0,"key":"Lantern"},{"floor":40,"key":"Sundial"},{"floor":42,"key":"Pen Nib"},{"floor":43,"key":"Kunai"},{"floor":47,"key":"Charon\u0027s Ashes"},{"floor":54,"key":"Whetstone"}],"event_choices":[{"damage_healed":0.0,"max_hp_gain":0.0,"max_hp_loss":0.0,"gold_gain":0.0,"event_name":"Shining Light","player_choice":"Entered Light","floor":3.0,"gold_loss":0.0,"damage_taken":16.0,"cards_upgraded":["Strike_R","Pommel Strike"]},{"damage_healed":0.0,"max_hp_gain":5.0,"max_hp_loss":0.0,"gold_gain":0.0,"event_name":"Big Fish","player_choice":"Donut","floor":11.0,"gold_loss":0.0,"damage_taken":0.0},{"damage_healed":0.0,"max_hp_gain":0.0,"max_hp_loss":0.0,"gold_gain":30.0,"event_name":"Dead Adventurer","player_choice":"Searched \u00273\u0027 times","floor":14.0,"gold_loss":0.0,"damage_taken":0.0,"relics_obtained":["Omamori"]},{"damage_healed":0.0,"max_hp_gain":0.0,"max_hp_loss":0.0,"gold_gain":0.0,"event_name":"Vampires","player_choice":"Ignored","floor":19.0,"gold_loss":0.0,"damage_taken":0.0},{"damage_healed":0.0,"max_hp_gain":5.0,"max_hp_loss":0.0,"gold_gain":0.0,"event_name":"Forgotten Altar","player_choice":"Shed Blood","floor":20.0,"gold_loss":0.0,"damage_taken":23.0},{"damage_healed":0.0,"max_hp_gain":0.0,"max_hp_loss":0.0,"gold_gain":0.0,"event_name":"Match and Keep!","player_choice":"1 cards matched","floor":22.0,"gold_loss":0.0,"damage_taken":0.0,"cards_obtained":["Trip"]}],"is_beta":false,"boss_relics":[{"not_picked":["Eternal Feather","Busted Crown"],"picked":"Sozu"},{"not_picked":["Empty Cage","Lizard Tail"],"picked":"Runic Cube"}],"items_purged_floors":[5,21,48],"is_endless":false,"potions_floor_spawned":[1,6,8,12,27,33,36,38,40,42],"killed_by":"The Heart","ascension_level":0}