{"gold_per_floor":[113,113,125,95,111,111,140,151,177,196,221,234,234,260,260,365,365,377,377,60,0,99,99,116,151,178,178],"floor_reached":27,"playtime":2209,"items_purged":["Regret"],"score":326,"play_id":"6592b197-ae6d-46be-aff0-940b78dc1813","local_time":"20180716213116","is_ascension_mode":false,"campfire_choices":[{"floor":6,"key":"REST"},{"floor":15,"key":"REST"},{"floor":23,"key":"REST"}],"neow_cost":"NONE","seed_source_timestamp":1821543865288514,"circlet_count":0,"master_deck":["Strike_B","Strike_B","Strike_B","Strike_B","Defend_B","Defend_B","Defend_B","Defend_B","Zap","Dualcast","Reinforced Body","Chill","Doom and Gloom","Consume","Reprogram","Go for the Eyes","White Noise","Defragment","Ball Lightning","Sweeping Beam","Reboot","Leap+1","Streamline","Redo"],"relics":["Fusion Hammer","DataDisk","Lantern","Boot","Turnip","Dream Catcher","Ancient Tea Set","Inserter","FaceOfCleric","Bottled Tornado","Meat on the Bone","Art of War"],"potions_floor_usage":[16,16,25,25,27,27],"damage_taken":[{"damage":0,"enemies":"2 Louse","floor":1,"turns":2},{"damage":0,"enemies":"Cultist","floor":3,"turns":3},{"damage":0,"enemies":"Small Slimes","floor":5,"turns":4},{"damage":0,"enemies":"3 Sentries","floor":7,"turns":7},{"damage":2,"enemies":"Blue Slaver","floor":8,"turns":3},{"damage":5,"enemies":"Exordium Thugs","floor":10,"turns":3},{"damage":0,"enemies":"Lagavulin","floor":11,"turns":7},{"damage":0,"enemies":"3 Louse","floor":12,"turns":3},{"damage":3,"enemies":"3 Sentries","floor":14,"turns":7},{"damage":26,"enemies":"Slime Boss","floor":16,"turns":6},{"damage":29,"enemies":"Shell Parasite","floor":18,"turns":5},{"damage":10,"enemies":"Chosen","floor":24,"turns":4},{"damage":32,"enemies":"Slavers","floor":25,"turns":4},{"damage":36,"enemies":"Slaver and Parasite","floor":27,"turns":4}],"seed_played":"-1137905372069613645","potions_obtained":[{"floor":4,"key":"SneckoOil"},{"floor":4,"key":"Dexterity Potion"},{"floor":5,"key":"Fire Potion"},{"floor":8,"key":"PowerPotion"},{"floor":16,"key":"AttackPotion"},{"floor":18,"key":"SteroidPotion"},{"floor":25,"key":"EssenceOfSteel"}],"is_trial":false,"path_per_floor":["M","?","M","?","M","R","E","M","T","M","E","M","?","E","R","B",null,"M","?","$","?","?","R","M","E","T"],"character_chosen":"DEFECT","items_purchased":["Bottled Tornado"],"campfire_rested":3,"item_purchase_floors":[20],"current_hp_per_floor":[75,75,75,75,75,75,75,73,73,68,68,68,68,65,75,49,75,46,46,46,46,46,68,59,28,28,0],"gold":178,"neow_bonus":"BOSS_RELIC","is_prod":false,"is_daily":false,"chose_seed":false,"campfire_upgraded":0,"win_rate":0,"timestamp":1531791076,"path_taken":["M","?","M","?","M","R","E","?","T","M","E","M","?","E","R","BOSS","M","?","$","?","?","R","M","E","T","M"],"build_version":"2018-07-12","purchased_purges":1,"victory":false,"max_hp_per_floor":[75,75,75,75,75,75,75,75,75,75,75,75,75,75,75,75,75,75,75,75,75,75,75,76,77,77,77],"card_choices":[{"not_picked":["Beam Cell","Streamline"],"picked":"Reinforced Body","floor":1},{"not_picked":["BootSequence","Scrape"],"picked":"Chill","floor":3},{"not_picked":["Redo","Barrage"],"picked":"Doom and Gloom","floor":5},{"not_picked":["Hologram","Heatsinks"],"picked":"Consume","floor":7},{"not_picked":["Consume","Steam"],"picked":"Reprogram","floor":8},{"not_picked":["Aggregate","Heatsinks"],"picked":"Go for the Eyes","floor":10},{"not_picked":["Double Energy","Stack"],"picked":"White Noise","floor":11},{"not_picked":["Multi-Cast","Turbo"],"picked":"Defragment","floor":12},{"not_picked":["Sweeping Beam","Conserve Battery"],"picked":"Ball Lightning","floor":14},{"not_picked":["Fusion","Auto Shields"],"picked":"Sweeping Beam","floor":15},{"not_picked":["Thunder Strike","Electrodynamics"],"picked":"Reboot","floor":16},{"not_picked":["Compile Driver","Coolheaded"],"picked":"Leap+1","floor":18},{"not_picked":["Steam+1","Scrape"],"picked":"Streamline","floor":23},{"not_picked":["Gash+1","Amplify"],"picked":"Redo","floor":24},{"not_picked":["Force Field","Sweeping Beam+1","Coolheaded"],"picked":"SKIP","floor":25}],"player_experience":144535,"relics_obtained":[{"floor":7,"key":"Lantern"},{"floor":9,"key":"Boot"},{"floor":11,"key":"Turnip"},{"floor":14,"key":"Ancient Tea Set"},{"floor":25,"key":"Meat on the Bone"},{"floor":26,"key":"Art of War"}],"event_choices":[{"event_name":"Accursed Blacksmith","player_choice":"Rummage","floor":2,"damage_taken":0},{"event_name":"The Woman in Blue","player_choice":"Bought 2 Potions","floor":4,"damage_taken":0},{"event_name":"Big Fish","player_choice":"Box","floor":13,"damage_taken":0},{"event_name":"FaceTrader","player_choice":"Trade","floor":19,"damage_taken":0},{"event_name":"Masked Bandits","player_choice":"Paid Bandits 60 gold","floor":21,"damage_taken":0},{"event_name":"Nest","player_choice":"Stole From Cult","floor":22,"damage_taken":0}],"boss_relics":[{"not_picked":["Orrery","White Beast Statue"],"picked":"Inserter"}],"items_purged_floors":[20],"is_endless":false,"potions_floor_spawned":[5,8,10,11,16,18,25],"killed_by":"Slaver and Parasite","ascension_level":0}