{"gold_per_floor":[210,220,220,234,8,37,49,49,49,49,49,77,96,106,106,180,180,180,180,180,180,180,180,180],"floor_reached":24,"playtime":1379,"items_purged":["Strike_G"],"score":416,"play_id":"65a16027-ff5f-4716-b773-bf28bc6c7bc8","local_time":"20190729195547","is_ascension_mode":true,"campfire_choices":[{"data":"Footwork","floor":8,"key":"SMITH"},{"data":"Neutralize","floor":10,"key":"SMITH"},{"data":"Corpse Explosion","floor":15,"key":"SMITH"},{"floor":23,"key":"REST"}],"neow_cost":"NONE","seed_source_timestamp":609448939179614,"circlet_count":0,"master_deck":["AscendersBane","Strike_G","Strike_G","Strike_G","Strike_G","Defend_G","Defend_G","Defend_G","Defend_G","Defend_G","Survivor","Neutralize+1","Poisoned Stab","Dash","Crippling Poison","Corpse Explosion+1","Footwork+1","Bullet Time","PiercingWail","Terror","Backflip","Burst","Backflip+1"],"special_seed":0,"relics":["Ring of the Snake","Meat on the Bone","Dodecahedron","Pantograph","Ectoplasm","Art of War"],"potions_floor_usage":[6,24],"damage_taken":[{"damage":7.0,"enemies":"Cultist","floor":1.0,"turns":5.0},{"damage":0.0,"enemies":"2 Louse","floor":2.0,"turns":4.0},{"damage":0.0,"enemies":"Small Slimes","floor":4.0,"turns":5.0},{"damage":17,"enemies":"Gremlin Nob","floor":6,"turns":4},{"damage":9,"enemies":"Blue Slaver","floor":7,"turns":4},{"damage":9,"enemies":"Lagavulin","floor":12,"turns":8},{"damage":9,"enemies":"Looter","floor":13,"turns":4},{"damage":4,"enemies":"2 Fungi Beasts","floor":14,"turns":4},{"damage":1,"enemies":"The Guardian","floor":16,"turns":10},{"damage":10,"enemies":"Shell Parasite","floor":18,"turns":7},{"damage":10,"enemies":"Spheric Guardian","floor":20,"turns":4},{"damage":0,"enemies":"3 Cultists","floor":21,"turns":3},{"damage":58,"enemies":"Gremlin Leader","floor":24,"turns":4}],"seed_played":"-8273835375103936494","potions_obtained":[{"floor":3.0,"key":"Ancient Potion"},{"floor":3.0,"key":"PowerPotion"},{"floor":6,"key":"FearPotion"},{"floor":7,"key":"Regen Potion"}],"is_trial":false,"path_per_floor":["M","M","?","M","$","E","M","R","T","R","$","E","M","M","R","B",null,"M","T","M","M","?","R","E"],"character_chosen":"THE_SILENT","items_purchased":["Corpse Explosion","Footwork"],"campfire_rested":1,"item_purchase_floors":[5,5],"current_hp_per_floor":[52,52,52,52,52,35,38,38,38,38,38,41,44,40,40,64,66,56,56,46,46,28,49,0],"gold":180,"neow_bonus":"HUNDRED_GOLD","is_prod":false,"is_daily":false,"chose_seed":false,"campfire_upgraded":3,"win_rate":0,"timestamp":1564444547,"path_taken":["M","?","?","M","$","E","?","R","T","R","$","E","M","M","R","BOSS","M","?","?","M","?","R","E"],"build_version":"2019-07-17","purchased_purges":1,"victory":false,"max_hp_per_floor":[66,66,66,66,66,66,66,66,66,66,66,66,66,66,66,66,66,66,66,66,66,71,71,71],"card_choices":[{"not_picked":["Well Laid Plans","Slice"],"picked":"Poisoned Stab","floor":1.0},{"not_picked":["Underhanded Strike","Cloak And Dagger"],"picked":"Dash","floor":2.0},{"not_picked":["Catalyst","Escape Plan"],"picked":"Crippling Poison","floor":4.0},{"not_picked":["Flying Knee","Expertise"],"picked":"Bullet Time","floor":6},{"not_picked":["Choke","Reflex","Calculated Gamble"],"picked":"SKIP","floor":7},{"not_picked":["Deadly Poison","Choke"],"picked":"PiercingWail","floor":12},{"not_picked":["Accuracy","Tactician"],"picked":"Terror","floor":13},{"not_picked":["Deflect","Blade Dance"],"picked":"Backflip","floor":14},{"not_picked":["Glass Knife","Adrenaline"],"picked":"Burst","floor":16},{"not_picked":["Slice","Poisoned Stab","Dagger Spray+1"],"picked":"SKIP","floor":18},{"not_picked":["Acrobatics","Bane"],"picked":"Backflip+1","floor":20},{"not_picked":["Backstab","Slice","Outmaneuver"],"picked":"SKIP","floor":21}],"player_experience":1174980,"relics_obtained":[{"floor":6,"key":"Meat on the Bone"},{"floor":9,"key":"Dodecahedron"},{"floor":12,"key":"Pantograph"},{"floor":19,"key":"Art of War"}],"event_choices":[{"damage_healed":0.0,"max_hp_gain":0.0,"max_hp_loss":0.0,"gold_gain":0.0,"event_name":"Lab","player_choice":"Got Potions","floor":3.0,"gold_loss":0.0,"damage_taken":0.0},{"damage_healed":0,"gold_gain":0,"player_choice":"Shed Blood","damage_taken":23,"max_hp_gain":5,"max_hp_loss":0,"event_name":"Forgotten Altar","floor":22,"gold_loss":0}],"is_beta":false,"boss_relics":[{"not_picked":["White Beast Statue","WristBlade"],"picked":"Ectoplasm"}],"items_purged_floors":[5],"is_endless":false,"potions_floor_spawned":[6,7,13,14,16,21],"killed_by":"Gremlin Leader","ascension_level":20}