{"gold_per_floor":[115,133,133,150,166,197,197,527,606,606],"floor_reached":10,"playtime":243,"items_purged":[],"score":137,"play_id":"07fbe770-9f09-453e-a127-0d77293f4b48","local_time":"20190916185918","is_ascension_mode":true,"campfire_choices":[{"data":"Bash","floor":7,"key":"SMITH"}],"neow_cost":"NONE","seed_source_timestamp":328373306844600,"circlet_count":0,"master_deck":["AscendersBane","Strike_R","Strike_R","Strike_R","Strike_R","Strike_R","Defend_R","Defend_R","Defend_R","Defend_R","Bash+1","Anger+1","Headbutt","Cleave","Flame Barrier"],"relics":["Burning Blood","NeowsBlessing","Oddly Smooth Stone","Old Coin","The Courier"],"potions_floor_usage":[],"damage_taken":[{"damage":0,"enemies":"Jaw Worm","floor":1,"turns":1},{"damage":0,"enemies":"2 Louse","floor":2,"turns":1},{"damage":0,"enemies":"Small Slimes","floor":4,"turns":1},{"damage":13,"enemies":"Red Slaver","floor":5,"turns":4},{"damage":37,"enemies":"Lagavulin","floor":6,"turns":8},{"damage":32,"enemies":"Gremlin Nob","floor":8,"turns":4},{"damage":18,"enemies":"Large Slime","floor":10,"turns":1}],"seed_played":"1116387203805684160","potions_obtained":[{"floor":1,"key":"SpeedPotion"},{"floor":5,"key":"Ancient Potion"}],"is_trial":false,"path_per_floor":["M","M","?","M","M","E","R","E","T","M"],"character_chosen":"IRONCLAD","items_purchased":[],"campfire_rested":0,"item_purchase_floors":[],"current_hp_per_floor":[74,75,75,75,68,37,37,11,11,0],"gold":606,"neow_bonus":"THREE_ENEMY_KILL","is_prod":false,"is_daily":false,"chose_seed":false,"campfire_upgraded":1,"win_rate":0,"timestamp":1568653158,"path_taken":["M","M","?","M","M","E","R","E","T","M"],"build_version":"2019-09-12","purchased_purges":0,"victory":false,"max_hp_per_floor":[75,75,75,75,75,75,75,75,75,75],"card_choices":[{"not_picked":["Power Through","Pommel Strike"],"picked":"Anger","floor":1},{"not_picked":["Body Slam","Sever Soul","Flex"],"picked":"SKIP","floor":2},{"not_picked":["Reckless Charge","Flex"],"picked":"Headbutt","floor":4},{"not_picked":["Bloodletting","Twin Strike"],"picked":"Cleave","floor":5},{"not_picked":["Sever Soul","Shockwave"],"picked":"Flame Barrier","floor":6},{"not_picked":["Cleave","Perfected Strike","Clothesline"],"picked":"SKIP","floor":8}],"player_experience":843731,"relics_obtained":[{"floor":6,"key":"Oddly Smooth Stone"},{"floor":8,"key":"Old Coin"},{"floor":9,"key":"The Courier"}],"event_choices":[{"damage_healed":0,"gold_gain":0,"player_choice":"Grow","damage_taken":0,"max_hp_gain":0,"max_hp_loss":0,"event_name":"Living Wall","floor":3,"gold_loss":0,"cards_upgraded":["Anger"]}],"is_beta":true,"boss_relics":[],"items_purged_floors":[],"is_endless":false,"potions_floor_spawned":[1,5],"killed_by":"Large Slime","ascension_level":15}