{"gold_per_floor":[115,125,125,143,162,193,193,225,225,225,259,259,39,39,39,144,144,157,72,85,118,36,36,71,71,71,91,91,41,54,54,54,149,149,167,167,178,9,28,28,28,82,82,28,28,42,52,66,66,66],"floor_reached":50,"playtime":4134,"items_purged":["Strike_G","Decay"],"score":843,"play_id":"6f813c00-21a5-458e-8de5-a2d25fcff164","local_time":"20180925230803","is_ascension_mode":true,"campfire_choices":[{"floor":7.0,"key":"REST"},{"floor":10.0,"key":"REST"},{"floor":15.0,"key":"REST"},{"floor":23.0,"key":"REST"},{"data":"Sucker Punch","floor":25.0,"key":"SMITH"},{"data":"Glass Knife","floor":28.0,"key":"SMITH"},{"data":"Dodge and Roll","floor":32.0,"key":"SMITH"},{"floor":41.0,"key":"REST"},{"data":"Footwork","floor":45.0,"key":"SMITH"},{"floor":49.0,"key":"REST"}],"neow_cost":"NONE","seed_source_timestamp":1651978131873761,"circlet_count":0,"master_deck":["Defend_G","Defend_G","Defend_G","Defend_G","Defend_G","Strike_G","Strike_G","Survivor","Neutralize","AscendersBane","Dash","Prepared","Well Laid Plans","Backflip","Backstab","Corpse Explosion","Bouncing Flask+1","Glass Knife+1","Bane+1","Dodge and Roll","Sucker Punch+1","Blur","Backflip","Bouncing Flask","Dodge and Roll+1","Flying Knee","Glass Knife","Outmaneuver","Footwork+1","Chrysalis","Dodge and Roll","Dodge and Roll+1"],"special_seed":0,"relics":["Sozu","Nunchaku","Snake Skull","Bottled Flame","Unceasing Top","Oddly Smooth Stone","Eternal Feather","Bronze Scales","Red Mask","Boot","Sundial","MutagenicStrength","Empty Cage","Ice Cream","Darkstone Periapt"],"potions_floor_usage":[],"damage_taken":[{"damage":6.0,"enemies":"Jaw Worm","floor":1.0,"turns":5.0},{"damage":5.0,"enemies":"Cultist","floor":2.0,"turns":4.0},{"damage":0.0,"enemies":"Small Slimes","floor":4.0,"turns":3.0},{"damage":2.0,"enemies":"Exordium Wildlife","floor":5.0,"turns":5.0},{"damage":35.0,"enemies":"Gremlin Nob","floor":6.0,"turns":6.0},{"damage":30.0,"enemies":"3 Sentries","floor":8.0,"turns":12.0},{"damage":15.0,"enemies":"Lagavulin","floor":11.0,"turns":7.0},{"damage":0.0,"enemies":"The Guardian","floor":16.0,"turns":7.0},{"damage":13.0,"enemies":"Spheric Guardian","floor":18.0,"turns":4.0},{"damage":7.0,"enemies":"Shell Parasite","floor":20.0,"turns":4.0},{"damage":16.0,"enemies":"Masked Bandits","floor":21.0,"turns":3.0},{"damage":24.0,"enemies":"Slavers","floor":24.0,"turns":3.0},{"damage":7.0,"enemies":"Centurion and Healer","floor":27.0,"turns":5.0},{"damage":8.0,"enemies":"Snake Plant","floor":30.0,"turns":3.0},{"damage":40.0,"enemies":"Automaton","floor":33.0,"turns":10.0},{"damage":33.0,"enemies":"3 Darklings","floor":35.0,"turns":5.0},{"damage":3.0,"enemies":"Orb Walker","floor":37.0,"turns":4.0},{"damage":15.0,"enemies":"Maw","floor":39.0,"turns":8.0},{"damage":1.0,"enemies":"Mysterious Sphere","floor":42.0,"turns":4.0},{"damage":32.0,"enemies":"Reptomancer","floor":46.0,"turns":8.0},{"damage":8.0,"enemies":"Sphere and 2 Shapes","floor":47.0,"turns":3.0},{"damage":11.0,"enemies":"Maw","floor":48.0,"turns":8.0},{"damage":85,"enemies":"Time Eater","floor":50,"turns":11}],"seed_played":"-8055234026205899244","potions_obtained":[],"is_trial":false,"path_per_floor":["M","M","?","M","M","E","R","E","T","R","E","?","$","?","R","B",null,"M","?","M","?","$","R","E","R","T","M","R","$","M","?","R","B",null,"M","?","M","$","M","?","R","?","T","$","R","M","M","M","R"],"character_chosen":"THE_SILENT","items_purchased":["Oddly Smooth Stone","Sucker Punch","Blur","Dodge and Roll","Footwork","Dodge and Roll"],"campfire_rested":6,"item_purchase_floors":[13,22,22,29,38,44],"current_hp_per_floor":[57,52,52,52,50,15,36,6,6,27,12,12,12,12,33,33,61,48,48,41,25,25,58,34,49,49,42,57,57,49,49,64,24,59,26,26,23,23,8,8,47,46,46,46,64,32,24,13,52,0],"gold":66,"neow_bonus":"BOSS_RELIC","is_prod":false,"is_daily":false,"chose_seed":false,"campfire_upgraded":4,"win_rate":0,"timestamp":1537931283,"path_taken":["M","M","?","M","M","E","R","E","T","R","E","?","$","?","R","BOSS","M","?","?","?","$","R","E","R","T","?","R","?","M","?","R","BOSS","M","?","M","$","M","?","R","?","T","$","R","M","M","?","R","BOSS"],"build_version":"2018-09-20","purchased_purges":2,"victory":false,"max_hp_per_floor":[70,70,70,70,70,70,70,70,70,70,70,70,70,70,70,70,70,70,70,70,70,70,70,70,70,70,70,70,70,70,70,70,70,70,70,70,70,70,70,70,70,70,70,70,70,70,70,70,70,70],"card_choices":[{"not_picked":["Reflex","Dagger Spray"],"picked":"Dash","floor":1.0},{"not_picked":["Acrobatics","PiercingWail"],"picked":"Prepared","floor":2.0},{"not_picked":["Tactician","Poisoned Stab"],"picked":"Well Laid Plans","floor":4.0},{"not_picked":["Heel Hook","Poisoned Stab"],"picked":"Backflip","floor":5.0},{"not_picked":["Flying Knee","Expertise"],"picked":"Backstab","floor":6.0},{"not_picked":["All Out Attack","Flying Knee"],"picked":"Corpse Explosion","floor":8.0},{"not_picked":["Dagger Throw","Noxious Fumes"],"picked":"Bouncing Flask","floor":11.0},{"not_picked":["Wraith Form v2","Storm of Steel"],"picked":"Glass Knife","floor":16.0},{"not_picked":["Deflect+1","Flying Knee"],"picked":"Bane+1","floor":18.0},{"not_picked":["Doppelganger","Deadly Poison"],"picked":"Dodge and Roll","floor":20.0},{"not_picked":["Flechettes","Outmaneuver"],"picked":"Backflip","floor":24.0},{"not_picked":["Flechettes","Deadly Poison"],"picked":"Bouncing Flask","floor":27.0},{"not_picked":["Poisoned Stab+1","Predator"],"picked":"Flying Knee","floor":30.0},{"not_picked":["A Thousand Cuts","Tools of the Trade"],"picked":"Glass Knife","floor":33.0},{"not_picked":["PiercingWail","Bane+1","Blade Dance+1"],"picked":"SKIP","floor":35.0},{"not_picked":["Quick Slash","Skewer"],"picked":"Outmaneuver","floor":37.0},{"not_picked":["Deadly Poison+1","Slice","Caltrops"],"picked":"SKIP","floor":39.0},{"not_picked":["Mind Blast","Violence"],"picked":"Chrysalis","floor":40.0},{"not_picked":["Deadly Poison+1","Underhanded Strike","Outmaneuver"],"picked":"SKIP","floor":46.0},{"not_picked":["Flying Knee","Deadly Poison+1","Underhanded Strike"],"picked":"SKIP","floor":47.0},{"not_picked":["Deflect+1","Predator+1"],"picked":"Dodge and Roll+1","floor":48.0}],"player_experience":478339,"relics_obtained":[{"floor":6.0,"key":"Nunchaku"},{"floor":8.0,"key":"Snake Skull"},{"floor":9.0,"key":"Bottled Flame"},{"floor":11.0,"key":"Unceasing Top"},{"floor":21.0,"key":"Red Mask"},{"floor":24.0,"key":"Boot"},{"floor":26.0,"key":"Sundial"},{"floor":42.0,"key":"Ice Cream"},{"floor":43.0,"key":"Darkstone Periapt"}],"event_choices":[{"event_name":"Golden Idol","player_choice":"Ignored","floor":3.0,"damage_taken":0.0},{"event_name":"FaceTrader","player_choice":"Leave","floor":12.0,"damage_taken":0.0},{"event_name":"Living Wall","player_choice":"Grow","floor":14.0,"damage_taken":0.0},{"event_name":"Addict","player_choice":"Obtained Relic","floor":19.0,"damage_taken":0.0},{"event_name":"Masked Bandits","player_choice":"Fought Bandits","floor":21.0,"damage_taken":0.0},{"event_name":"Drug Dealer","player_choice":"Inject Mutagens","floor":31.0,"damage_taken":0.0},{"event_name":"Wheel of Change","player_choice":"Curse","floor":36.0,"damage_taken":0.0},{"event_name":"SensoryStone","player_choice":"Memory 1","floor":40.0,"damage_taken":0.0},{"event_name":"Mysterious Sphere","player_choice":"Fight","floor":42.0,"damage_taken":0.0}],"is_beta":false,"boss_relics":[{"not_picked":["Snecko Eye","Black Star"],"picked":"Eternal Feather"},{"not_picked":["Coffee Dripper","Tiny House"],"picked":"Empty Cage"}],"items_purged_floors":[13,38],"is_endless":false,"potions_floor_spawned":[1,4,5,21,24,33,35,37,42,48],"killed_by":"Time Eater","ascension_level":11}