{"gold_per_floor":[111,122,47,47,47,47,47,66,66,66,109,127,150,164,164,164],"floor_reached":16,"playtime":1055,"items_purged":["Strike_G"],"score":102,"play_id":"883b288a-e4a7-444b-a07d-fc52e2e46ffb","local_time":"20191003132843","is_ascension_mode":false,"campfire_choices":[{"data":"Neutralize","floor":7,"key":"SMITH"},{"data":"Poisoned Stab","floor":10,"key":"SMITH"},{"floor":15,"key":"REST"}],"neow_cost":"NONE","seed_source_timestamp":1817457082962800,"circlet_count":0,"master_deck":["Strike_G","Strike_G","Strike_G","Strike_G","Defend_G","Defend_G","Defend_G","Defend_G","Defend_G+1","Survivor+1","Neutralize+1","All Out Attack","Backstab","Poisoned Stab+1","Deflect","Blade Dance","Blade Dance"],"relics":["Ring of the Snake","NeowsBlessing","Golden Idol","Dodecahedron","Question Card"],"potions_floor_usage":[16,16,16],"damage_taken":[{"damage":0,"enemies":"Jaw Worm","floor":1,"turns":1},{"damage":0,"enemies":"Small Slimes","floor":2,"turns":1},{"damage":0,"enemies":"2 Louse","floor":8,"turns":1},{"damage":21,"enemies":"Lagavulin","floor":11,"turns":8},{"damage":3,"enemies":"Exordium Thugs","floor":12,"turns":5},{"damage":0,"enemies":"Exordium Wildlife","floor":13,"turns":3},{"damage":0,"enemies":"Looter","floor":14,"turns":3},{"damage":55,"enemies":"Slime Boss","floor":16,"turns":12}],"seed_played":"-3248910239660099323","potions_obtained":[{"floor":1,"key":"GhostInAJar"},{"floor":8,"key":"SpeedPotion"},{"floor":14,"key":"SteroidPotion"}],"is_trial":false,"path_per_floor":["M","M","$","?","$","?","R","M","T","R","E","M","M","M","R","B"],"character_chosen":"THE_SILENT","items_purchased":[],"campfire_rested":1,"item_purchase_floors":[],"current_hp_per_floor":[70,70,70,56,56,56,56,56,56,56,35,32,32,32,51,0],"gold":164,"neow_bonus":"THREE_ENEMY_KILL","is_prod":false,"is_daily":false,"chose_seed":false,"campfire_upgraded":2,"win_rate":0.0,"timestamp":1570123723,"path_taken":["M","M","$","?","$","?","R","M","T","R","E","M","M","M","R","BOSS"],"build_version":"2019-07-17","purchased_purges":1,"victory":false,"max_hp_per_floor":[70,70,70,70,70,65,65,65,65,65,65,65,65,65,65,65],"card_choices":[{"not_picked":["Eviscerate","Quick Slash"],"picked":"All Out Attack","floor":1},{"not_picked":["Dodge and Roll","Leg Sweep"],"picked":"Backstab","floor":2},{"not_picked":["Deadly Poison","Quick Slash"],"picked":"Poisoned Stab","floor":8},{"not_picked":["Terror","Eviscerate","Wraith Form v2"],"picked":"SKIP","floor":11},{"not_picked":["Blur","Prepared","Dodge and Roll"],"picked":"Deflect","floor":12},{"not_picked":["Dash","Well Laid Plans","Heel Hook"],"picked":"Blade Dance","floor":13},{"not_picked":["Well Laid Plans","Outmaneuver","Heel Hook"],"picked":"Blade Dance","floor":14}],"player_experience":7297,"relics_obtained":[{"floor":9,"key":"Dodecahedron"},{"floor":11,"key":"Question Card"}],"event_choices":[{"damage_healed":0,"gold_gain":0,"player_choice":"Entered Light","damage_taken":14,"max_hp_gain":0,"max_hp_loss":0,"event_name":"Shining Light","floor":4,"gold_loss":0,"cards_upgraded":["Survivor","Defend_G"]},{"damage_healed":0,"gold_gain":0,"player_choice":"Lose Max HP","damage_taken":0,"relics_obtained":["Golden Idol"],"max_hp_gain":0,"max_hp_loss":5,"event_name":"Golden Idol","floor":6,"gold_loss":0}],"is_beta":false,"boss_relics":[],"items_purged_floors":[3],"is_endless":false,"potions_floor_spawned":[1,8,14],"killed_by":"Slime Boss","ascension_level":0}