{"gold_per_floor":[11,11,25,44,56,56,76,88,88,88,108,119,44,70,70,168,168,178,149,164,175,175,175,175,200,500,527,546,562,576,676,676,676],"floor_reached":33,"playtime":1749,"items_purged":["Strike_R"],"score":320,"play_id":"7f965216-59cd-45a2-8912-8a27bd86c8a0","local_time":"20190428150857","is_ascension_mode":false,"campfire_choices":[{"data":"Uppercut","floor":6,"key":"SMITH"},{"data":"Power Through","floor":10,"key":"SMITH"},{"data":"Flame Barrier","floor":15,"key":"SMITH"},{"data":"Double Tap","floor":23,"key":"SMITH"},{"data":"True Grit","floor":32,"key":"SMITH"}],"neow_cost":"NO_GOLD","seed_source_timestamp":1976512464810102,"circlet_count":0,"master_deck":["Strike_R","Strike_R","Defend_R","Defend_R","Defend_R","Defend_R","Bash","Uppercut+1","Intimidate","Flame Barrier+1","Power Through+1","Cleave","Rampage","Double Tap+1","Seeing Red","True Grit+1","Disarm","Pommel Strike+1","Ghostly Armor+1"],"relics":["Burning Blood","StoneCalendar","Pen Nib","Meat on the Bone","Singing Bowl","Empty Cage","MutagenicStrength","Matryoshka","Strawberry","Old Coin","Anchor"],"potions_floor_usage":[5,25,33],"damage_taken":[{"damage":1,"enemies":"Cultist","floor":1,"turns":4},{"damage":0,"enemies":"Small Slimes","floor":3,"turns":4},{"damage":4,"enemies":"2 Louse","floor":4,"turns":2},{"damage":7,"enemies":"Lots of Slimes","floor":5,"turns":4},{"damage":18,"enemies":"Exordium Wildlife","floor":7,"turns":7},{"damage":2,"enemies":"Looter","floor":8,"turns":3},{"damage":12,"enemies":"Large Slime","floor":11,"turns":4},{"damage":4,"enemies":"2 Fungi Beasts","floor":12,"turns":3},{"damage":1,"enemies":"Lagavulin","floor":14,"turns":7},{"damage":30,"enemies":"Hexaghost","floor":16,"turns":9},{"damage":10,"enemies":"Chosen","floor":18,"turns":7},{"damage":14,"enemies":"2 Thieves","floor":19,"turns":5},{"damage":4,"enemies":"Centurion and Healer","floor":20,"turns":9},{"damage":7,"enemies":"Chosen and Byrds","floor":21,"turns":6},{"damage":20,"enemies":"Slavers","floor":25,"turns":7},{"damage":22,"enemies":"Gremlin Leader","floor":27,"turns":6},{"damage":16,"enemies":"3 Cultists","floor":28,"turns":7},{"damage":9,"enemies":"Snecko","floor":29,"turns":6},{"damage":8,"enemies":"Shelled Parasite and Fungi","floor":30,"turns":7},{"damage":67,"enemies":"Collector","floor":33,"turns":6}],"seed_played":"3322130860450905115","potions_obtained":[{"floor":1,"key":"LiquidBronze"},{"floor":4,"key":"LiquidBronze"},{"floor":7,"key":"Weak Potion"},{"floor":11,"key":"Energy Potion"},{"floor":16,"key":"EssenceOfSteel"},{"floor":25,"key":"Weak Potion"},{"floor":27,"key":"EssenceOfSteel"}],"is_trial":false,"path_per_floor":["M","?","M","M","M","R","M","M","T","R","M","M","$","E","R","B",null,"M","M","M","M","$","R","?","E","T","E","M","M","M","?","R","B"],"character_chosen":"IRONCLAD","items_purchased":[],"campfire_rested":0,"item_purchase_floors":[],"current_hp_per_floor":[80,80,80,80,79,79,67,71,71,71,65,67,67,74,74,50,82,78,70,72,71,71,71,71,59,66,62,54,65,65,65,65,0],"gold":676,"neow_bonus":"ONE_RARE_RELIC","is_prod":false,"is_daily":false,"chose_seed":false,"campfire_upgraded":5,"win_rate":0,"timestamp":1556478537,"path_taken":["M","?","M","M","M","R","M","M","T","R","M","?","?","E","R","BOSS","M","?","?","M","$","R","?","E","T","E","M","M","M","?","R","BOSS"],"build_version":"2019-01-23","purchased_purges":1,"victory":false,"max_hp_per_floor":[80,80,80,80,80,80,80,80,80,80,80,80,80,82,82,82,82,82,82,82,82,82,82,82,84,91,91,93,95,97,97,97,97],"card_choices":[{"not_picked":["Rampage","Thunderclap"],"picked":"Uppercut","floor":1},{"not_picked":["Pummel","True Grit"],"picked":"Intimidate","floor":3},{"not_picked":["Corruption","Iron Wave"],"picked":"Flame Barrier","floor":4},{"not_picked":["Anger","Sword Boomerang"],"picked":"Power Through","floor":5},{"not_picked":["Pummel","Clash","Perfected Strike"],"picked":"SKIP","floor":7},{"not_picked":["Warcry","Dual Wield"],"picked":"Cleave","floor":8},{"not_picked":["Anger","Thunderclap","Bloodletting"],"picked":"SKIP","floor":11},{"not_picked":["Twin Strike","Cleave"],"picked":"Rampage","floor":12},{"not_picked":["Twin Strike","Iron Wave","Burning Pact"],"picked":"Singing Bowl","floor":14},{"not_picked":["Juggernaut","Immolate"],"picked":"Double Tap","floor":16},{"not_picked":["Sword Boomerang","Intimidate"],"picked":"Seeing Red","floor":18},{"not_picked":["Sword Boomerang","Perfected Strike"],"picked":"True Grit","floor":19},{"not_picked":["Clothesline+1","Warcry"],"picked":"Disarm","floor":20},{"not_picked":["Uppercut+1","Armaments"],"picked":"Pommel Strike+1","floor":21},{"not_picked":["Combust","Fire Breathing+1","Limit Break"],"picked":"Singing Bowl","floor":25},{"not_picked":["Pommel Strike","Armaments+1"],"picked":"Ghostly Armor+1","floor":27},{"not_picked":["Flex","Cleave+1","Pummel"],"picked":"Singing Bowl","floor":28},{"not_picked":["Sword Boomerang","Clothesline","Armaments+1"],"picked":"Singing Bowl","floor":29},{"not_picked":["Twin Strike","Combust+1","Perfected Strike+1"],"picked":"Singing Bowl","floor":30}],"player_experience":829334,"relics_obtained":[{"floor":2,"key":"Pen Nib"},{"floor":9,"key":"Meat on the Bone"},{"floor":14,"key":"Singing Bowl"},{"floor":25,"key":"Matryoshka"},{"floor":26,"key":"Strawberry"},{"floor":26,"key":"Old Coin"},{"floor":27,"key":"Anchor"}],"event_choices":[{"damage_healed":0,"gold_gain":0,"player_choice":"Relic","damage_taken":0,"max_hp_gain":0,"max_hp_loss":0,"event_name":"Wheel of Change","floor":2,"gold_loss":0},{"damage_healed":0,"gold_gain":0,"player_choice":"Inject Mutagens","damage_taken":0,"relics_obtained":["MutagenicStrength"],"max_hp_gain":0,"max_hp_loss":0,"event_name":"Drug Dealer","floor":24,"gold_loss":0},{"damage_healed":0,"gold_gain":100,"player_choice":"Pray","damage_taken":0,"max_hp_gain":0,"max_hp_loss":0,"event_name":"Golden Shrine","floor":31,"gold_loss":0}],"is_beta":false,"boss_relics":[{"not_picked":["Runic Pyramid","Astrolabe"],"picked":"Empty Cage"}],"items_purged_floors":[13],"is_endless":false,"potions_floor_spawned":[1,4,7,11,16,25,27,29,30],"killed_by":"Collector","ascension_level":0}