{"gold_per_floor":[109,128,128,53,63,63,88,101,169,139,171,171,171,182,182,255,255,270,320,330,340,350,350,247,259,284,284],"floor_reached":27,"playtime":1374,"items_purged":["Strike_G"],"score":405,"play_id":"c08aa0dd-d374-4499-ba4d-bc18ca6ac9d4","local_time":"20190624185120","is_ascension_mode":true,"campfire_choices":[{"floor":6,"key":"REST"},{"floor":13,"key":"REST"},{"data":"Caltrops","floor":15,"key":"SMITH"},{"floor":23,"key":"REST"}],"neow_cost":"CURSE","seed_source_timestamp":381586072077024,"circlet_count":0,"master_deck":["AscendersBane","Defend_G","Defend_G+1","Defend_G","Defend_G+1","Defend_G","Strike_G","Strike_G","Strike_G","Strike_G","Survivor","Neutralize","Adrenaline","Skewer","PiercingWail","Caltrops+1","Deflect","Corpse Explosion","Deadly Poison","Footwork","Cloak And Dagger","Burst","Poisoned Stab+1","Backflip","Deflect","Unload+1"],"relics":["Ring of the Snake","Turnip","Molten Egg 2","Snake Skull","Black Star","Bag of Marbles"],"potions_floor_usage":[7,11,16,21,27],"damage_taken":[{"damage":3,"enemies":"Jaw Worm","floor":1,"turns":6},{"damage":0,"enemies":"Small Slimes","floor":2,"turns":3},{"damage":0,"enemies":"2 Louse","floor":5,"turns":4},{"damage":31,"enemies":"Lagavulin","floor":7,"turns":10},{"damage":1,"enemies":"Exordium Wildlife","floor":8,"turns":5},{"damage":0,"enemies":"Looter","floor":10,"turns":4},{"damage":8,"enemies":"Gremlin Nob","floor":11,"turns":4},{"damage":0,"enemies":"2 Fungi Beasts","floor":14,"turns":4},{"damage":36,"enemies":"The Guardian","floor":16,"turns":13},{"damage":3,"enemies":"Spheric Guardian","floor":18,"turns":6},{"damage":21,"enemies":"3 Byrds","floor":20,"turns":4},{"damage":14,"enemies":"Shelled Parasite and Fungi","floor":21,"turns":9},{"damage":8,"enemies":"Snecko","floor":22,"turns":7},{"damage":13,"enemies":"Chosen and Byrds","floor":25,"turns":6},{"damage":20,"enemies":"Slavers","floor":27,"turns":2}],"seed_played":"-7909122242461065131","potions_obtained":[{"floor":2,"key":"GhostInAJar"},{"floor":5,"key":"SkillPotion"},{"floor":7,"key":"Weak Potion"},{"floor":16,"key":"SpeedPotion"},{"floor":20,"key":"GhostInAJar"},{"floor":21,"key":"Dexterity Potion"}],"is_trial":false,"path_per_floor":["M","M","?","?","M","R","E","M","T","M","E","?","R","M","R","B",null,"M","?","M","M","M","R","$","M","T","E"],"character_chosen":"THE_SILENT","items_purchased":["Deflect"],"campfire_rested":3,"item_purchase_floors":[24],"current_hp_per_floor":[56,56,36,36,36,55,24,23,23,23,15,20,41,41,41,5,55,52,52,31,17,9,30,30,17,17,0],"gold":284,"neow_bonus":"THREE_RARE_CARDS","is_prod":false,"is_daily":false,"chose_seed":false,"campfire_upgraded":1,"win_rate":0,"timestamp":1561416680,"path_taken":["M","M","?","?","M","R","E","M","T","M","E","?","R","M","R","BOSS","M","?","M","M","M","R","$","M","T","E"],"build_version":"2019-01-23","purchased_purges":1,"victory":false,"max_hp_per_floor":[66,66,66,66,66,66,66,66,66,66,66,71,71,71,71,71,71,71,71,71,71,71,71,71,71,71,71],"card_choices":[{"not_picked":["Envenom","Storm of Steel"],"picked":"Adrenaline","floor":0},{"not_picked":["Underhanded Strike","Backflip"],"picked":"Skewer","floor":1},{"not_picked":["Outmaneuver","Dagger Spray"],"picked":"PiercingWail","floor":2},{"not_picked":["Heel Hook","PiercingWail"],"picked":"Caltrops","floor":5},{"not_picked":["Sucker Punch","Reflex"],"picked":"Deflect","floor":7},{"not_picked":["Outmaneuver","Reflex"],"picked":"Corpse Explosion","floor":8},{"not_picked":["Endless Agony+1","PiercingWail"],"picked":"Deadly Poison","floor":10},{"not_picked":["Expertise","Concentrate"],"picked":"Footwork","floor":11},{"not_picked":["Quick Slash+1","Calculated Gamble"],"picked":"Cloak And Dagger","floor":14},{"not_picked":["Malaise","Venomology"],"picked":"Burst","floor":16},{"not_picked":["Blade Dance","Finisher+1"],"picked":"Poisoned Stab+1","floor":18},{"not_picked":["Bane+1","Outmaneuver","Deadly Poison"],"picked":"SKIP","floor":20},{"not_picked":["Dagger Spray+1","Distraction"],"picked":"Backflip","floor":21},{"not_picked":["Choke+1","Dagger Throw+1","Outmaneuver"],"picked":"SKIP","floor":22},{"not_picked":["Prepared","PiercingWail"],"picked":"Unload+1","floor":25}],"player_experience":1052856,"relics_obtained":[{"floor":7,"key":"Turnip"},{"floor":9,"key":"Molten Egg 2"},{"floor":11,"key":"Snake Skull"},{"floor":26,"key":"Bag of Marbles"}],"event_choices":[{"damage_healed":0,"gold_gain":0,"player_choice":"Entered Light","damage_taken":20,"max_hp_gain":0,"max_hp_loss":0,"event_name":"Shining Light","floor":3,"gold_loss":0,"cards_upgraded":["Defend_G","Defend_G"]},{"cards_removed":["Writhe"],"damage_healed":0,"gold_gain":0,"player_choice":"Card Removal","damage_taken":0,"max_hp_gain":0,"max_hp_loss":0,"event_name":"The Cleric","floor":4,"gold_loss":75},{"damage_healed":0,"gold_gain":0,"player_choice":"Donut","damage_taken":0,"max_hp_gain":5,"max_hp_loss":0,"event_name":"Big Fish","floor":12,"gold_loss":0},{"damage_healed":0,"gold_gain":50,"player_choice":"Stole From Cult","damage_taken":0,"max_hp_gain":0,"max_hp_loss":0,"event_name":"Nest","floor":19,"gold_loss":0}],"is_beta":false,"boss_relics":[{"not_picked":["WristBlade","Calling Bell"],"picked":"Black Star"}],"items_purged_floors":[24],"is_endless":false,"potions_floor_spawned":[2,5,7,16,20,21],"killed_by":"Slavers","ascension_level":16}