{"gold_per_floor":[111,111,111,130,141,141,475,475,543,553,585,585,129,139,139,139],"floor_reached":16,"playtime":820,"items_purged":["Defend_G"],"score":110,"play_id":"b5ce1bce-e6c0-4fce-95aa-c90ba7111c52","local_time":"20190317224502","is_ascension_mode":false,"campfire_choices":[{"data":"Neutralize","floor":6.0,"key":"SMITH"},{"data":"Setup","floor":8,"key":"SMITH"},{"data":"Blur","floor":12,"key":"SMITH"},{"data":"Survivor","floor":15,"key":"SMITH"}],"neow_cost":"PERCENT_DAMAGE","seed_source_timestamp":103508888006592,"circlet_count":0,"master_deck":["Defend_G","Defend_G","Defend_G","Strike_G","Strike_G","Strike_G+1","Strike_G","Survivor+1","Neutralize+1","Setup+1","Blur+1","Dagger Spray+1","Well Laid Plans","Adrenaline"],"special_seed":0,"relics":["Ring of the Snake","Centennial Puzzle","Old Coin","Shuriken","Boot","Anchor","Whetstone"],"potions_floor_usage":[],"damage_taken":[{"damage":0.0,"enemies":"Jaw Worm","floor":1.0,"turns":4.0},{"damage":1.0,"enemies":"Cultist","floor":4.0,"turns":4.0},{"damage":0.0,"enemies":"Small Slimes","floor":5.0,"turns":4.0},{"damage":26,"enemies":"3 Sentries","floor":7,"turns":15},{"damage":2,"enemies":"Looter","floor":10,"turns":4},{"damage":19,"enemies":"Gremlin Nob","floor":11,"turns":4},{"damage":0,"enemies":"Gremlin Gang","floor":14,"turns":3},{"damage":22,"enemies":"Hexaghost","floor":16,"turns":10}],"seed_played":"5161136475328666063","potions_obtained":[{"floor":4.0,"key":"SpeedPotion"},{"floor":5.0,"key":"Regen Potion"},{"floor":7,"key":"GamblersBrew"}],"is_trial":false,"path_per_floor":["M","?","?","M","M","R","E","R","T","M","E","R","$","M","R","B"],"character_chosen":"THE_SILENT","items_purchased":["Adrenaline","Anchor","Whetstone"],"campfire_rested":0,"item_purchase_floors":[13,13,13],"current_hp_per_floor":[49,70,70,69,69,69,43,43,43,41,22,22,22,22,22,0],"gold":139,"neow_bonus":"REMOVE_TWO","is_prod":false,"is_daily":false,"chose_seed":false,"campfire_upgraded":4,"win_rate":0,"timestamp":1552877102,"path_taken":["M","?","?","M","M","R","E","R","T","M","E","R","$","?","R","BOSS"],"build_version":"2019-01-23","purchased_purges":1,"victory":false,"max_hp_per_floor":[70,70,70,70,70,70,70,70,70,70,70,70,70,70,70,70],"card_choices":[{"not_picked":["Reflex","Blade Dance"],"picked":"Deflect","floor":1.0},{"not_picked":["Expertise","Calculated Gamble"],"picked":"Setup","floor":4.0},{"not_picked":["Noxious Fumes","Dagger Throw"],"picked":"Blur","floor":5.0},{"not_picked":["Expertise","Poisoned Stab"],"picked":"Dagger Spray","floor":7},{"not_picked":["Backflip","PiercingWail"],"picked":"Well Laid Plans","floor":10},{"not_picked":["Catalyst","Underhanded Strike","Prepared"],"picked":"SKIP","floor":11},{"not_picked":["Deflect","Outmaneuver","Backflip"],"picked":"SKIP","floor":14}],"player_experience":730287,"relics_obtained":[{"floor":7,"key":"Old Coin"},{"floor":9,"key":"Shuriken"},{"floor":11,"key":"Boot"}],"event_choices":[{"damage_healed":23.0,"max_hp_gain":0.0,"max_hp_loss":0.0,"gold_gain":0.0,"event_name":"Big Fish","player_choice":"Banana","floor":2.0,"gold_loss":0.0,"damage_taken":0.0},{"cards_removed":["Deflect"],"damage_healed":0.0,"max_hp_gain":0.0,"max_hp_loss":0.0,"gold_gain":0.0,"event_name":"WeMeetAgain","player_choice":"Gave Card","floor":3.0,"gold_loss":0.0,"damage_taken":0.0,"relics_obtained":["Centennial Puzzle"]}],"is_beta":false,"boss_relics":[],"items_purged_floors":[13],"is_endless":false,"potions_floor_spawned":[4,5,7],"killed_by":"Hexaghost","ascension_level":0}