{"gold_per_floor":[117,70,145,145,145,145,161,161,214,214,225,250,49,49,49,147,147,157,157,157,157,157,157,168,168,168,193,193,193,0,19,19,120,120,139,13,0,18,18,28,28,58,58,58,58,6,6,6,6,6],"floor_reached":50,"playtime":3944,"items_purged":["Defend_G"],"score":834,"play_id":"694afbf7-b608-4169-81d5-f5ec30141ac1","local_time":"20180907215015","is_ascension_mode":true,"campfire_choices":[{"data":"Neutralize","floor":6,"key":"SMITH"},{"data":"Flying Knee","floor":8,"key":"SMITH"},{"floor":15,"key":"REST"},{"floor":23,"key":"REST"},{"data":"Adrenaline","floor":25,"key":"SMITH"},{"floor":28,"key":"REST"},{"data":"Panacea","floor":32,"key":"SMITH"},{"data":"All Out Attack","floor":41,"key":"SMITH"},{"data":"Skewer","floor":45,"key":"SMITH"},{"data":"Dagger Spray","floor":47,"key":"SMITH"},{"data":"Ghostly","floor":49,"key":"SMITH"}],"neow_cost":"NONE","seed_source_timestamp":92514705057554,"circlet_count":0,"master_deck":["Defend_G","Defend_G","Defend_G","Strike_G+1","Survivor+1","Neutralize+1","Bouncing Flask+1","Bullet Time+1","Night Terror+1","Flying Knee+1","Quick Slash","Acrobatics","All Out Attack+1","Skewer+1","Panacea+1","Terror","Adrenaline+1","Footwork+1","Ghostly","Ghostly+1","Ghostly","Ghostly","Ghostly","Deadly Poison+1","Injury","Phantasmal Killer","Well Laid Plans+1","Riddle With Holes","Quick Slash+1","Dagger Spray+1","Pain","The Bomb"],"relics":["Astrolabe","Frozen Egg 2","Juzu Bracelet","Orichalcum","Cursed Key","StoneCalendar","Snake Skull","Lee\u0027s Waffle","Lizard Tail","Red Mask","Nunchaku","Letter Opener"],"potions_floor_usage":[27,33,33,42,42,50,50,50],"damage_taken":[{"damage":0,"enemies":"Cultist","floor":1,"turns":3},{"damage":0,"enemies":"2 Louse","floor":7,"turns":2},{"damage":0,"enemies":"Jaw Worm","floor":11,"turns":3},{"damage":7,"enemies":"Gremlin Nob","floor":12,"turns":3},{"damage":13,"enemies":"Slime Boss","floor":16,"turns":7},{"damage":31,"enemies":"2 Thieves","floor":18,"turns":4},{"damage":21,"enemies":"Colosseum Slavers","floor":19,"turns":2},{"damage":0,"enemies":"Spheric Guardian","floor":24,"turns":5},{"damage":17,"enemies":"Gremlin Leader","floor":27,"turns":5},{"damage":0,"enemies":"Shelled Parasite and Fungi","floor":31,"turns":5},{"damage":0,"enemies":"Champ","floor":33,"turns":8},{"damage":0,"enemies":"3 Darklings","floor":35,"turns":5},{"damage":0,"enemies":"Orb Walker","floor":38,"turns":4},{"damage":7,"enemies":"Sphere and 2 Shapes","floor":40,"turns":7},{"damage":0,"enemies":"Giant Head","floor":42,"turns":3},{"damage":64,"enemies":"Awakened One","floor":50,"turns":12}],"seed_played":"4397400703760270376","potions_obtained":[{"floor":11,"key":"LiquidBronze"},{"floor":16,"key":"Weak Potion"},{"floor":31,"key":"PowerPotion"},{"floor":35,"key":"LiquidBronze"},{"floor":40,"key":"SneckoOil"},{"floor":42,"key":"Swift Potion"}],"is_trial":false,"path_per_floor":["M","$","?","T","?","R","M","R","T","?","M","E","$","?","R","B",null,"M","?","?","?","$","R","M","R","T","E","R","?","$","M","R","B",null,"M","$","?","M","$","M","R","E","T","?","R","$","R","?","R"],"character_chosen":"THE_SILENT","items_purchased":["Quick Slash","Panacea","Terror","Lee\u0027s Waffle","SteroidPotion","Riddle With Holes","SpeedPotion"],"campfire_rested":3,"item_purchase_floors":[2,13,13,30,36,36,46],"current_hp_per_floor":[63,63,52,52,52,52,52,52,52,45,45,38,38,24,45,32,61,30,9,9,9,9,19,19,19,19,2,12,12,42,42,42,42,42,42,42,42,42,42,35,35,35,35,35,35,35,35,35,35,0],"gold":6,"neow_bonus":"BOSS_RELIC","is_prod":false,"is_daily":false,"chose_seed":false,"campfire_upgraded":8,"win_rate":0,"timestamp":1536371415,"path_taken":["M","$","?","?","?","R","M","R","T","?","M","E","$","?","R","BOSS","M","?","?","?","$","R","M","R","T","E","R","?","?","M","R","BOSS","M","$","?","M","$","M","R","E","T","?","R","$","R","?","R","BOSS"],"build_version":"2018-09-06","purchased_purges":1,"victory":false,"max_hp_per_floor":[70,70,70,70,70,70,70,70,70,70,70,70,70,70,70,70,70,70,70,35,35,35,35,35,35,35,35,35,35,42,42,42,42,42,42,42,42,42,42,42,42,42,42,42,42,42,42,40,40,40],"card_choices":[{"not_picked":["Outmaneuver","PiercingWail"],"picked":"Flying Knee","floor":1},{"not_picked":["Sucker Punch","Caltrops+1"],"picked":"Acrobatics","floor":7},{"not_picked":["Blur","Concentrate"],"picked":"All Out Attack","floor":11},{"not_picked":["Underhanded Strike","Slice"],"picked":"Skewer","floor":12},{"not_picked":["After Image+1","Wraith Form v2+1"],"picked":"Adrenaline","floor":16},{"not_picked":["Infinite Blades+1","Outmaneuver"],"picked":"Footwork+1","floor":18},{"not_picked":["Sucker Punch","Dagger Spray+1"],"picked":"Deadly Poison+1","floor":24},{"not_picked":["Footwork+1","After Image+1","Deadly Poison+1"],"picked":"SKIP","floor":27},{"not_picked":["Dagger Throw","Dodge and Roll","Deadly Poison"],"picked":"SKIP","floor":31},{"not_picked":["Venomology","Bullet Time"],"picked":"Phantasmal Killer","floor":33},{"not_picked":["Sucker Punch","Flechettes"],"picked":"Well Laid Plans+1","floor":35},{"not_picked":["Sucker Punch+1","Reflex"],"picked":"Quick Slash+1","floor":38},{"not_picked":["Backflip","Deflect","Accuracy+1"],"picked":"SKIP","floor":40},{"not_picked":["Escape Plan","Reflex+1"],"picked":"Dagger Spray","floor":42},{"not_picked":["Thinking Ahead","Bandage Up"],"picked":"The Bomb","floor":44}],"player_experience":385295,"relics_obtained":[{"floor":4,"key":"Frozen Egg 2"},{"floor":9,"key":"Juzu Bracelet"},{"floor":12,"key":"Orichalcum"},{"floor":26,"key":"StoneCalendar"},{"floor":27,"key":"Snake Skull"},{"floor":42,"key":"Nunchaku"},{"floor":43,"key":"Letter Opener"}],"event_choices":[{"event_name":"World of Goop","player_choice":"Gather Gold","floor":3,"damage_taken":0},{"event_name":"Purifier","player_choice":"One Purge","floor":5,"damage_taken":0},{"event_name":"Golden Wing","player_choice":"Card Removal","floor":10,"damage_taken":0},{"event_name":"Shining Light","player_choice":"Entered Light","floor":14,"damage_taken":0},{"event_name":"Colosseum","player_choice":"Fight","floor":19,"damage_taken":0},{"event_name":"Colosseum","player_choice":"Fled From Nobs","floor":19,"damage_taken":0},{"event_name":"Ghosts","player_choice":"Became a Ghost","floor":20,"damage_taken":0},{"event_name":"The Woman in Blue","player_choice":"Bought 0 Potions","floor":21,"damage_taken":0},{"event_name":"Vampires","player_choice":"Ignored","floor":29,"damage_taken":0},{"event_name":"Tomb of Lord Red Mask","player_choice":"Paid","floor":37,"damage_taken":0},{"event_name":"SensoryStone","player_choice":"Memory 1","floor":44,"damage_taken":0},{"event_name":"Winding Halls","player_choice":"Max HP","floor":48,"damage_taken":0}],"is_beta":false,"boss_relics":[{"not_picked":["Calling Bell","Snecko Eye"],"picked":"Cursed Key"},{"not_picked":["Velvet Choker","Empty Cage"],"picked":"Lizard Tail"}],"items_purged_floors":[13],"is_endless":false,"potions_floor_spawned":[11,16,31,35,40,42],"killed_by":"Awakened One","ascension_level":8}