{"gold_per_floor":[112,129,140,70,145,145,160,160,187,219,71,81,81,98,98,196,196,208,228,243,518,518,518,553,553,553,565,35,35,63,73,73,168,168,185,185,199,210,228,228,244,244,244,244,144,158,158,168,168,168],"floor_reached":51,"playtime":3937,"items_purged":["Regret","Strike_R"],"score":666,"play_id":"d78d1958-1f57-443c-a3e7-08dfd82e4f2e","local_time":"20180902171029","is_ascension_mode":false,"campfire_choices":[{"data":"Rage","floor":6,"key":"SMITH"},{"data":"Flex","floor":8,"key":"SMITH"},{"data":"Heavy Blade","floor":13,"key":"SMITH"},{"data":"Brutality","floor":15,"key":"SMITH"},{"data":"Rupture","floor":23,"key":"SMITH"},{"data":"Uppercut","floor":25,"key":"SMITH"},{"data":"Pommel Strike","floor":29,"key":"SMITH"},{"data":"Heavy Blade","floor":32,"key":"SMITH"},{"floor":40,"key":"REST"},{"data":"Rage","floor":42,"key":"SMITH"},{"data":"Warcry","floor":47,"key":"SMITH"},{"floor":49,"key":"REST"}],"neow_cost":"NONE","seed_source_timestamp":1522129379301517,"circlet_count":0,"master_deck":["Strike_R","Strike_R","Strike_R+1","Strike_R+1","Defend_R","Defend_R","Defend_R","Defend_R","Bash","Heavy Blade+1","Pommel Strike+1","Warcry+1","Rage+1","Flex+1","Brutality+1","Pommel Strike","Rupture+1","Double Tap+1","Cleave+1","Twin Strike+1","Uppercut+1","Rupture+1","Rage+1","Inflame+1","Heavy Blade+1","Sword Boomerang+1","Rage+1","Impervious"],"relics":["Black Blood","Dream Catcher","Whetstone","Bronze Scales","Velvet Choker","Ornamental Fan","Frozen Egg 2","Shuriken","DollysMirror","Meat on the Bone","Prayer Wheel","Blood Vial"],"potions_floor_usage":[10,19,20,20,50,50,50],"damage_taken":[{"damage":5,"enemies":"Small Slimes","floor":1,"turns":5},{"damage":1,"enemies":"2 Louse","floor":2,"turns":2},{"damage":1,"enemies":"Cultist","floor":3,"turns":3},{"damage":5,"enemies":"Looter","floor":7,"turns":4},{"damage":5,"enemies":"3 Sentries","floor":10,"turns":8},{"damage":0,"enemies":"Exordium Thugs","floor":12,"turns":4},{"damage":3,"enemies":"2 Fungi Beasts","floor":14,"turns":3},{"damage":37,"enemies":"The Guardian","floor":16,"turns":7},{"damage":3,"enemies":"Chosen","floor":18,"turns":4},{"damage":6,"enemies":"Shell Parasite","floor":19,"turns":2},{"damage":14,"enemies":"Snake Plant","floor":20,"turns":3},{"damage":9,"enemies":"Gremlin Leader","floor":24,"turns":5},{"damage":19,"enemies":"Shelled Parasite and Fungi","floor":27,"turns":3},{"damage":30,"enemies":"Slavers","floor":30,"turns":4},{"damage":2,"enemies":"Snecko","floor":31,"turns":3},{"damage":5,"enemies":"Automaton","floor":33,"turns":5},{"damage":11,"enemies":"Orb Walker","floor":35,"turns":2},{"damage":2,"enemies":"Mind Bloom Boss Battle","floor":36,"turns":3},{"damage":29,"enemies":"3 Shapes","floor":37,"turns":4},{"damage":8,"enemies":"Maw","floor":38,"turns":5},{"damage":23,"enemies":"Sphere and 2 Shapes","floor":39,"turns":4},{"damage":9,"enemies":"Transient","floor":41,"turns":5},{"damage":9,"enemies":"Spire Growth","floor":46,"turns":2},{"damage":20,"enemies":"Sphere and 2 Shapes","floor":48,"turns":4},{"damage":82,"enemies":"Awakened One","floor":50,"turns":8}],"seed_played":"-566837695153460231","potions_obtained":[{"floor":3,"key":"EssenceOfSteel"},{"floor":7,"key":"GamblersBrew"},{"floor":12,"key":"Weak Potion"},{"floor":16,"key":"Poison Potion"},{"floor":19,"key":"Weak Potion"},{"floor":30,"key":"SpeedPotion"},{"floor":31,"key":"BloodPotion"},{"floor":38,"key":"Block Potion"}],"is_trial":false,"path_per_floor":["M","M","M","$","?","R","M","R","T","E","$","M","R","M","R","B",null,"M","M","M","?","?","R","E","R","T","M","$","R","E","M","R","B",null,"M","?","M","M","M","R","M","R","T","$","$","M","R","M","R","B"],"character_chosen":"IRONCLAD","items_purchased":["Rage","Bronze Scales","Shuriken","DollysMirror"],"campfire_rested":2,"item_purchase_floors":[4,11,28,28],"current_hp_per_floor":[88,88,88,88,77,77,78,78,78,79,79,85,85,88,88,57,88,88,88,80,80,80,80,77,77,77,64,64,64,40,56,56,57,88,87,88,69,71,58,84,85,85,85,85,85,88,88,78,88,36],"gold":168,"neow_bonus":"TEN_PERCENT_HP_BONUS","is_prod":false,"is_daily":false,"chose_seed":false,"campfire_upgraded":10,"win_rate":0,"timestamp":1535922629,"path_taken":["M","M","M","$","?","R","M","R","T","E","?","M","R","M","R","BOSS","M","M","M","?","?","R","E","R","T","M","$","R","E","?","R","BOSS","M","?","M","?","M","R","M","R","T","?","$","M","R","M","R","BOSS"],"build_version":"2018-08-30","purchased_purges":2,"victory":true,"max_hp_per_floor":[88,88,88,88,88,88,88,88,88,88,88,88,88,88,88,88,88,88,88,88,88,88,88,88,88,88,88,88,88,88,88,88,88,88,88,88,88,88,88,88,88,88,88,88,88,88,88,88,88,88],"card_choices":[{"not_picked":["Entrench","Wild Strike"],"picked":"Heavy Blade","floor":1},{"not_picked":["Sever Soul","Shrug It Off"],"picked":"Pommel Strike","floor":2},{"not_picked":["Havoc","Searing Blow"],"picked":"Warcry","floor":3},{"not_picked":["Blood for Blood","Sever Soul"],"picked":"Flex","floor":7},{"not_picked":["Metallicize","Clothesline"],"picked":"Brutality","floor":10},{"not_picked":["Infernal Blade","Wild Strike"],"picked":"Pommel Strike","floor":12},{"not_picked":["Hemokinesis","Sword Boomerang"],"picked":"Rupture","floor":14},{"not_picked":["Exhume","Immolate"],"picked":"Double Tap","floor":16},{"not_picked":["Shrug It Off","Thunderclap"],"picked":"Cleave+1","floor":18},{"not_picked":["Carnage","Warcry"],"picked":"Twin Strike+1","floor":19},{"not_picked":["Infernal Blade","Perfected Strike","Pommel Strike"],"picked":"SKIP","floor":20},{"not_picked":["Double Tap","Pommel Strike"],"picked":"Uppercut","floor":24},{"not_picked":["Reckless Charge","Rage"],"picked":"Rupture+1","floor":27},{"not_picked":["Hemokinesis+1","Flex"],"picked":"Inflame+1","floor":30},{"not_picked":["True Grit","Shrug It Off"],"picked":"Heavy Blade","floor":31},{"not_picked":["Feel No Pain+1","Shrug It Off"],"picked":"Sword Boomerang+1","floor":35},{"not_picked":["Rampage+1","Heavy Blade","Uppercut"],"picked":"SKIP","floor":37},{"not_picked":["Heavy Blade","Clash","Warcry+1"],"picked":"SKIP","floor":37},{"not_picked":["Spot Weakness+1","Flame Barrier","Warcry+1"],"picked":"SKIP","floor":38},{"not_picked":["Pommel Strike","Sword Boomerang","Hemokinesis"],"picked":"SKIP","floor":38},{"not_picked":["Clash","Perfected Strike+1","Sever Soul"],"picked":"SKIP","floor":39},{"not_picked":["Hemokinesis+1","Body Slam+1","Carnage+1"],"picked":"SKIP","floor":39},{"not_picked":["Iron Wave+1","Perfected Strike+1"],"picked":"Rage","floor":41},{"not_picked":["Clothesline+1","Flex","Twin Strike+1"],"picked":"SKIP","floor":41},{"not_picked":["Warcry","Body Slam"],"picked":"Impervious","floor":46},{"not_picked":["Perfected Strike","Clothesline+1","Wild Strike"],"picked":"SKIP","floor":46},{"not_picked":["Armaments","Corruption+1","Shockwave"],"picked":"SKIP","floor":48},{"not_picked":["Evolve+1","Sword Boomerang","Sentinel"],"picked":"SKIP","floor":48}],"player_experience":359638,"relics_obtained":[{"floor":9,"key":"Dream Catcher"},{"floor":10,"key":"Whetstone"},{"floor":24,"key":"Ornamental Fan"},{"floor":26,"key":"Frozen Egg 2"},{"floor":30,"key":"Meat on the Bone"},{"floor":36,"key":"Prayer Wheel"},{"floor":43,"key":"Blood Vial"}],"event_choices":[{"event_name":"World of Goop","player_choice":"Gather Gold","floor":5,"damage_taken":0},{"event_name":"Golden Shrine","player_choice":"Desecrate","floor":21,"damage_taken":0},{"event_name":"Accursed Blacksmith","player_choice":"Forge","floor":22,"damage_taken":0},{"event_name":"MindBloom","player_choice":"Fight","floor":36,"damage_taken":0}],"is_beta":false,"boss_relics":[{"not_picked":["Runic Cube","Orrery"],"picked":"Velvet Choker"},{"not_picked":["Sozu","Cursed Key"],"picked":"Black Blood"}],"items_purged_floors":[28,45],"is_endless":false,"potions_floor_spawned":[3,7,12,16,19,30,31,37,38,39,46],"ascension_level":0}