{"gold_per_floor":[110,120,135,435,453,453,510,540,540,540,540,557,570,601,601,698,698,713,476,494,494,511,511,511],"floor_reached":24,"playtime":1219,"items_purged":["Strike_R"],"score":208,"play_id":"e01b62d8-e774-4241-9625-f7f34c2c0641","local_time":"20190428153421","is_ascension_mode":false,"campfire_choices":[{"data":"Searing Blow","floor":6.0,"key":"SMITH"},{"floor":11.0,"key":"REST"},{"data":"Searing Blow+1","floor":15.0,"key":"SMITH"},{"data":"Searing Blow+2","floor":23,"key":"SMITH"}],"neow_cost":"NONE","seed_source_timestamp":1978272019206710,"circlet_count":0,"master_deck":["Strike_R","Strike_R+1","Strike_R","Strike_R","Defend_R","Defend_R","Defend_R","Defend_R","Bash","Searing Blow+3","Iron Wave","True Grit+1","Warcry","Metallicize","Shrug It Off","Shrug It Off","Berserk","Seeing Red+1","Armaments+1","Impervious","Metallicize+1","Warcry","Rage"],"special_seed":0,"relics":["Burning Blood","Old Coin","Mercury Hourglass","Prayer Wheel","Nunchaku","PreservedInsect","Runic Dome"],"potions_floor_usage":[16,16,16],"damage_taken":[{"damage":6.0,"enemies":"Cultist","floor":1.0,"turns":3.0},{"damage":0.0,"enemies":"Small Slimes","floor":2.0,"turns":4.0},{"damage":1.0,"enemies":"2 Louse","floor":3.0,"turns":3.0},{"damage":4.0,"enemies":"Blue Slaver","floor":5.0,"turns":5.0},{"damage":29.0,"enemies":"3 Sentries","floor":7.0,"turns":11.0},{"damage":30.0,"enemies":"Lagavulin","floor":8.0,"turns":9.0},{"damage":0.0,"enemies":"2 Fungi Beasts","floor":12.0,"turns":3.0},{"damage":0.0,"enemies":"Lots of Slimes","floor":13.0,"turns":4.0},{"damage":17.0,"enemies":"Gremlin Nob","floor":14.0,"turns":4.0},{"damage":25,"enemies":"Hexaghost","floor":16,"turns":11},{"damage":5,"enemies":"2 Thieves","floor":18,"turns":4},{"damage":22,"enemies":"Shell Parasite","floor":20,"turns":6},{"damage":38,"enemies":"Chosen and Byrds","floor":22,"turns":7},{"damage":28,"enemies":"Book of Stabbing","floor":24,"turns":3}],"seed_played":"3876059913482307805","potions_obtained":[{"floor":7.0,"key":"SneckoOil"},{"floor":8.0,"key":"Explosive Potion"},{"floor":12.0,"key":"Dexterity Potion"},{"floor":14.0,"key":"SteroidPotion"},{"floor":22,"key":"Block Potion"}],"is_trial":false,"path_per_floor":["M","M","M","?","M","R","?","E","T","?","R","M","M","E","R","B",null,"M","$","M","?","M","R","E"],"character_chosen":"IRONCLAD","items_purchased":["Impervious"],"campfire_rested":1,"item_purchase_floors":[19],"current_hp_per_floor":[80,80,80,73,75,75,52,28,28,12,36,42,48,37,37,18,80,80,80,64,49,17,17,0],"gold":511,"neow_bonus":"THREE_CARDS","is_prod":false,"is_daily":false,"chose_seed":false,"campfire_upgraded":3,"win_rate":0,"timestamp":1556480061,"path_taken":["M","M","?","?","M","R","?","E","T","?","R","M","M","E","R","BOSS","M","$","M","?","M","R","E"],"build_version":"2019-01-23","purchased_purges":1,"victory":false,"max_hp_per_floor":[80,80,80,80,80,80,80,80,80,80,80,80,80,80,80,80,80,80,80,80,85,85,85,85],"card_choices":[{"not_picked":["Anger","Carnage"],"picked":"Searing Blow","floor":0.0},{"not_picked":["Body Slam","Evolve"],"picked":"Iron Wave","floor":1.0},{"not_picked":["Pommel Strike","Iron Wave"],"picked":"True Grit","floor":2.0},{"not_picked":["Sword Boomerang","Blood for Blood","Clothesline"],"picked":"SKIP","floor":3.0},{"not_picked":["Reckless Charge","Feel No Pain","Bludgeon"],"picked":"SKIP","floor":5.0},{"not_picked":["Clash","Heavy Blade"],"picked":"Warcry","floor":7.0},{"not_picked":["Fire Breathing","Fiend Fire"],"picked":"Metallicize","floor":8.0},{"not_picked":["Pommel Strike","Body Slam"],"picked":"Shrug It Off","floor":12.0},{"not_picked":["Sever Soul","True Grit","Pummel"],"picked":"SKIP","floor":12.0},{"not_picked":["Clash","Havoc","Pommel Strike"],"picked":"SKIP","floor":13.0},{"not_picked":["Searing Blow","Flex","Blood for Blood"],"picked":"SKIP","floor":13.0},{"not_picked":["Inflame","Combust"],"picked":"Shrug It Off","floor":14.0},{"not_picked":["Juggernaut","Limit Break"],"picked":"Berserk","floor":16},{"not_picked":["Sword Boomerang","Thunderclap"],"picked":"Seeing Red+1","floor":18},{"not_picked":["Twin Strike","Body Slam+1"],"picked":"Armaments+1","floor":18},{"not_picked":["Feel No Pain","Warcry"],"picked":"Metallicize+1","floor":20},{"not_picked":["Sword Boomerang","Heavy Blade"],"picked":"Warcry","floor":20},{"not_picked":["Feel No Pain","Combust"],"picked":"Rage","floor":22},{"not_picked":["Anger","Sever Soul","Corruption+1"],"picked":"SKIP","floor":22}],"player_experience":831083,"relics_obtained":[{"floor":7.0,"key":"Mercury Hourglass"},{"floor":8.0,"key":"Prayer Wheel"},{"floor":9.0,"key":"Nunchaku"},{"floor":14.0,"key":"PreservedInsect"}],"event_choices":[{"damage_healed":0.0,"max_hp_gain":0.0,"max_hp_loss":0.0,"gold_gain":0.0,"event_name":"Scrap Ooze","player_choice":"Success","floor":4.0,"gold_loss":0.0,"damage_taken":7.0,"relics_obtained":["Old Coin"]},{"damage_healed":0.0,"max_hp_gain":0.0,"max_hp_loss":0.0,"gold_gain":0.0,"event_name":"Dead Adventurer","player_choice":"Searched \u00272\u0027 times","floor":7.0,"gold_loss":0.0,"damage_taken":0.0},{"damage_healed":0.0,"max_hp_gain":0.0,"max_hp_loss":0.0,"gold_gain":0.0,"event_name":"Shining Light","player_choice":"Entered Light","floor":10.0,"gold_loss":0.0,"damage_taken":16.0,"cards_upgraded":["True Grit","Strike_R"]},{"damage_healed":0,"gold_gain":0,"player_choice":"Shed Blood","damage_taken":20,"max_hp_gain":5,"max_hp_loss":0,"event_name":"Forgotten Altar","floor":21,"gold_loss":0}],"is_beta":false,"boss_relics":[{"not_picked":["Fusion Hammer","Lizard Tail"],"picked":"Runic Dome"}],"items_purged_floors":[19],"is_endless":false,"potions_floor_spawned":[7,8,12,14,22],"killed_by":"Book of Stabbing","ascension_level":0}