{"gold_per_floor":[115,69,69,87,105,105,129,129,155,155,170,186,220,237,237,339,339,357,376,301,400,418,435,461,480,503,79,91,91,125,143,143,240,240,252,252,265,265,278,305,305,27,53,53,53,53,53,72,72,72,72,72,0,33,33],"floor_reached":55,"playtime":3315,"items_purged":["Strike_B"],"score":714,"play_id":"938897f0-cd46-46e7-a8bb-137c470777d8","local_time":"20190206211757","is_ascension_mode":false,"campfire_choices":[{"data":"Dualcast","floor":6.0,"key":"SMITH"},{"data":"Ball Lightning","floor":8.0,"key":"SMITH"},{"data":"Cold Snap","floor":10.0,"key":"SMITH"},{"data":"Ball Lightning","floor":15.0,"key":"SMITH"},{"data":"Fission","floor":29.0,"key":"SMITH"},{"data":"Barrage","floor":32.0,"key":"SMITH"},{"floor":41.0,"key":"RECALL"},{"data":"Consume","floor":45.0,"key":"SMITH"},{"data":"Beam Cell","floor":47.0,"key":"SMITH"},{"data":"Panache","floor":49.0,"key":"SMITH"},{"data":"Reinforced Body","floor":52.0,"key":"SMITH"}],"neow_cost":"NONE","seed_source_timestamp":1385269113535674,"circlet_count":0,"master_deck":["Strike_B","Strike_B+1","Strike_B","Defend_B+1","Defend_B","Zap+1","Dualcast+1","Cold Snap+1","Ball Lightning+1","Conserve Battery+1","FTL","Reinforced Body+1","Steam Power","Ball Lightning+1","Fission+1","Steam","Barrage+1","Self Repair+1","Sweeping Beam","Beam Cell+1","Melter","Echo Form","Scrape+1","Panache+1","Auto Shields+1","Consume+1","Loop+1"],"special_seed":0,"relics":["Cracked Core","Vajra","Anchor","Potion Belt","Inserter","War Paint","PreservedInsect","Bag of Preparation","Centennial Puzzle","DataDisk","Nuclear Battery","Whetstone","Chemical X","Strawberry","Dodecahedron"],"potions_floor_usage":[55,55,55,55,55],"damage_taken":[{"damage":0.0,"enemies":"Cultist","floor":1.0,"turns":3.0},{"damage":6.0,"enemies":"Jaw Worm","floor":4.0,"turns":3.0},{"damage":5.0,"enemies":"Small Slimes","floor":5.0,"turns":2.0},{"damage":4.0,"enemies":"Exordium Thugs","floor":11.0,"turns":3.0},{"damage":0.0,"enemies":"2 Fungi Beasts","floor":12.0,"turns":3.0},{"damage":4.0,"enemies":"Gremlin Nob","floor":13.0,"turns":3.0},{"damage":0.0,"enemies":"Large Slime","floor":14.0,"turns":3.0},{"damage":1.0,"enemies":"Slime Boss","floor":16.0,"turns":7.0},{"damage":3.0,"enemies":"Spheric Guardian","floor":18.0,"turns":4.0},{"damage":8.0,"enemies":"3 Byrds","floor":19.0,"turns":5.0},{"damage":26.0,"enemies":"Sentry and Sphere","floor":22.0,"turns":6.0},{"damage":2.0,"enemies":"Cultist and Chosen","floor":23.0,"turns":6.0},{"damage":12.0,"enemies":"Book of Stabbing","floor":24.0,"turns":4.0},{"damage":20.0,"enemies":"3 Cultists","floor":25.0,"turns":5.0},{"damage":17.0,"enemies":"Snake Plant","floor":28.0,"turns":3.0},{"damage":2.0,"enemies":"Slavers","floor":30.0,"turns":2.0},{"damage":0.0,"enemies":"Chosen and Byrds","floor":31.0,"turns":3.0},{"damage":33.0,"enemies":"Collector","floor":33.0,"turns":9.0},{"damage":0.0,"enemies":"Orb Walker","floor":35.0,"turns":3.0},{"damage":28.0,"enemies":"3 Darklings","floor":37.0,"turns":5.0},{"damage":0.0,"enemies":"Jaw Worm Horde","floor":39.0,"turns":2.0},{"damage":0.0,"enemies":"Reptomancer","floor":40.0,"turns":2.0},{"damage":5.0,"enemies":"Transient","floor":48.0,"turns":5.0},{"damage":47.0,"enemies":"Awakened One","floor":50.0,"turns":11.0},{"damage":10.0,"enemies":"Shield and Spear","floor":54.0,"turns":4.0},{"damage":94,"enemies":"The Heart","floor":55,"turns":3}],"seed_played":"-2819136534795495905","potions_obtained":[{"floor":4.0,"key":"Fire Potion"},{"floor":5.0,"key":"FearPotion"},{"floor":11.0,"key":"Regen Potion"},{"floor":22.0,"key":"AttackPotion"},{"floor":24.0,"key":"Dexterity Potion"},{"floor":25.0,"key":"Regen Potion"},{"floor":28.0,"key":"Weak Potion"},{"floor":33.0,"key":"Dexterity Potion"}],"is_trial":false,"path_per_floor":["M","$","?","M","M","R","T","R","T","R","M","M","E","M","R","B",null,"M","M","?","?","M","M","E","M","T","$","M","R","E","M","R","B",null,"M","?","M","?","M","E","R","$","T","?","R","?","R","M","R","B",null,"R","$","E","B"],"character_chosen":"DEFECT","items_purchased":["Ball Lightning","Bag of Preparation","Centennial Puzzle","Dexterity Potion","Consume","Chemical X","FocusPotion"],"campfire_rested":0,"item_purchase_floors":[2,27,27,27,42,42,53],"current_hp_per_floor":[75,75,75,69,64,64,64,64,64,64,60,60,56,56,56,55,75,72,64,64,64,38,46,34,24,24,24,17,17,25,35,35,2,75,75,75,67,67,67,67,67,67,74,74,74,74,74,78,78,41,78,78,78,78,0],"gold":33,"neow_bonus":"RANDOM_COMMON_RELIC","is_prod":false,"is_daily":false,"chose_seed":false,"campfire_upgraded":10,"win_rate":0,"timestamp":1549505877,"path_taken":["M","$","?","M","M","R","?","R","T","R","M","M","E","M","R","BOSS","M","?","?","?","?","M","E","M","T","$","M","R","E","M","R","BOSS","M","?","M","?","M","E","R","$","T","?","R","?","R","?","R","BOSS","R","$","E","BOSS"],"build_version":"2019-01-23","purchased_purges":1,"victory":false,"max_hp_per_floor":[75,75,75,75,75,75,75,75,75,75,75,75,75,75,75,75,75,75,75,75,75,75,75,75,75,75,75,75,75,75,75,75,75,75,75,75,75,75,75,75,75,75,82,82,82,78,78,78,78,78,78,78,78,78,78],"card_choices":[{"not_picked":["Coolheaded","Recycle"],"picked":"Cold Snap","floor":1.0},{"not_picked":["Compile Driver","Barrage"],"picked":"Conserve Battery","floor":4.0},{"not_picked":["Storm","Turbo"],"picked":"FTL","floor":5.0},{"not_picked":["Compile Driver","Sunder"],"picked":"Reinforced Body","floor":11.0},{"not_picked":["Aggregate","Cold Snap"],"picked":"Steam Power","floor":12.0},{"not_picked":["Conserve Battery","Darkness","Fusion"],"picked":"SKIP","floor":13.0},{"not_picked":["Redo","Fusion"],"picked":"Ball Lightning","floor":14.0},{"not_picked":["Buffer","Hyperbeam"],"picked":"Fission","floor":16.0},{"not_picked":["Cold Snap","Reinforced Body"],"picked":"Steam","floor":18.0},{"not_picked":["Steam","Leap"],"picked":"Barrage","floor":19.0},{"not_picked":["Double Energy","Gash+1"],"picked":"Self Repair+1","floor":22.0},{"not_picked":["Heatsinks","Force Field"],"picked":"Sweeping Beam","floor":23.0},{"not_picked":["Reprogram+1","Streamline","Reinforced Body"],"picked":"SKIP","floor":24.0},{"not_picked":["Rebound","Echo Form"],"picked":"Beam Cell","floor":25.0},{"not_picked":["Heatsinks","Turbo","Blizzard"],"picked":"SKIP","floor":28.0},{"not_picked":["Hologram","Barrage"],"picked":"Melter","floor":30.0},{"not_picked":["Recycle","Rebound","Coolheaded"],"picked":"SKIP","floor":31.0},{"not_picked":["Meteor Strike","Core Surge"],"picked":"Echo Form","floor":33.0},{"not_picked":["Aggregate","Ball Lightning","Force Field"],"picked":"SKIP","floor":35.0},{"not_picked":["Steam Power+1","Coolheaded+1"],"picked":"Scrape","floor":37.0},{"not_picked":["Swift Strike","Metamorphosis"],"picked":"Panache","floor":38.0},{"not_picked":["Reprogram","Ball Lightning+1","Hologram"],"picked":"SKIP","floor":39.0},{"not_picked":["Turbo+1","Scrape"],"picked":"Auto Shields+1","floor":40.0},{"not_picked":["Gash+1","Conserve Battery+1"],"picked":"Loop+1","floor":48.0},{"not_picked":["Scrape","Fusion+1","Cold Snap+1"],"picked":"SKIP","floor":54.0}],"player_experience":664170,"relics_obtained":[{"floor":9.0,"key":"Anchor"},{"floor":13.0,"key":"Potion Belt"},{"floor":24.0,"key":"War Paint"},{"floor":26.0,"key":"PreservedInsect"},{"floor":30.0,"key":"DataDisk"},{"floor":40.0,"key":"Whetstone"},{"floor":43.0,"key":"Strawberry"},{"floor":54.0,"key":"Dodecahedron"}],"event_choices":[{"damage_healed":0.0,"max_hp_gain":0.0,"max_hp_loss":0.0,"gold_gain":0.0,"event_name":"Living Wall","player_choice":"Grow","floor":3.0,"gold_loss":0.0,"damage_taken":0.0,"cards_upgraded":["Zap"]},{"cards_removed":["Defend_B"],"damage_healed":0.0,"max_hp_gain":0.0,"max_hp_loss":0.0,"gold_gain":0.0,"event_name":"Beggar","player_choice":"Gave Gold","floor":20.0,"gold_loss":75.0,"damage_taken":0.0},{"damage_healed":0.0,"max_hp_gain":0.0,"max_hp_loss":0.0,"gold_gain":99.0,"event_name":"Nest","player_choice":"Stole From Cult","floor":21.0,"gold_loss":0.0,"damage_taken":0.0},{"damage_healed":0.0,"max_hp_gain":0.0,"max_hp_loss":0.0,"gold_gain":0.0,"event_name":"Tomb of Lord Red Mask","player_choice":"Ignored","floor":36.0,"gold_loss":0.0,"damage_taken":0.0},{"damage_healed":0.0,"max_hp_gain":0.0,"max_hp_loss":0.0,"gold_gain":0.0,"event_name":"SensoryStone","player_choice":"Memory 1","floor":38.0,"gold_loss":0.0,"damage_taken":0.0},{"cards_removed":["Defend_B"],"damage_healed":0.0,"max_hp_gain":0.0,"max_hp_loss":0.0,"gold_gain":0.0,"event_name":"Falling","player_choice":"Removed Skill","floor":44.0,"gold_loss":0.0,"damage_taken":0.0},{"damage_healed":0.0,"max_hp_gain":0.0,"max_hp_loss":4.0,"gold_gain":0.0,"event_name":"Winding Halls","player_choice":"Max HP","floor":46.0,"gold_loss":0.0,"damage_taken":0.0}],"is_beta":false,"boss_relics":[{"not_picked":["Runic Dome","Philosopher\u0027s Stone"],"picked":"Inserter"},{"not_picked":["Astrolabe","Tiny House"],"picked":"Nuclear Battery"}],"items_purged_floors":[27],"is_endless":false,"potions_floor_spawned":[4,5,11,22,24,25,28,33,37,39],"killed_by":"The Heart","ascension_level":0}