{"gold_per_floor":[115,40,60,70,70,100,100,129,204,218,198,198,198,210,210,315,315,326,326,344,358,372,372,384,42,42,42,42,42,75,92,92,195,195,213,313,413,138,138,138,169,169,169,169,180,30,46,46,46,46],"floor_reached":51,"playtime":3410,"items_purged":["Strike_G","Strike_G","Defend_G","Strike_G"],"score":803,"play_id":"eabf5711-bd0e-4126-a9a2-0892d38099cd","local_time":"20191013234831","is_ascension_mode":false,"campfire_choices":[{"floor":7,"key":"REST"},{"floor":12,"key":"REST"},{"data":"Slice","floor":15,"key":"SMITH"},{"data":"Dagger Spray","floor":23,"key":"SMITH"},{"floor":27,"key":"REST"},{"data":"1","floor":29,"key":"LIFT"},{"data":"2","floor":32,"key":"LIFT"},{"data":"3","floor":40,"key":"LIFT"},{"data":"Apotheosis","floor":42,"key":"SMITH"},{"data":"Terror","floor":49,"key":"SMITH"}],"neow_cost":"NONE","seed_source_timestamp":340914572208500,"circlet_count":0,"master_deck":["Defend_G","Defend_G","Defend_G","Survivor","Neutralize","Dagger Throw","Dagger Spray+1","Flying Knee","Slice+1","Adrenaline","All Out Attack","Backstab+1","Apotheosis+1","Terror+1","Escape Plan+1","Corpse Explosion+1","Prepared+1","Dash","Secret Weapon+1"],"relics":["Ring of the Snake","Regal Pillow","Girya","Juzu Bracelet","Snake Skull","Kunai","Empty Cage","Toxic Egg 2","Strawberry","Eternal Feather","Thread and Needle","PreservedInsect","Mummified Hand","Bag of Preparation"],"potions_floor_usage":[6,8,21,22,33,50],"damage_taken":[{"damage":3,"enemies":"Jaw Worm","floor":1,"turns":6},{"damage":0,"enemies":"Small Slimes","floor":3,"turns":3},{"damage":0,"enemies":"Cultist","floor":4,"turns":3},{"damage":48,"enemies":"Lagavulin","floor":6,"turns":10},{"damage":26,"enemies":"3 Sentries","floor":8,"turns":10},{"damage":4,"enemies":"Gremlin Gang","floor":10,"turns":5},{"damage":9,"enemies":"Lots of Slimes","floor":14,"turns":2},{"damage":25,"enemies":"The Guardian","floor":16,"turns":18},{"damage":5,"enemies":"3 Byrds","floor":18,"turns":4},{"damage":1,"enemies":"Chosen","floor":20,"turns":5},{"damage":18,"enemies":"Snecko","floor":21,"turns":8},{"damage":9,"enemies":"Chosen and Byrds","floor":22,"turns":6},{"damage":24,"enemies":"Sentry and Sphere","floor":24,"turns":6},{"damage":6,"enemies":"Book of Stabbing","floor":30,"turns":7},{"damage":14,"enemies":"Snake Plant","floor":31,"turns":4},{"damage":23,"enemies":"Champ","floor":33,"turns":11},{"damage":6,"enemies":"3 Darklings","floor":35,"turns":4},{"damage":0,"enemies":"Mind Bloom Boss Battle","floor":37,"turns":7},{"damage":0,"enemies":"Nemesis","floor":41,"turns":5},{"damage":0,"enemies":"Orb Walker","floor":45,"turns":2},{"damage":0,"enemies":"Maw","floor":47,"turns":6},{"damage":73,"enemies":"Time Eater","floor":50,"turns":18}],"seed_played":"-393267599055120715","potions_obtained":[{"floor":4,"key":"PowerPotion"},{"floor":6,"key":"SkillPotion"},{"floor":11,"key":"Weak Potion"},{"floor":14,"key":"Swift Potion"},{"floor":16,"key":"FearPotion"},{"floor":22,"key":"Dexterity Potion"},{"floor":33,"key":"LiquidBronze"},{"floor":35,"key":"SkillPotion"},{"floor":45,"key":"Swift Potion"}],"is_trial":false,"path_per_floor":["M","$","M","M","?","E","R","E","T","M","?","R","?","M","R","B",null,"M","?","M","M","M","R","M","$","T","R","$","R","E","M","R","B",null,"M","?","?","$","?","R","E","R","T","?","M","$","M","?","R","B",null],"character_chosen":"THE_SILENT","items_purchased":["Apotheosis","Terror","PreservedInsect"],"campfire_rested":3,"item_purchase_floors":[25,25,38],"current_hp_per_floor":[67,67,67,67,67,19,55,29,29,25,25,61,61,52,52,27,70,65,65,64,46,37,37,13,13,13,49,49,49,50,36,36,13,77,71,71,71,71,71,77,77,77,77,77,77,77,77,77,77,4],"gold":46,"neow_bonus":"RANDOM_COMMON_RELIC","is_prod":false,"is_daily":false,"chose_seed":false,"campfire_upgraded":4,"win_rate":0,"timestamp":1571024911,"path_taken":["M","$","M","M","?","E","R","E","T","M","?","R","?","M","R","BOSS","M","?","M","M","M","R","M","?","T","R","$","R","E","M","R","BOSS","M","?","?","$","?","R","E","R","T","?","M","$","M","?","R","BOSS"],"build_version":"2019-07-17","purchased_purges":4,"victory":true,"max_hp_per_floor":[70,70,70,70,70,70,70,70,70,70,70,70,70,70,70,70,70,70,70,70,70,70,70,70,70,70,70,70,70,77,77,77,77,77,77,77,77,77,77,77,77,77,77,77,77,77,77,77,77,77],"card_choices":[{"not_picked":["Deadly Poison","Masterful Stab"],"picked":"Dagger Throw","floor":1},{"not_picked":["Concentrate","Sucker Punch"],"picked":"Dagger Spray","floor":3},{"not_picked":["Deadly Poison","Flying Knee","Quick Slash"],"picked":"SKIP","floor":4},{"not_picked":["Blade Dance","Heel Hook"],"picked":"Flying Knee","floor":6},{"not_picked":["Flying Knee","Heel Hook","Concentrate"],"picked":"SKIP","floor":8},{"not_picked":["Well Laid Plans","Dodge and Roll"],"picked":"Footwork","floor":10},{"not_picked":["Flying Knee","Acrobatics"],"picked":"Slice","floor":14},{"not_picked":["Wraith Form v2","Phantasmal Killer"],"picked":"Adrenaline","floor":16},{"not_picked":["Underhanded Strike","Bouncing Flask","Leg Sweep"],"picked":"SKIP","floor":18},{"not_picked":["Deflect","Tactician","Acrobatics"],"picked":"SKIP","floor":20},{"not_picked":["Deadly Poison","Flying Knee"],"picked":"All Out Attack","floor":21},{"not_picked":["Poisoned Stab+1","Deflect+1","Dodge and Roll"],"picked":"SKIP","floor":22},{"not_picked":["Skewer","Calculated Gamble"],"picked":"Backstab+1","floor":24},{"not_picked":["Backstab","Night Terror+1"],"picked":"Escape Plan+1","floor":30},{"not_picked":["Deadly Poison+1","All Out Attack","Tactician+1"],"picked":"SKIP","floor":31},{"not_picked":["Wraith Form v2","Venomology+1"],"picked":"Corpse Explosion+1","floor":33},{"not_picked":["Footwork","Bane"],"picked":"Prepared+1","floor":35},{"not_picked":["Quick Slash","Eviscerate+1"],"picked":"Dash","floor":37},{"not_picked":["Master of Strategy+1","Dark Shackles+1"],"picked":"Secret Weapon+1","floor":39},{"not_picked":["Dodge and Roll+1","Masterful Stab","Poisoned Stab+1"],"picked":"SKIP","floor":41},{"not_picked":["PiercingWail+1","Prepared+1","Crippling Poison+1"],"picked":"SKIP","floor":45},{"not_picked":["Deflect+1","Flechettes","Bouncing Flask+1"],"picked":"SKIP","floor":47}],"player_experience":367146,"relics_obtained":[{"floor":6,"key":"Juzu Bracelet"},{"floor":8,"key":"Snake Skull"},{"floor":9,"key":"Kunai"},{"floor":26,"key":"Toxic Egg 2"},{"floor":30,"key":"Strawberry"},{"floor":37,"key":"Thread and Needle"},{"floor":41,"key":"Mummified Hand"},{"floor":43,"key":"Bag of Preparation"}],"event_choices":[{"damage_healed":0,"gold_gain":0,"player_choice":"Box","damage_taken":0,"relics_obtained":["Girya"],"max_hp_gain":0,"max_hp_loss":0,"event_name":"Big Fish","floor":5,"gold_loss":0,"cards_obtained":["Regret"]},{"damage_healed":0,"gold_gain":0,"player_choice":"Bought 1 Potion","damage_taken":0,"max_hp_gain":0,"max_hp_loss":0,"event_name":"The Woman in Blue","floor":11,"gold_loss":0},{"cards_removed":["Strike_G"],"damage_healed":0,"gold_gain":0,"player_choice":"Purged","damage_taken":0,"max_hp_gain":0,"max_hp_loss":0,"event_name":"Purifier","floor":13,"gold_loss":0},{"cards_removed":["Regret"],"damage_healed":0,"gold_gain":0,"player_choice":"Removed Curses","damage_taken":0,"max_hp_gain":0,"max_hp_loss":0,"event_name":"Fountain of Cleansing","floor":19,"gold_loss":0},{"damage_healed":0,"gold_gain":100,"player_choice":"Pray","damage_taken":0,"max_hp_gain":0,"max_hp_loss":0,"event_name":"Golden Shrine","floor":36,"gold_loss":0},{"damage_healed":0,"gold_gain":0,"player_choice":"Fight","damage_taken":0,"max_hp_gain":0,"max_hp_loss":0,"event_name":"MindBloom","floor":37,"gold_loss":0},{"damage_healed":0,"gold_gain":0,"player_choice":"Memory 1","damage_taken":0,"max_hp_gain":0,"max_hp_loss":0,"event_name":"SensoryStone","floor":39,"gold_loss":0},{"damage_healed":0,"gold_gain":0,"player_choice":"Ignored","damage_taken":0,"max_hp_gain":0,"max_hp_loss":0,"event_name":"NoteForYourself","floor":44,"gold_loss":0},{"cards_removed":["Footwork"],"damage_healed":0,"gold_gain":0,"player_choice":"Removed Power","damage_taken":0,"max_hp_gain":0,"max_hp_loss":0,"event_name":"Falling","floor":48,"gold_loss":0}],"is_beta":false,"boss_relics":[{"not_picked":["Philosopher\u0027s Stone","Ectoplasm"],"picked":"Empty Cage"},{"not_picked":["White Beast Statue","HoveringKite"],"picked":"Eternal Feather"}],"items_purged_floors":[2,25,38,46],"is_endless":false,"potions_floor_spawned":[4,6,14,16,22,33,35,45],"ascension_level":0}