{"gold_per_floor":[118,128,128,140,65,65,99,99,99,131,206,222,222,238,238,238],"floor_reached":16,"playtime":662,"items_purged":["Strike_R"],"score":198,"play_id":"be02bc71-cd65-421f-9e8a-b5a509d5dd6c","local_time":"20190623220727","is_ascension_mode":true,"campfire_choices":[{"data":"Armaments","floor":6.0,"key":"SMITH"},{"floor":8,"key":"REST"},{"data":"Combust","floor":13,"key":"SMITH"},{"data":"True Grit","floor":15,"key":"SMITH"}],"neow_cost":"NONE","seed_source_timestamp":307650574141824,"circlet_count":0,"master_deck":["AscendersBane","Strike_R","Strike_R","Strike_R","Strike_R+1","Defend_R","Defend_R+1","Defend_R+1","Defend_R","Bash+1","True Grit+1","Combust+1","Armaments+1","Battle Trance+1","Cleave","Power Through+1"],"special_seed":0,"relics":["Burning Blood","Ornamental Fan","Toxic Egg 2","Whetstone"],"potions_floor_usage":[7,7,16,16],"damage_taken":[{"damage":12.0,"enemies":"Small Slimes","floor":1.0,"turns":4.0},{"damage":13.0,"enemies":"Cultist","floor":2.0,"turns":5.0},{"damage":2.0,"enemies":"Jaw Worm","floor":4.0,"turns":3.0},{"damage":23,"enemies":"Lagavulin","floor":7,"turns":7},{"damage":13,"enemies":"3 Sentries","floor":10,"turns":6},{"damage":4,"enemies":"Looter","floor":12,"turns":4},{"damage":2,"enemies":"Exordium Wildlife","floor":14,"turns":3},{"damage":36,"enemies":"Slime Boss","floor":16,"turns":10}],"seed_played":"8957120154317851448","potions_obtained":[{"floor":1.0,"key":"EntropicBrew"},{"floor":10,"key":"SkillPotion"},{"floor":12,"key":"Fire Potion"}],"is_trial":false,"path_per_floor":["M","M","?","M","$","R","E","R","T","E","?","M","R","M","R","B"],"character_chosen":"IRONCLAD","items_purchased":[],"campfire_rested":1,"item_purchase_floors":[],"current_hp_per_floor":[69,62,37,41,41,41,24,48,48,41,30,32,32,36,36,0],"gold":238,"neow_bonus":"TEN_PERCENT_HP_BONUS","is_prod":false,"is_daily":false,"chose_seed":false,"campfire_upgraded":3,"win_rate":0,"timestamp":1561342047,"path_taken":["M","M","?","M","$","R","E","R","T","E","?","M","R","M","R","BOSS"],"build_version":"2019-01-23","purchased_purges":1,"victory":false,"max_hp_per_floor":[82,82,82,82,82,82,82,82,82,82,82,82,82,82,82,82],"card_choices":[{"not_picked":["Corruption","Body Slam"],"picked":"True Grit","floor":1.0},{"not_picked":["Entrench","Body Slam"],"picked":"Combust","floor":2.0},{"not_picked":["Clothesline","Cleave"],"picked":"Armaments","floor":4.0},{"not_picked":["Fire Breathing","Perfected Strike","Warcry"],"picked":"SKIP","floor":7},{"not_picked":["Flex+1","Immolate"],"picked":"Battle Trance+1","floor":10},{"not_picked":["Armaments+1","Sentinel+1"],"picked":"Cleave","floor":12},{"not_picked":["Clothesline","Twin Strike"],"picked":"Power Through+1","floor":14}],"player_experience":1049418,"relics_obtained":[{"floor":7,"key":"Ornamental Fan"},{"floor":9,"key":"Toxic Egg 2"},{"floor":10,"key":"Whetstone"}],"event_choices":[{"damage_healed":0.0,"max_hp_gain":0.0,"max_hp_loss":0.0,"gold_gain":0.0,"event_name":"Shining Light","player_choice":"Entered Light","floor":3.0,"gold_loss":0.0,"damage_taken":25.0,"cards_upgraded":["Defend_R","Defend_R"]},{"damage_healed":0,"gold_gain":75,"player_choice":"Gather Gold","damage_taken":11,"max_hp_gain":0,"max_hp_loss":0,"event_name":"World of Goop","floor":11,"gold_loss":0}],"is_beta":false,"boss_relics":[],"items_purged_floors":[5],"is_endless":false,"potions_floor_spawned":[1,10,12],"killed_by":"Slime Boss","ascension_level":16}