{"gold_per_floor":[111,111,36,36,51,51,84,3,81,111,111,128,128,161,161,235,235,250,250,11,28,28,28],"floor_reached":23,"playtime":849,"items_purged":["Shame"],"score":390,"play_id":"dff373c7-759f-4d41-b490-a9d7adb215e3","local_time":"20190604195221","is_ascension_mode":true,"campfire_choices":[{"data":"Zap","floor":6.0,"key":"SMITH"},{"floor":11.0,"key":"REST"},{"floor":13.0,"key":"REST"},{"data":"Dualcast","floor":15.0,"key":"SMITH"}],"neow_cost":"CURSE","seed_source_timestamp":336675748150035,"circlet_count":0,"master_deck":["AscendersBane","Strike_B+1","Defend_B","Defend_B","Defend_B","Defend_B","Zap+1","Dualcast+1","All For One","Ball Lightning","Leap","Go for the Eyes+1","White Noise","Conserve Battery","Hologram","Loop+1","Echo Form+1","Defragment+1","Static Discharge+1"],"special_seed":0,"relics":["Cracked Core","Orichalcum","Frozen Egg 2","Bottled Flame","Bag of Preparation","Ginger","Empty Cage","Nunchaku","Whetstone"],"potions_floor_usage":[23],"damage_taken":[{"damage":14.0,"enemies":"Jaw Worm","floor":1.0,"turns":2.0},{"damage":0.0,"enemies":"Small Slimes","floor":5.0,"turns":2.0},{"damage":26.0,"enemies":"3 Sentries","floor":7.0,"turns":6.0},{"damage":9.0,"enemies":"Lagavulin","floor":10.0,"turns":5.0},{"damage":0.0,"enemies":"2 Louse","floor":12.0,"turns":2.0},{"damage":4.0,"enemies":"3 Sentries","floor":14.0,"turns":2.0},{"damage":25.0,"enemies":"Hexaghost","floor":16.0,"turns":9.0},{"damage":20.0,"enemies":"Chosen","floor":18.0,"turns":7.0},{"damage":27.0,"enemies":"2 Thieves","floor":21.0,"turns":3.0},{"damage":16,"enemies":"Book of Stabbing","floor":23,"turns":3}],"seed_played":"7951348314538651606","potions_obtained":[{"floor":1.0,"key":"SpeedPotion"},{"floor":7.0,"key":"Block Potion"}],"is_trial":false,"path_per_floor":["M","?","?","?","M","R","E","$","T","E","R","M","R","E","R","B",null,"M","?","$","M","$","E"],"character_chosen":"DEFECT","items_purchased":["White Noise","Whetstone"],"campfire_rested":2,"item_purchase_floors":[8,20],"current_hp_per_floor":[50,50,50,45,45,45,19,19,19,10,31,31,52,48,48,23,59,39,39,39,12,12,0],"gold":28,"neow_bonus":"THREE_RARE_CARDS","is_prod":false,"is_daily":false,"chose_seed":false,"campfire_upgraded":2,"win_rate":0,"timestamp":1559670741,"path_taken":["M","?","?","?","M","R","E","$","T","E","R","M","R","E","R","BOSS","M","?","$","M","$","E"],"build_version":"2019-01-23","purchased_purges":1,"victory":false,"max_hp_per_floor":[71,71,71,71,71,71,71,71,71,71,71,71,71,71,71,71,71,71,71,71,71,71,71],"card_choices":[{"not_picked":["Multi-Cast","Machine Learning"],"picked":"All For One","floor":0.0},{"not_picked":["Consume","Barrage"],"picked":"Ball Lightning","floor":1.0},{"not_picked":["Fusion","Barrage"],"picked":"Leap","floor":5.0},{"not_picked":["Double Energy","Leap"],"picked":"Go for the Eyes","floor":7.0},{"not_picked":["Consume","Chill"],"picked":"Conserve Battery","floor":10.0},{"not_picked":["Go for the Eyes","Ball Lightning"],"picked":"Hologram","floor":12.0},{"not_picked":["Rebound","Cold Snap"],"picked":"Loop+1","floor":14.0},{"not_picked":["Rainbow","Reboot"],"picked":"Echo Form+1","floor":16.0},{"not_picked":["Coolheaded","Sweeping Beam"],"picked":"Defragment+1","floor":18.0},{"not_picked":["Redo+1","Gash+1"],"picked":"Static Discharge+1","floor":21.0}],"player_experience":453187,"relics_obtained":[{"floor":7.0,"key":"Frozen Egg 2"},{"floor":9.0,"key":"Bottled Flame"},{"floor":10.0,"key":"Bag of Preparation"},{"floor":14.0,"key":"Ginger"}],"event_choices":[{"cards_removed":["Decay"],"damage_healed":0.0,"max_hp_gain":0.0,"max_hp_loss":0.0,"gold_gain":0.0,"event_name":"Living Wall","player_choice":"Forget","floor":2.0,"gold_loss":0.0,"damage_taken":0.0},{"cards_removed":["Strike_B"],"damage_healed":0.0,"max_hp_gain":0.0,"max_hp_loss":0.0,"gold_gain":0.0,"event_name":"The Cleric","player_choice":"Card Removal","floor":3.0,"gold_loss":75.0,"damage_taken":0.0},{"damage_healed":0.0,"max_hp_gain":0.0,"max_hp_loss":0.0,"gold_gain":0.0,"event_name":"Scrap Ooze","player_choice":"Success","floor":4.0,"gold_loss":0.0,"damage_taken":5.0,"relics_obtained":["Orichalcum"]},{"damage_healed":0.0,"max_hp_gain":0.0,"max_hp_loss":0.0,"gold_gain":0.0,"event_name":"Addict","player_choice":"Stole Relic","floor":19.0,"gold_loss":0.0,"damage_taken":0.0,"relics_obtained":["Nunchaku"],"cards_obtained":["Shame"]}],"is_beta":false,"boss_relics":[{"not_picked":["Velvet Choker","Eternal Feather"],"picked":"Empty Cage"}],"items_purged_floors":[20],"is_endless":false,"potions_floor_spawned":[1,7],"killed_by":"Book of Stabbing","ascension_level":18}