{"gold_per_floor":[111,121,396,411,336,336,359,398,398,160,160,181,201,216,216,216],"floor_reached":16,"playtime":530,"items_purged":["Strike_B"],"score":187,"play_id":"237280d8-4fd0-41ce-afc9-83757e6c23e9","local_time":"20190602164400","is_ascension_mode":true,"campfire_choices":[{"data":"1","floor":11,"key":"LIFT"},{"data":"2","floor":15,"key":"LIFT"}],"neow_cost":"NONE","seed_source_timestamp":153017451117590,"circlet_count":0,"master_deck":["AscendersBane","Strike_B","Strike_B","Strike_B","Defend_B","Defend_B","Defend_B","Defend_B","Zap+1","Dualcast","Steam","Doom and Gloom","Steam","Compile Driver","Genetic Algorithm","Ball Lightning","Streamline"],"relics":["Cracked Core","Golden Idol","Girya","Darkstone Periapt","Blood Vial"],"potions_floor_usage":[16],"damage_taken":[{"damage":0,"enemies":"Small Slimes","floor":1,"turns":3},{"damage":1,"enemies":"Cultist","floor":2,"turns":3},{"damage":0,"enemies":"2 Louse","floor":4,"turns":2},{"damage":4,"enemies":"Large Slime","floor":7,"turns":6},{"damage":32,"enemies":"Gremlin Nob","floor":8,"turns":4},{"damage":4,"enemies":"Blue Slaver","floor":12,"turns":4},{"damage":18,"enemies":"Lots of Slimes","floor":13,"turns":4},{"damage":3,"enemies":"Red Slaver","floor":14,"turns":3},{"damage":12,"enemies":"Slime Boss","floor":16,"turns":4}],"seed_played":"2528685319909797436","potions_obtained":[{"floor":4,"key":"Fire Potion"},{"floor":12,"key":"PowerPotion"}],"is_trial":false,"path_per_floor":["M","M","?","M","?","?","M","E","T","$","R","M","M","M","R","B"],"character_chosen":"DEFECT","items_purchased":["Blood Vial"],"campfire_rested":0,"item_purchase_floors":[10],"current_hp_per_floor":[64,63,63,63,63,63,59,27,27,27,27,25,9,8,8,0],"gold":216,"neow_bonus":"UPGRADE_CARD","is_prod":false,"is_daily":false,"chose_seed":false,"campfire_upgraded":0,"win_rate":0,"timestamp":1559486640,"path_taken":["M","M","?","?","?","?","M","E","T","?","R","?","M","M","R","BOSS"],"build_version":"2019-01-23","purchased_purges":1,"victory":false,"max_hp_per_floor":[71,71,71,71,71,64,64,64,64,64,64,64,64,64,64,64],"card_choices":[{"not_picked":["Go for the Eyes","Blizzard"],"picked":"Steam","floor":1},{"not_picked":["Steam","Consume"],"picked":"Doom and Gloom","floor":2},{"not_picked":["Skim","Force Field"],"picked":"Steam","floor":4},{"not_picked":["Hologram","Turbo"],"picked":"Compile Driver","floor":7},{"not_picked":["White Noise","Darkness"],"picked":"Genetic Algorithm","floor":8},{"not_picked":["Undo","Leap"],"picked":"Ball Lightning","floor":12},{"not_picked":["Beam Cell","Darkness"],"picked":"Streamline","floor":13},{"not_picked":["Lockon","Heatsinks","Storm"],"picked":"SKIP","floor":14}],"player_experience":430143,"relics_obtained":[{"floor":8,"key":"Girya"},{"floor":9,"key":"Darkstone Periapt"}],"event_choices":[{"damage_healed":0,"gold_gain":275,"player_choice":"Desecrate","damage_taken":0,"max_hp_gain":0,"max_hp_loss":0,"event_name":"Golden Shrine","floor":3,"gold_loss":0,"cards_obtained":["Regret"]},{"cards_removed":["Regret"],"damage_healed":0,"gold_gain":0,"player_choice":"Card Removal","damage_taken":0,"max_hp_gain":0,"max_hp_loss":0,"event_name":"The Cleric","floor":5,"gold_loss":75},{"damage_healed":0,"gold_gain":0,"player_choice":"Lose Max HP","damage_taken":0,"relics_obtained":["Golden Idol"],"max_hp_gain":0,"max_hp_loss":7,"event_name":"Golden Idol","floor":6,"gold_loss":0}],"is_beta":false,"boss_relics":[],"items_purged_floors":[10],"is_endless":false,"potions_floor_spawned":[4,12,13,14],"killed_by":"Slime Boss","ascension_level":16}