{"gold_per_floor":[133,188,188,18,48,48,110,221,221,221,221,221,221,256,256,334,334,371,421,336,140,140,175,175,218,269,38,118,118,177,197,197,276,276,289,289,306,306,431,459,459,477,501,501,528,566,597,2,2,2],"floor_reached":51,"playtime":2307,"items_purged":["Regret"],"score":1451,"play_id":"f97a016e-95d5-490c-92b1-a998fad9e01c","local_time":"20191013162025","is_ascension_mode":true,"campfire_choices":[{"data":"HandOfGreed","floor":6.0,"key":"SMITH"},{"data":"Disarm","floor":13.0,"key":"SMITH"},{"data":"Bash","floor":15.0,"key":"SMITH"},{"floor":24,"key":"REST"},{"data":"Bludgeon","floor":32,"key":"SMITH"},{"data":"Whirlwind","floor":41,"key":"SMITH"},{"data":"Immolate","floor":49,"key":"SMITH"}],"neow_cost":"TEN_PERCENT_HP_LOSS","seed_source_timestamp":344512853204800,"circlet_count":0,"master_deck":["AscendersBane","Strike_R","Strike_R","Strike_R","Strike_R","Strike_R","Defend_R+1","Defend_R","Defend_R+1","Defend_R","Bash+1","HandOfGreed+1","Shrug It Off","Disarm+1","Immolate+1","Shrug It Off","Shrug It Off","Bludgeon+1","Shrug It Off+1","Whirlwind+1","Offering+1","Double Tap+1","True Grit+1","Uppercut","Whirlwind+1","Headbutt+1","Dual Wield+1","Flame Barrier+1","Feel No Pain"],"special_seed":0,"relics":["Burning Blood","Pantograph","Toxic Egg 2","Juzu Bracelet","Self Forming Clay","White Beast Statue","Snecko Eye","Ice Cream","Enchiridion","Shuriken","Orichalcum","Bag of Marbles","MealTicket","Peace Pipe","Mark of Pain","Magic Flower","Centennial Puzzle","PreservedInsect","Blood Vial","Torii","HornCleat","InkBottle"],"potions_floor_usage":[23,23,28,31,33,33,50,50],"damage_taken":[{"damage":12.0,"enemies":"Jaw Worm","floor":1.0,"turns":2.0},{"damage":7.0,"enemies":"2 Louse","floor":2.0,"turns":4.0},{"damage":4.0,"enemies":"Cultist","floor":5.0,"turns":5.0},{"damage":1.0,"enemies":"2 Fungi Beasts","floor":7.0,"turns":4.0},{"damage":26.0,"enemies":"3 Sentries","floor":8.0,"turns":7.0},{"damage":0.0,"enemies":"Gremlin Nob","floor":11.0,"turns":1.0},{"damage":19.0,"enemies":"Lagavulin","floor":14.0,"turns":8.0},{"damage":39.0,"enemies":"The Guardian","floor":16.0,"turns":15.0},{"damage":6.0,"enemies":"Shell Parasite","floor":18.0,"turns":4.0},{"damage":4,"enemies":"Book of Stabbing","floor":23,"turns":3},{"damage":14,"enemies":"2 Thieves","floor":25,"turns":3},{"damage":6,"enemies":"Slavers","floor":28,"turns":5},{"damage":19,"enemies":"Book of Stabbing","floor":30,"turns":6},{"damage":4,"enemies":"Snecko","floor":31,"turns":4},{"damage":81,"enemies":"Automaton","floor":33,"turns":10},{"damage":1,"enemies":"3 Shapes","floor":35,"turns":1},{"damage":1,"enemies":"3 Darklings","floor":37,"turns":3},{"damage":15,"enemies":"Mind Bloom Boss Battle","floor":39,"turns":6},{"damage":25,"enemies":"Nemesis","floor":40,"turns":7},{"damage":0,"enemies":"Jaw Worm Horde","floor":42,"turns":2},{"damage":30,"enemies":"Reptomancer","floor":45,"turns":3},{"damage":0,"enemies":"4 Shapes","floor":46,"turns":11},{"damage":16,"enemies":"Nemesis","floor":47,"turns":3},{"damage":52,"enemies":"Donu and Deca","floor":50,"turns":5}],"seed_played":"-8182120775479508908","potions_obtained":[{"floor":1.0,"key":"SmokeBomb"},{"floor":5.0,"key":"Ancient Potion"},{"floor":14.0,"key":"SteroidPotion"},{"floor":16.0,"key":"AttackPotion"},{"floor":18.0,"key":"Ancient Potion"},{"floor":23,"key":"Regen Potion"},{"floor":25,"key":"Energy Potion"},{"floor":28,"key":"Swift Potion"},{"floor":31,"key":"Regen Potion"},{"floor":33,"key":"Swift Potion"},{"floor":35,"key":"Fire Potion"},{"floor":42,"key":"BloodPotion"},{"floor":45,"key":"Strength Potion"}],"is_trial":false,"path_per_floor":["M","M","?","$","M","R","M","?","T","?","E","?","R","E","R","B",null,"M","?","?","$","?","E","R","M","T","$","E","?","E","M","R","B",null,"M","?","M","?","?","E","R","M","T","?","E","M","E","$","R","B",null],"character_chosen":"IRONCLAD","items_purchased":["Immolate","Fruit Juice","Shrug It Off+1","Whirlwind","Offering+1","Bag of Marbles","Flame Barrier+1","HornCleat","InkBottle","Feel No Pain"],"campfire_rested":1,"item_purchase_floors":[4,4,21,21,27,27,48,48,48,48],"current_hp_per_floor":[62,61,41,46,48,48,53,33,33,22,28,28,28,15,15,7,57,57,50,50,50,29,31,52,44,44,44,44,44,31,33,33,12,58,63,63,68,68,60,44,44,53,53,53,32,44,40,55,55,46],"gold":2,"neow_bonus":"RANDOM_COLORLESS_2","is_prod":false,"is_daily":false,"chose_seed":false,"campfire_upgraded":6,"win_rate":0,"timestamp":1570976425,"path_taken":["M","M","?","$","M","R","M","?","T","?","E","?","R","E","R","BOSS","M","?","?","$","?","E","R","M","T","$","E","?","E","M","R","BOSS","M","?","M","?","?","E","R","M","T","?","E","M","E","$","R","BOSS"],"build_version":"2019-10-11","purchased_purges":1,"victory":true,"max_hp_per_floor":[68,68,68,73,73,73,73,73,73,73,73,73,73,73,73,73,73,73,73,73,73,73,73,73,73,73,73,73,73,73,73,73,73,73,73,69,69,69,69,69,69,69,69,69,69,69,69,69,69,69],"card_choices":[{"not_picked":["Magnetism","Thinking Ahead"],"picked":"HandOfGreed","floor":0.0},{"not_picked":["Blood for Blood","True Grit"],"picked":"Shrug It Off","floor":1.0},{"not_picked":["Corruption","Wild Strike"],"picked":"Disarm","floor":2.0},{"not_picked":["Anger","Bloodletting"],"picked":"Shrug It Off","floor":5.0},{"not_picked":["Iron Wave","Power Through"],"picked":"Shrug It Off","floor":7.0},{"not_picked":["Blood for Blood","Warcry+1","Clothesline"],"picked":"SKIP","floor":14.0},{"not_picked":["Fiend Fire","Reaper"],"picked":"Bludgeon","floor":16.0},{"not_picked":["Sword Boomerang","Flex+1","Pommel Strike"],"picked":"SKIP","floor":18.0},{"not_picked":["Twin Strike","Clothesline","Heavy Blade"],"picked":"SKIP","floor":23},{"not_picked":["Armaments+1","Body Slam","Anger"],"picked":"SKIP","floor":25},{"not_picked":["Ghostly Armor+1","Clash","Dark Embrace"],"picked":"SKIP","floor":28},{"not_picked":["Bloodletting+1","Anger","Inflame"],"picked":"SKIP","floor":30},{"not_picked":["Metallicize","Thunderclap","Twin Strike"],"picked":"SKIP","floor":31},{"not_picked":["Limit Break+1","Brutality"],"picked":"Double Tap+1","floor":33},{"not_picked":["Warcry+1","Iron Wave","Thunderclap+1"],"picked":"SKIP","floor":35},{"not_picked":["Intimidate+1","Second Wind+1","Clash"],"picked":"SKIP","floor":37},{"not_picked":["Sword Boomerang","Shrug It Off+1"],"picked":"True Grit+1","floor":39},{"not_picked":["Sentinel+1","Armaments+1","Whirlwind"],"picked":"SKIP","floor":40},{"not_picked":["Sword Boomerang","Uppercut","Metallicize"],"picked":"SKIP","floor":42},{"not_picked":["Sword Boomerang","Metallicize"],"picked":"Uppercut","floor":42},{"not_picked":["Thunderclap","Offering+1","Hemokinesis+1"],"picked":"SKIP","floor":45},{"not_picked":["Dual Wield+1","Heavy Blade+1"],"picked":"Headbutt+1","floor":46},{"not_picked":["Power Through+1","Headbutt"],"picked":"Dual Wield+1","floor":47}],"player_experience":1020736,"relics_obtained":[{"floor":8.0,"key":"Pantograph"},{"floor":9.0,"key":"Toxic Egg 2"},{"floor":14.0,"key":"White Beast Statue"},{"floor":22,"key":"Enchiridion"},{"floor":23,"key":"Shuriken"},{"floor":26,"key":"Orichalcum"},{"floor":28,"key":"MealTicket"},{"floor":30,"key":"Peace Pipe"},{"floor":39,"key":"Magic Flower"},{"floor":40,"key":"Centennial Puzzle"},{"floor":43,"key":"PreservedInsect"},{"floor":45,"key":"Blood Vial"},{"floor":47,"key":"Torii"}],"event_choices":[{"damage_healed":0.0,"max_hp_gain":0.0,"max_hp_loss":0.0,"gold_gain":0.0,"event_name":"Shining Light","player_choice":"Entered Light","floor":3.0,"gold_loss":0.0,"damage_taken":20.0,"cards_upgraded":["Defend_R","Defend_R"]},{"damage_healed":0.0,"max_hp_gain":0.0,"max_hp_loss":0.0,"gold_gain":30.0,"event_name":"Dead Adventurer","player_choice":"Searched \u00273\u0027 times","floor":8.0,"gold_loss":0.0,"damage_taken":0.0},{"damage_healed":0.0,"max_hp_gain":0.0,"max_hp_loss":0.0,"gold_gain":0.0,"event_name":"Scrap Ooze","player_choice":"Success","floor":10.0,"gold_loss":0.0,"damage_taken":11.0,"relics_obtained":["Juzu Bracelet"]},{"damage_healed":0.0,"max_hp_gain":0.0,"max_hp_loss":0.0,"gold_gain":0.0,"event_name":"Big Fish","player_choice":"Box","floor":12.0,"gold_loss":0.0,"damage_taken":0.0,"relics_obtained":["Self Forming Clay"],"cards_obtained":["Regret"]},{"damage_healed":0,"gold_gain":50,"player_choice":"Touch","damage_taken":7,"max_hp_gain":0,"max_hp_loss":0,"event_name":"FaceTrader","floor":19,"gold_loss":0},{"damage_healed":0,"gold_gain":0,"player_choice":"Obtained Relic","damage_taken":0,"relics_obtained":["Ice Cream"],"max_hp_gain":0,"max_hp_loss":0,"event_name":"Addict","floor":20,"gold_loss":85},{"damage_healed":0,"gold_gain":0,"player_choice":"Obtained Book","damage_taken":21,"max_hp_gain":0,"max_hp_loss":0,"event_name":"Cursed Tome","floor":22,"gold_loss":0},{"damage_healed":0,"gold_gain":0,"player_choice":"Ignored","damage_taken":0,"max_hp_gain":0,"max_hp_loss":0,"event_name":"Vampires","floor":29,"gold_loss":0},{"damage_healed":0,"gold_gain":0,"player_choice":"Max HP","damage_taken":0,"max_hp_gain":0,"max_hp_loss":4,"event_name":"Winding Halls","floor":36,"gold_loss":0},{"damage_healed":0,"gold_gain":0,"player_choice":"Ignored","damage_taken":0,"max_hp_gain":0,"max_hp_loss":0,"event_name":"Tomb of Lord Red Mask","floor":38,"gold_loss":0},{"damage_healed":0,"gold_gain":0,"player_choice":"Fight","damage_taken":0,"max_hp_gain":0,"max_hp_loss":0,"event_name":"MindBloom","floor":39,"gold_loss":0},{"damage_healed":0,"gold_gain":0,"player_choice":"Copied","damage_taken":0,"max_hp_gain":0,"max_hp_loss":0,"event_name":"Duplicator","floor":44,"gold_loss":0,"cards_obtained":["Whirlwind"]}],"is_beta":true,"boss_relics":[{"not_picked":["Ectoplasm","Philosopher\u0027s Stone"],"picked":"Snecko Eye"},{"not_picked":["Empty Cage","Astrolabe"],"picked":"Mark of Pain"}],"items_purged_floors":[21],"is_endless":false,"potions_floor_spawned":[1,5,11,14,16,18,23,25,28,30,31,33,35,37,39,40,42,45,46,47],"ascension_level":15}