{"gold_per_floor":[212,231,250,262,276,276,305,580,637,283,16,46,46,66,66,141,141,156,176,249,299,315,341,341,341,341,341,370,370,386,400,400,400],"floor_reached":33,"playtime":2059,"items_purged":["Regret"],"score":563,"play_id":"94e26bed-1a2e-470b-889e-5c62f56ad18d","local_time":"20190704163128","is_ascension_mode":true,"campfire_choices":[{"data":"Zap","floor":6.0,"key":"SMITH"},{"data":"Coolheaded","floor":13,"key":"SMITH"},{"data":"Sweeping Beam","floor":15,"key":"SMITH"},{"data":"Melter","floor":25,"key":"SMITH"},{"data":"Compile Driver","floor":27,"key":"SMITH"},{"data":"Echo Form","floor":29,"key":"SMITH"},{"floor":32,"key":"REST"}],"neow_cost":"NONE","seed_source_timestamp":352540616310736,"circlet_count":0,"master_deck":["AscendersBane","Strike_B","Strike_B","Strike_B","Strike_B","Defend_B","Defend_B","Defend_B","Defend_B","Zap+1","Dualcast","Melter+1","Sweeping Beam+1","BootSequence","Cold Snap","Coolheaded+1","Leap","Steam+1","Turbo+1","Steam+1","Rainbow+1","Steam+1","Compile Driver+1","Leap+1","Writhe","Echo Form+1","Coolheaded+1","Loop"],"special_seed":0,"relics":["Cracked Core","Calipers","Tiny Chest","Toxic Egg 2","Lee\u0027s Waffle","Bronze Scales","Cursed Key","Letter Opener","Oddly Smooth Stone","Spirit Poop","Ornamental Fan","Kunai"],"potions_floor_usage":[18,23,28,31],"damage_taken":[{"damage":0.0,"enemies":"2 Louse","floor":1.0,"turns":3.0},{"damage":0.0,"enemies":"Cultist","floor":2.0,"turns":3.0},{"damage":15.0,"enemies":"Small Slimes","floor":3.0,"turns":4.0},{"damage":0.0,"enemies":"2 Fungi Beasts","floor":4.0,"turns":2.0},{"damage":0.0,"enemies":"Red Slaver","floor":5.0,"turns":3.0},{"damage":50.0,"enemies":"Gremlin Nob","floor":7.0,"turns":6.0},{"damage":26,"enemies":"Lagavulin","floor":12,"turns":6},{"damage":0,"enemies":"Blue Slaver","floor":14,"turns":3},{"damage":40,"enemies":"Hexaghost","floor":16,"turns":12},{"damage":0,"enemies":"3 Byrds","floor":18,"turns":2},{"damage":6,"enemies":"Shell Parasite","floor":19,"turns":5},{"damage":7,"enemies":"Centurion and Healer","floor":22,"turns":7},{"damage":7,"enemies":"Slavers","floor":23,"turns":4},{"damage":17,"enemies":"Book of Stabbing","floor":28,"turns":5},{"damage":1,"enemies":"Snecko","floor":30,"turns":5},{"damage":23,"enemies":"Shelled Parasite and Fungi","floor":31,"turns":6},{"damage":32,"enemies":"Champ","floor":33,"turns":13}],"seed_played":"4283789704551496153","potions_obtained":[{"floor":3.0,"key":"Fruit Juice"},{"floor":4.0,"key":"Explosive Potion"},{"floor":5.0,"key":"EssenceOfSteel"},{"floor":16,"key":"Energy Potion"},{"floor":19,"key":"Fire Potion"},{"floor":23,"key":"Weak Potion"}],"is_trial":false,"path_per_floor":["M","M","M","M","M","R","E","?","T","$","$","E","R","M","R","B",null,"M","M","T","?","M","E","?","R","T","R","E","R","M","M","R","B"],"character_chosen":"DEFECT","items_purchased":["Toxic Egg 2","Lee\u0027s Waffle","Steam+1"],"campfire_rested":1,"item_purchase_floors":[10,11,11],"current_hp_per_floor":[64,64,49,49,54,54,4,4,4,4,83,57,57,57,57,17,67,67,61,61,61,54,47,47,47,47,47,30,30,29,6,30,0],"gold":400,"neow_bonus":"HUNDRED_GOLD","is_prod":false,"is_daily":false,"chose_seed":false,"campfire_upgraded":6,"win_rate":0,"timestamp":1562272288,"path_taken":["M","M","M","M","M","R","E","?","T","?","$","E","R","M","R","BOSS","M","?","?","?","M","E","?","R","T","R","E","R","?","M","R","BOSS"],"build_version":"2019-07-01","purchased_purges":1,"victory":false,"max_hp_per_floor":[71,71,71,71,76,76,76,76,76,76,83,83,83,83,83,83,83,83,83,83,83,83,83,83,83,83,83,83,83,83,83,83,83],"card_choices":[{"not_picked":["Sweeping Beam","Sunder"],"picked":"Melter","floor":1.0},{"not_picked":["Redo","Steam"],"picked":"Sweeping Beam","floor":2.0},{"not_picked":["Sweeping Beam","Barrage"],"picked":"BootSequence","floor":3.0},{"not_picked":["Darkness","Lockon"],"picked":"Cold Snap","floor":4.0},{"not_picked":["Streamline","Thunder Strike"],"picked":"Coolheaded","floor":5.0},{"not_picked":["Loop","Undo"],"picked":"Leap","floor":7.0},{"not_picked":["Sunder","Barrage"],"picked":"Turbo+1","floor":12},{"not_picked":["Leap+1","Blizzard"],"picked":"Steam+1","floor":14},{"not_picked":["Echo Form","Creative AI"],"picked":"Rainbow+1","floor":16},{"not_picked":["Aggregate+1","Streamline+1"],"picked":"Steam+1","floor":18},{"not_picked":["Gash","Redo+1"],"picked":"Compile Driver","floor":19},{"not_picked":["Go for the Eyes+1","Stack+1"],"picked":"Leap+1","floor":22},{"not_picked":["Recycle+1","Scrape+1","Cold Snap"],"picked":"SKIP","floor":23},{"not_picked":["Chaos+1","Force Field+1"],"picked":"Echo Form","floor":28},{"not_picked":["Self Repair","Stack+1"],"picked":"Coolheaded+1","floor":30},{"not_picked":["Beam Cell","BootSequence+1"],"picked":"Loop","floor":31}],"player_experience":1098752,"relics_obtained":[{"floor":7.0,"key":"Calipers"},{"floor":9,"key":"Tiny Chest"},{"floor":12,"key":"Bronze Scales"},{"floor":20,"key":"Letter Opener"},{"floor":23,"key":"Oddly Smooth Stone"},{"floor":26,"key":"Ornamental Fan"},{"floor":28,"key":"Kunai"}],"event_choices":[{"damage_healed":0,"gold_gain":275,"player_choice":"Desecrate","damage_taken":0,"max_hp_gain":0,"max_hp_loss":0,"event_name":"Golden Shrine","floor":8,"gold_loss":0,"cards_obtained":["Regret"]},{"damage_healed":0,"gold_gain":50,"player_choice":"Stole From Cult","damage_taken":0,"max_hp_gain":0,"max_hp_loss":0,"event_name":"Nest","floor":21,"gold_loss":0},{"cards_removed":["Shame"],"damage_healed":0,"gold_gain":0,"player_choice":"Offered Curse","damage_taken":0,"relics_obtained":["Spirit Poop"],"max_hp_gain":0,"max_hp_loss":0,"event_name":"Bonfire Elementals","floor":24,"gold_loss":0}],"is_beta":false,"boss_relics":[{"not_picked":["Nuclear Battery","Snecko Eye"],"picked":"Cursed Key"}],"items_purged_floors":[10],"is_endless":false,"potions_floor_spawned":[3,4,5,16,19,23],"killed_by":"Champ","ascension_level":18}