{"gold_per_floor":[119,130,144,40,40,40,67,79,79,79,79,107,107,140,140,234,234,250,208,224,244,294,294],"floor_reached":23,"playtime":1303,"items_purged":["Strike_G"],"score":422,"play_id":"730fc8f7-000c-4e94-9042-e05751a99c1c","local_time":"20190612200514","is_ascension_mode":true,"campfire_choices":[{"data":"Poisoned Stab","floor":6.0,"key":"SMITH"},{"floor":10.0,"key":"REST"},{"floor":15.0,"key":"REST"}],"neow_cost":"NONE","seed_source_timestamp":13900402180449,"circlet_count":0,"master_deck":["AscendersBane","Defend_G","Defend_G","Defend_G","Defend_G","Defend_G","Strike_G","Survivor","Neutralize","Escape Plan","Deflect","Deadly Poison","Poisoned Stab+1","Noxious Fumes","Bane","PiercingWail","Blur","Malaise","Acrobatics+1","Malaise+1","Adrenaline+1","Dash+1","Leg Sweep","PiercingWail+1","Dash"],"special_seed":0,"relics":["Ring of the Snake","Regal Pillow","Pantograph","Orichalcum","Dream Catcher","Golden Idol","Bottled Flame","Astrolabe"],"potions_floor_usage":[20,20,23],"damage_taken":[{"damage":0.0,"enemies":"Cultist","floor":1.0,"turns":4.0},{"damage":4.0,"enemies":"Small Slimes","floor":2.0,"turns":6.0},{"damage":0.0,"enemies":"2 Louse","floor":3.0,"turns":2.0},{"damage":31.0,"enemies":"3 Sentries","floor":7.0,"turns":11.0},{"damage":0.0,"enemies":"Blue Slaver","floor":8.0,"turns":4.0},{"damage":3.0,"enemies":"Gremlin Nob","floor":12.0,"turns":4.0},{"damage":16.0,"enemies":"Lagavulin","floor":14.0,"turns":5.0},{"damage":63.0,"enemies":"Hexaghost","floor":16.0,"turns":10.0},{"damage":12.0,"enemies":"Shell Parasite","floor":18.0,"turns":7.0},{"damage":4.0,"enemies":"2 Thieves","floor":19.0,"turns":5.0},{"damage":13,"enemies":"3 Cultists","floor":20,"turns":7},{"damage":15,"enemies":"Cultist and Chosen","floor":21,"turns":10},{"damage":13,"enemies":"Slavers","floor":23,"turns":3}],"seed_played":"8832177216580616576","potions_obtained":[{"floor":2.0,"key":"SkillPotion"},{"floor":3.0,"key":"SpeedPotion"},{"floor":8.0,"key":"Fire Potion"},{"floor":14.0,"key":"Strength Potion"},{"floor":18.0,"key":"Block Potion"},{"floor":21,"key":"EssenceOfSteel"}],"is_trial":false,"path_per_floor":["M","M","M","$","?","R","E","M","T","R","$","E","?","E","R","B",null,"M","M","M","M","?","E"],"character_chosen":"THE_SILENT","items_purchased":["Poisoned Stab"],"campfire_rested":2,"item_purchase_floors":[4],"current_hp_per_floor":[65,61,61,61,43,43,12,12,12,48,48,45,20,4,40,2,55,43,39,26,11,11,0],"gold":294,"neow_bonus":"TEN_PERCENT_HP_BONUS","is_prod":false,"is_daily":false,"chose_seed":false,"campfire_upgraded":1,"win_rate":0,"timestamp":1560362714,"path_taken":["M","?","M","$","?","R","E","M","T","R","$","E","?","E","R","BOSS","M","M","M","M","?","E"],"build_version":"2019-01-23","purchased_purges":1,"victory":false,"max_hp_per_floor":[72,72,72,72,72,72,72,72,72,72,72,72,72,72,72,72,72,72,72,72,72,72,72],"card_choices":[{"not_picked":["Dodge and Roll","Catalyst"],"picked":"Escape Plan","floor":1.0},{"not_picked":["Flechettes","Underhanded Strike"],"picked":"Deflect","floor":2.0},{"not_picked":["Sucker Punch","Eviscerate"],"picked":"Deadly Poison","floor":3.0},{"not_picked":["Choke","Underhanded Strike"],"picked":"Noxious Fumes","floor":7.0},{"not_picked":["Reflex","Accuracy"],"picked":"Bane","floor":8.0},{"not_picked":["Dagger Throw","Eviscerate","Skewer"],"picked":"SKIP","floor":12.0},{"not_picked":["Finisher","Deadly Poison"],"picked":"PiercingWail","floor":14.0},{"not_picked":["PiercingWail","Dodge and Roll"],"picked":"Blur","floor":15.0},{"not_picked":["Doppelganger","Tools of the Trade"],"picked":"Malaise","floor":16.0},{"not_picked":["Flechettes","Dodge and Roll"],"picked":"Dash+1","floor":18.0},{"not_picked":["Blade Dance","Backstab+1"],"picked":"Leg Sweep","floor":19.0},{"not_picked":["Slice","Skewer"],"picked":"PiercingWail+1","floor":20},{"not_picked":["Dodge and Roll","Infinite Blades"],"picked":"Dash","floor":21}],"player_experience":524791,"relics_obtained":[{"floor":7.0,"key":"Pantograph"},{"floor":9.0,"key":"Orichalcum"},{"floor":12.0,"key":"Dream Catcher"},{"floor":14.0,"key":"Bottled Flame"}],"event_choices":[{"damage_healed":0.0,"max_hp_gain":0.0,"max_hp_loss":0.0,"gold_gain":0.0,"event_name":"Scrap Ooze","player_choice":"Success","floor":5.0,"gold_loss":0.0,"damage_taken":18.0,"relics_obtained":["Regal Pillow"]},{"damage_healed":0.0,"max_hp_gain":0.0,"max_hp_loss":0.0,"gold_gain":0.0,"event_name":"Golden Idol","player_choice":"Take Damage","floor":13.0,"gold_loss":0.0,"damage_taken":25.0,"relics_obtained":["Golden Idol"]},{"damage_healed":0,"gold_gain":50,"player_choice":"Stole From Cult","damage_taken":0,"max_hp_gain":0,"max_hp_loss":0,"event_name":"Nest","floor":22,"gold_loss":0}],"is_beta":false,"boss_relics":[{"not_picked":["Black Star","Velvet Choker"],"picked":"Astrolabe"}],"items_purged_floors":[4],"is_endless":false,"potions_floor_spawned":[2,3,8,14,18,21],"killed_by":"Slavers","ascension_level":20}