{"gold_per_floor":[115,7,23,23,98,129,148,163,163,197,207,226,239,252,252,350,350,369,468,483,496,531,561,561,561],"floor_reached":25,"playtime":1458,"items_purged":[],"score":262,"play_id":"d199f648-9e6d-464c-a86a-fe69978ad91a","local_time":"20190305215214","is_ascension_mode":false,"campfire_choices":[{"data":"Rupture","floor":15,"key":"SMITH"},{"floor":24,"key":"REST"}],"neow_cost":"NONE","seed_source_timestamp":3722050138169822,"circlet_count":0,"master_deck":["Strike_R","Strike_R","Strike_R","Strike_R","Defend_R","Defend_R","Defend_R","Defend_R","Bash","Rampage","Hemokinesis","Infernal Blade","Rage","Disarm","Power Through","Shrug It Off","Spot Weakness","Infernal Blade","Rupture+1","Brutality","Rupture","Sword Boomerang+1"],"special_seed":0,"relics":["Burning Blood","Potion Belt","Self Forming Clay","Velvet Choker","Red Mask","Juzu Bracelet"],"potions_floor_usage":[20],"damage_taken":[{"damage":1.0,"enemies":"Jaw Worm","floor":1.0,"turns":5.0},{"damage":0.0,"enemies":"2 Louse","floor":3.0,"turns":3.0},{"damage":17.0,"enemies":"3 Sentries","floor":6.0,"turns":6.0},{"damage":4.0,"enemies":"Cultist","floor":7.0,"turns":3.0},{"damage":18.0,"enemies":"Exordium Thugs","floor":8.0,"turns":5.0},{"damage":3.0,"enemies":"Gremlin Nob","floor":10.0,"turns":2.0},{"damage":2.0,"enemies":"2 Fungi Beasts","floor":11.0,"turns":4.0},{"damage":2,"enemies":"Looter","floor":12,"turns":3},{"damage":5,"enemies":"3 Louse","floor":13,"turns":4},{"damage":0,"enemies":"2 Fungi Beasts","floor":14,"turns":3},{"damage":68,"enemies":"Slime Boss","floor":16,"turns":13},{"damage":12,"enemies":"Spheric Guardian","floor":18,"turns":4},{"damage":12,"enemies":"Chosen","floor":20,"turns":5},{"damage":24,"enemies":"Snecko","floor":21,"turns":5},{"damage":43,"enemies":"Masked Bandits","floor":22,"turns":5},{"damage":15,"enemies":"Book of Stabbing","floor":23,"turns":3},{"damage":47,"enemies":"Slavers","floor":25,"turns":3}],"seed_played":"-6887053186560167427","potions_obtained":[{"floor":1.0,"key":"AttackPotion"},{"floor":3.0,"key":"Explosive Potion"},{"floor":8.0,"key":"EssenceOfSteel"},{"floor":11.0,"key":"Poison Potion"},{"floor":14,"key":"Block Potion"},{"floor":21,"key":"SteroidPotion"},{"floor":23,"key":"GamblersBrew"}],"is_trial":false,"path_per_floor":["M","$","M","?","?","E","M","M","T","E","M","M","M","M","R","B",null,"M","?","M","M","?","E","R","E"],"character_chosen":"IRONCLAD","items_purchased":["Hemokinesis","Infernal Blade"],"campfire_rested":1,"item_purchase_floors":[2,2],"current_hp_per_floor":[88,88,88,81,73,62,64,52,52,55,59,63,64,70,70,8,88,82,82,76,58,21,12,38,0],"gold":561,"neow_bonus":"TEN_PERCENT_HP_BONUS","is_prod":false,"is_daily":false,"chose_seed":false,"campfire_upgraded":1,"win_rate":0,"timestamp":1551840734,"path_taken":["M","$","M","?","?","E","M","M","T","E","M","?","M","M","R","BOSS","M","?","M","M","?","E","R","E"],"build_version":"2019-01-23","purchased_purges":0,"victory":false,"max_hp_per_floor":[88,88,88,88,88,88,88,88,88,88,88,88,88,88,88,88,88,88,88,88,88,88,88,88,88],"card_choices":[{"not_picked":["Fire Breathing","Warcry"],"picked":"Rampage","floor":1.0},{"not_picked":["Headbutt","Flame Barrier"],"picked":"Rage","floor":3.0},{"not_picked":["Anger","Seeing Red","Clash"],"picked":"SKIP","floor":6.0},{"not_picked":["Perfected Strike","Clothesline","Heavy Blade"],"picked":"SKIP","floor":7.0},{"not_picked":["Anger","Clash"],"picked":"Disarm","floor":8.0},{"not_picked":["Blood for Blood","Bloodletting"],"picked":"Power Through","floor":10.0},{"not_picked":["Armaments","Heavy Blade"],"picked":"Shrug It Off","floor":11.0},{"not_picked":["Flex","Clothesline"],"picked":"Spot Weakness","floor":12},{"not_picked":["Clothesline","Seeing Red"],"picked":"Infernal Blade","floor":13},{"not_picked":["Clash","Armaments"],"picked":"Rupture","floor":14},{"not_picked":["Exhume","Feed"],"picked":"Brutality","floor":16},{"not_picked":["Flex+1","Sentinel"],"picked":"Rupture","floor":18},{"not_picked":["Rampage","Heavy Blade+1"],"picked":"Sword Boomerang+1","floor":20},{"not_picked":["Rupture","Pommel Strike+1","Burning Pact+1"],"picked":"SKIP","floor":21},{"not_picked":["Wild Strike+1","Dropkick+1","Clothesline"],"picked":"SKIP","floor":23}],"player_experience":705416,"relics_obtained":[{"floor":6.0,"key":"Potion Belt"},{"floor":10.0,"key":"Self Forming Clay"},{"floor":22,"key":"Red Mask"},{"floor":23,"key":"Juzu Bracelet"}],"event_choices":[{"cards_removed":["Strike_R"],"damage_healed":0.0,"max_hp_gain":0.0,"max_hp_loss":0.0,"gold_gain":0.0,"event_name":"Golden Wing","player_choice":"Card Removal","floor":4.0,"gold_loss":0.0,"damage_taken":7.0},{"damage_healed":0.0,"max_hp_gain":0.0,"max_hp_loss":0.0,"gold_gain":75.0,"event_name":"FaceTrader","player_choice":"Touch","floor":5.0,"gold_loss":0.0,"damage_taken":8.0},{"damage_healed":0,"gold_gain":99,"player_choice":"Stole From Cult","damage_taken":0,"max_hp_gain":0,"max_hp_loss":0,"event_name":"Nest","floor":19,"gold_loss":0},{"damage_healed":0,"gold_gain":0,"player_choice":"Fought Bandits","damage_taken":0,"max_hp_gain":0,"max_hp_loss":0,"event_name":"Masked Bandits","floor":22,"gold_loss":0}],"is_beta":false,"boss_relics":[{"not_picked":["Eternal Feather","Snecko Eye"],"picked":"Velvet Choker"}],"items_purged_floors":[],"is_endless":false,"potions_floor_spawned":[1,3,8,11,14,21,23],"killed_by":"Slavers","ascension_level":0}