{"gold_per_floor":[116,132,146,156,170,170,204,218,218,10,38,51,51,83,83,182,182,199,209,228,241,256,256,284,284,284,62,62,62,82,117,117,220,220,239,239,239,257,310,310,366,366,390,422,434,128,128,159,159,159],"floor_reached":51,"playtime":5945,"items_purged":["Strike_R"],"score":814,"play_id":"dc44f77f-9d2d-411c-85d8-e206d6a85786","local_time":"20180802000247","is_ascension_mode":true,"campfire_choices":[{"data":"Rage","floor":6,"key":"SMITH"},{"data":"Enlightenment","floor":15,"key":"SMITH"},{"data":"Metallicize","floor":23,"key":"SMITH"},{"data":"Flame Barrier","floor":25,"key":"SMITH"},{"data":"Uppercut","floor":28,"key":"SMITH"},{"floor":32,"key":"REST"},{"data":"Barricade","floor":40,"key":"SMITH"},{"data":"Secret Weapon","floor":42,"key":"SMITH"},{"data":"Body Slam","floor":45,"key":"SMITH"},{"floor":49,"key":"REST"}],"neow_cost":"NONE","seed_source_timestamp":687365978036043,"circlet_count":0,"master_deck":["Strike_R","Strike_R","Strike_R","Defend_R","Defend_R","Defend_R","Defend_R","Bash","Clothesline","Rage+1","Metallicize+1","Pommel Strike","Clothesline","Flame Barrier+1","Cleave","Enlightenment+1","Rage","Rampage","Juggernaut","Clothesline","Battle Trance","Bloodletting+1","Headbutt","Barricade+1","Shockwave+1","Uppercut+1","Flex+1","Pommel Strike+1","Reaper","Armaments+1","Warcry","Madness","Madness","Secret Weapon+1","Iron Wave+1","Ghostly Armor","Body Slam+1","Spot Weakness"],"relics":["Burning Blood","Oddly Smooth Stone","Pen Nib","Meat on the Bone","Bag of Preparation","Art of War","Sozu","Prayer Wheel","Strawberry","Bronze Scales","Regal Pillow","Lizard Tail","Unceasing Top","Tiny Chest","MawBank","TheAbacus","The Courier","Happy Flower"],"potions_floor_usage":[5,14,20,50],"damage_taken":[{"damage":7,"enemies":"Jaw Worm","floor":1,"turns":3},{"damage":0,"enemies":"2 Louse","floor":2,"turns":3},{"damage":1,"enemies":"Small Slimes","floor":3,"turns":4},{"damage":7,"enemies":"2 Fungi Beasts","floor":4,"turns":6},{"damage":2,"enemies":"Gremlin Gang","floor":5,"turns":6},{"damage":11,"enemies":"Gremlin Nob","floor":7,"turns":5},{"damage":6,"enemies":"3 Louse","floor":8,"turns":3},{"damage":4,"enemies":"Lagavulin","floor":11,"turns":8},{"damage":0,"enemies":"Exordium Thugs","floor":12,"turns":3},{"damage":4,"enemies":"3 Sentries","floor":14,"turns":5},{"damage":34,"enemies":"Slime Boss","floor":16,"turns":13},{"damage":9,"enemies":"Spheric Guardian","floor":18,"turns":4},{"damage":12,"enemies":"Chosen","floor":19,"turns":3},{"damage":6,"enemies":"Snake Plant","floor":20,"turns":4},{"damage":17,"enemies":"Snecko","floor":21,"turns":4},{"damage":18,"enemies":"Sentry and Sphere","floor":22,"turns":4},{"damage":32,"enemies":"Slavers","floor":24,"turns":5},{"damage":13,"enemies":"Snake Plant","floor":30,"turns":4},{"damage":27,"enemies":"Gremlin Leader","floor":31,"turns":7},{"damage":49,"enemies":"Automaton","floor":33,"turns":10},{"damage":27,"enemies":"3 Darklings","floor":35,"turns":5},{"damage":2,"enemies":"Orb Walker","floor":38,"turns":3},{"damage":42,"floor":39,"turns":7},{"damage":23,"enemies":"Giant Head","floor":41,"turns":9},{"damage":8,"enemies":"Maw","floor":44,"turns":7},{"damage":31,"enemies":"Nemesis","floor":48,"turns":7},{"damage":50,"enemies":"Time Eater","floor":50,"turns":10}],"seed_played":"-7348304479363193749","potions_obtained":[{"floor":1,"key":"AttackPotion"},{"floor":2,"key":"Block Potion"},{"floor":4,"key":"Dexterity Potion"},{"floor":7,"key":"SpeedPotion"},{"floor":12,"key":"AttackPotion"}],"is_trial":false,"path_per_floor":["M","M","M","M","M","R","E","M","T","$","E","M","?","E","R","B",null,"M","M","M","M","M","R","E","R","T","$","R","?","M","E","R","B",null,"M","?","?","M","?","R","E","R","T","M","R","$","T","E","R","B"],"character_chosen":"IRONCLAD","items_purchased":["Enlightenment","Bronze Scales","Uppercut","Spot Weakness","TheAbacus"],"campfire_rested":2,"item_purchase_floors":[10,27,27,46,46],"current_hp_per_floor":[79,80,80,79,80,80,75,75,75,75,77,80,73,80,80,52,80,77,71,71,60,48,48,34,34,41,41,41,41,46,37,78,47,87,84,73,73,81,50,50,45,45,45,59,59,59,59,52,87,53],"gold":159,"neow_bonus":"RANDOM_COMMON_RELIC","is_prod":false,"is_daily":false,"chose_seed":false,"campfire_upgraded":8,"win_rate":0,"timestamp":1533182567,"path_taken":["M","M","M","M","M","R","E","M","T","$","E","M","?","E","R","BOSS","M","M","M","?","M","R","E","R","T","$","R","?","?","E","R","BOSS","M","?","?","?","?","R","E","R","T","M","R","?","?","E","R","BOSS"],"build_version":"2018-07-26","purchased_purges":1,"victory":true,"max_hp_per_floor":[80,80,80,80,80,80,80,80,80,80,80,80,80,80,80,80,80,80,80,80,80,80,80,80,80,87,87,87,87,87,87,87,87,87,87,87,87,87,87,87,87,87,87,87,87,87,87,87,87,87],"card_choices":[{"not_picked":["True Grit","Searing Blow"],"picked":"Clothesline","floor":1},{"not_picked":["Clothesline","Clash"],"picked":"Rage","floor":2},{"not_picked":["Warcry","Reckless Charge"],"picked":"Metallicize","floor":3},{"not_picked":["Dual Wield","Heavy Blade"],"picked":"Pommel Strike","floor":4},{"not_picked":["Heavy Blade","Thunderclap"],"picked":"Clothesline","floor":5},{"not_picked":["Clash","Evolve"],"picked":"Flame Barrier","floor":7},{"not_picked":["Pommel Strike","Clothesline"],"picked":"Cleave","floor":8},{"not_picked":["Wild Strike","Evolve"],"picked":"Rage","floor":11},{"not_picked":["Power Through","Sword Boomerang"],"picked":"Rampage","floor":12},{"not_picked":["Second Wind","Anger","Feel No Pain"],"picked":"SKIP","floor":14},{"not_picked":["Offering","Double Tap"],"picked":"Juggernaut","floor":16},{"not_picked":["True Grit","Heavy Blade"],"picked":"Clothesline","floor":18},{"not_picked":["Thunderclap","Power Through+1"],"picked":"Battle Trance","floor":19},{"not_picked":["Sword Boomerang","Anger"],"picked":"Bloodletting+1","floor":20},{"not_picked":["Reckless Charge","Rage"],"picked":"Headbutt","floor":21},{"not_picked":["Clothesline","Perfected Strike"],"picked":"Barricade","floor":22},{"not_picked":["Burning Pact","Headbutt"],"picked":"Shockwave+1","floor":24},{"not_picked":["Clothesline","Cleave"],"picked":"Flex+1","floor":30},{"not_picked":["Clothesline+1","Warcry"],"picked":"Pommel Strike+1","floor":30},{"not_picked":["Heavy Blade","Exhume","Perfected Strike"],"picked":"SKIP","floor":31},{"not_picked":["Limit Break","Feed"],"picked":"Reaper","floor":33},{"not_picked":["Havoc","Wild Strike"],"picked":"Armaments+1","floor":35},{"not_picked":["Sever Soul","Intimidate"],"picked":"Warcry","floor":35},{"not_picked":["Dramatic Entrance","Jack Of All Trades"],"picked":"Secret Weapon","floor":37},{"not_picked":["Entrench","Warcry+1"],"picked":"Iron Wave+1","floor":38},{"not_picked":["Burning Pact","Flex","Power Through+1"],"picked":"SKIP","floor":38},{"not_picked":["Burning Pact","Armaments"],"picked":"Ghostly Armor","floor":39},{"not_picked":["Armaments","Warcry","Wild Strike"],"picked":"SKIP","floor":41},{"not_picked":["Clothesline","Wild Strike"],"picked":"Body Slam","floor":44},{"not_picked":["Barricade","Armaments+1","Combust"],"picked":"SKIP","floor":44},{"not_picked":["Anger","Reckless Charge","Thunderclap"],"picked":"SKIP","floor":48}],"player_experience":199634,"relics_obtained":[{"floor":7,"key":"Pen Nib"},{"floor":9,"key":"Meat on the Bone"},{"floor":11,"key":"Bag of Preparation"},{"floor":14,"key":"Art of War"},{"floor":24,"key":"Prayer Wheel"},{"floor":26,"key":"Strawberry"},{"floor":31,"key":"Regal Pillow"},{"floor":39,"key":"Unceasing Top"},{"floor":41,"key":"Tiny Chest"},{"floor":43,"key":"MawBank"},{"floor":47,"key":"The Courier"},{"floor":48,"key":"Happy Flower"}],"event_choices":[{"event_name":"Golden Wing","player_choice":"Card Removal","floor":13,"damage_taken":0},{"event_name":"Cursed Tome","player_choice":"Ignored","floor":29,"damage_taken":0},{"event_name":"Winding Halls","player_choice":"Embrace Madness","floor":36,"damage_taken":0},{"event_name":"SensoryStone","player_choice":"Memory 1","floor":37,"damage_taken":0},{"event_name":"Mysterious Sphere","player_choice":"Fight","floor":39,"damage_taken":0}],"is_beta":false,"boss_relics":[{"not_picked":["Black Star","Pandora\u0027s Box"],"picked":"Sozu"},{"not_picked":["Runic Dome","Eternal Feather"],"picked":"Lizard Tail"}],"items_purged_floors":[46],"is_endless":false,"potions_floor_spawned":[1,2,4,7,12,19,21,41,44],"ascension_level":2}