{"gold_per_floor":[115,132,17,17,32,66,66,66,66,66,66,66,79,111,111,214,214,228,47,66,66,80,100,100],"floor_reached":24,"playtime":1351,"items_purged":["Strike_G","Strike_G"],"score":256,"play_id":"10f7229a-1da2-4b91-86cc-a18512caae3b","local_time":"20191014002401","is_ascension_mode":false,"campfire_choices":[{"data":"Neutralize","floor":8.0,"key":"SMITH"},{"data":"Quick Slash","floor":11.0,"key":"SMITH"},{"data":"Bane","floor":15.0,"key":"SMITH"}],"neow_cost":"TEN_PERCENT_HP_LOSS","seed_source_timestamp":0,"circlet_count":0,"master_deck":["Strike_G","Defend_G","Defend_G","Defend_G","Defend_G","Survivor","Neutralize+1","Noxious Fumes","Dagger Throw","Well Laid Plans","Quick Slash+1","Noxious Fumes","Bane+1","Backstab","Corpse Explosion","Cloak And Dagger","Crippling Poison","Escape Plan","J.A.X.","Catalyst","Bane+1"],"special_seed":0,"relics":["Ring of the Snake","Blue Candle","Anchor","Pear","Ancient Tea Set","Tough Bandages","Eternal Feather"],"potions_floor_usage":[24],"damage_taken":[{"damage":0.0,"enemies":"2 Louse","floor":1.0,"turns":3.0},{"damage":0.0,"enemies":"Small Slimes","floor":2.0,"turns":4.0},{"damage":0.0,"enemies":"Cultist","floor":5.0,"turns":4.0},{"damage":18.0,"enemies":"Lagavulin","floor":6.0,"turns":6.0},{"damage":0.0,"enemies":"Looter","floor":13.0,"turns":3.0},{"damage":10.0,"enemies":"Gremlin Nob","floor":14.0,"turns":3.0},{"damage":0.0,"enemies":"Slime Boss","floor":16.0,"turns":7.0},{"damage":17,"enemies":"2 Thieves","floor":18,"turns":3},{"damage":0,"enemies":"3 Byrds","floor":20,"turns":2},{"damage":13,"enemies":"3 Cultists","floor":22,"turns":4},{"damage":9,"enemies":"Snake Plant","floor":23,"turns":4},{"damage":40,"enemies":"Book of Stabbing","floor":24,"turns":5}],"seed_played":"-4852538840243020138","potions_obtained":[{"floor":1.0,"key":"Poison Potion"},{"floor":5.0,"key":"Poison Potion"},{"floor":6.0,"key":"Weak Potion"},{"floor":16.0,"key":"Poison Potion"},{"floor":20,"key":"Ancient Potion"}],"is_trial":false,"path_per_floor":["M","M","$","?","M","E","?","R","T","?","R","?","M","E","R","B",null,"M","$","M","?","M","M","E"],"character_chosen":"THE_SILENT","items_purchased":["Well Laid Plans","Crippling Poison"],"campfire_rested":0,"item_purchase_floors":[3,19],"current_hp_per_floor":[63,63,63,63,63,45,45,45,55,48,48,41,41,31,31,31,73,56,56,56,56,43,34,0],"gold":100,"neow_bonus":"REMOVE_TWO","is_prod":false,"is_daily":false,"chose_seed":false,"campfire_upgraded":3,"win_rate":0,"timestamp":1571027041,"path_taken":["M","M","$","?","M","E","?","R","T","?","R","?","M","E","R","BOSS","M","$","M","?","M","M","E"],"build_version":"2019-07-17","purchased_purges":2,"victory":false,"max_hp_per_floor":[63,63,63,63,63,63,63,63,73,73,73,73,73,73,73,73,73,73,73,73,73,73,73,73],"card_choices":[{"not_picked":["Endless Agony","Sucker Punch"],"picked":"Noxious Fumes","floor":1.0},{"not_picked":["Blade Dance","Eviscerate"],"picked":"Dagger Throw","floor":2.0},{"not_picked":["Blade Dance","Acrobatics"],"picked":"Quick Slash","floor":5.0},{"not_picked":["Acrobatics","Quick Slash"],"picked":"Noxious Fumes","floor":6.0},{"not_picked":["Tactician","Escape Plan"],"picked":"Bane","floor":13.0},{"not_picked":["Dagger Spray","Heel Hook"],"picked":"Backstab","floor":14.0},{"not_picked":["Malaise","Doppelganger"],"picked":"Corpse Explosion","floor":16.0},{"not_picked":["Noxious Fumes+1","Masterful Stab"],"picked":"Cloak And Dagger","floor":18},{"not_picked":["Slice","Deadly Poison"],"picked":"Escape Plan","floor":20},{"not_picked":["Deadly Poison","Endless Agony+1"],"picked":"Catalyst","floor":22},{"not_picked":["Prepared","Dodge and Roll+1"],"picked":"Bane+1","floor":23}],"player_experience":370556,"relics_obtained":[{"floor":6.0,"key":"Blue Candle"},{"floor":9.0,"key":"Pear"},{"floor":14.0,"key":"Tough Bandages"}],"event_choices":[{"damage_healed":0.0,"max_hp_gain":0.0,"max_hp_loss":0.0,"gold_gain":0.0,"event_name":"Liars Game","player_choice":"Ignored","floor":4.0,"gold_loss":0.0,"damage_taken":0.0},{"damage_healed":0.0,"max_hp_gain":0.0,"max_hp_loss":0.0,"gold_gain":0.0,"event_name":"Dead Adventurer","player_choice":"Searched \u00271\u0027 times","floor":7.0,"gold_loss":0.0,"damage_taken":0.0,"relics_obtained":["Anchor"]},{"damage_healed":0.0,"max_hp_gain":0.0,"max_hp_loss":0.0,"gold_gain":0.0,"event_name":"Scrap Ooze","player_choice":"Success","floor":10.0,"gold_loss":0.0,"damage_taken":7.0,"relics_obtained":["Ancient Tea Set"]},{"cards_removed":["Strike_G"],"damage_healed":0.0,"max_hp_gain":0.0,"max_hp_loss":0.0,"gold_gain":0.0,"event_name":"Golden Wing","player_choice":"Card Removal","floor":12.0,"gold_loss":0.0,"damage_taken":7.0},{"damage_healed":0,"gold_gain":0,"player_choice":"Obtain J.A.X.","damage_taken":0,"max_hp_gain":0,"max_hp_loss":0,"event_name":"Drug Dealer","floor":21,"gold_loss":0,"cards_obtained":["J.A.X."]}],"is_beta":false,"boss_relics":[{"not_picked":["White Beast Statue","Busted Crown"],"picked":"Eternal Feather"}],"items_purged_floors":[3,19],"is_endless":false,"potions_floor_spawned":[1,5,6,16,20,23],"killed_by":"Book of Stabbing","ascension_level":0}