{"gold_per_floor":[216,216,270,270,270,270,294,294,317,348,369,369,4,40,40,136,136,149,149,173,193,47,87,103,36,36,36,71,85,124,149,149,247,247,266,163,177,201,221,260,260,293,320,653,653,215,227,227,227,227],"floor_reached":51,"playtime":3432,"items_purged":["Regret","Rip and Tear"],"score":1403,"play_id":"f9586604-0421-41de-a300-019a257fa10a","local_time":"20190602153636","is_ascension_mode":true,"campfire_choices":[{"data":"Zap","floor":6.0,"key":"SMITH"},{"data":"Sunder","floor":8.0,"key":"SMITH"},{"floor":12.0,"key":"REST"},{"data":"Loop","floor":15.0,"key":"SMITH"},{"floor":27.0,"key":"REST"},{"floor":32.0,"key":"REST"},{"floor":41,"key":"REST"},{"data":"Biased Cognition","floor":45,"key":"SMITH"},{"data":"Capacitor","floor":49,"key":"SMITH"}],"neow_cost":"NONE","seed_source_timestamp":0,"circlet_count":0,"master_deck":["AscendersBane","Zap+1","Dualcast","Sweeping Beam+1","Sunder+1","Leap","Loop+1","Glacier","Fission+1","Stack+1","Rebound","Barrage","Self Repair","Core Surge","Biased Cognition+1","Sweeping Beam+1","Coolheaded+1","Double Energy+1","Defragment","Glacier+1","Electrodynamics","Conserve Battery+1","Capacitor+1","Genetic Algorithm+1","Ball Lightning","Leap+1","Echo Form","Hologram+1","Electrodynamics","Chill+1","Glacier+1","Coolheaded+1"],"special_seed":0,"relics":["Cracked Core","Orichalcum","Ancient Tea Set","PreservedInsect","Bag of Marbles","Ice Cream","ClockworkSouvenir","Toxic Egg 2","Pandora\u0027s Box","Whetstone","Smiling Mask","Happy Flower","Art of War","Sozu","Tiny Chest","Blood Vial","Symbiotic Virus","Centennial Puzzle","Vajra","Frozen Egg 2"],"potions_floor_usage":[50,50],"damage_taken":[{"damage":4.0,"enemies":"Jaw Worm","floor":1.0,"turns":5.0},{"damage":8.0,"enemies":"Small Slimes","floor":7.0,"turns":3.0},{"damage":17.0,"enemies":"3 Sentries","floor":10.0,"turns":4.0},{"damage":0.0,"enemies":"Cultist","floor":11.0,"turns":2.0},{"damage":2.0,"enemies":"Lagavulin","floor":14.0,"turns":4.0},{"damage":6.0,"enemies":"Slime Boss","floor":16.0,"turns":7.0},{"damage":0.0,"enemies":"Chosen","floor":18.0,"turns":5.0},{"damage":16.0,"enemies":"2 Thieves","floor":20.0,"turns":3.0},{"damage":11.0,"enemies":"3 Cultists","floor":21.0,"turns":5.0},{"damage":25.0,"enemies":"Slavers","floor":23.0,"turns":3.0},{"damage":0.0,"enemies":"Chosen and Byrds","floor":24.0,"turns":3.0},{"damage":21.0,"enemies":"Book of Stabbing","floor":28.0,"turns":4.0},{"damage":4.0,"enemies":"Cultist and Chosen","floor":29.0,"turns":5.0},{"damage":14.0,"enemies":"Slavers","floor":30.0,"turns":4.0},{"damage":15.0,"enemies":"Centurion and Healer","floor":31.0,"turns":5.0},{"damage":22.0,"enemies":"Collector","floor":33.0,"turns":7.0},{"damage":5.0,"enemies":"Orb Walker","floor":35.0,"turns":5.0},{"damage":2.0,"enemies":"3 Darklings","floor":37.0,"turns":7.0},{"damage":35,"enemies":"Writhing Mass","floor":38,"turns":6},{"damage":21,"enemies":"Transient","floor":39,"turns":5},{"damage":0,"enemies":"Nemesis","floor":40,"turns":7},{"damage":0,"enemies":"Giant Head","floor":42,"turns":8},{"damage":0,"enemies":"Jaw Worm Horde","floor":47,"turns":4},{"damage":1,"enemies":"Donu and Deca","floor":50,"turns":10}],"seed_played":"2772070008954224698","potions_obtained":[{"floor":10.0,"key":"SpeedPotion"},{"floor":11.0,"key":"SmokeBomb"},{"floor":14.0,"key":"Ancient Potion"}],"is_trial":false,"path_per_floor":["M","?","T","?","?","R","M","R","T","E","M","R","$","E","R","B",null,"M","?","M","M","$","E","M","$","T","R","E","M","E","M","R","B",null,"M","?","M","M","M","E","R","E","T","?","R","$","M","?","R","B",null],"character_chosen":"DEFECT","items_purchased":["Glacier","ClockworkSouvenir","Defragment","Glacier+1","Capacitor","Vajra","Frozen Egg 2"],"campfire_rested":4,"item_purchase_floors":[13,13,22,22,25,46,46],"current_hp_per_floor":[60,42,42,42,42,42,34,34,34,17,17,36,36,34,34,28,55,62,62,53,49,49,31,31,31,31,50,36,32,18,10,29,14,52,61,61,64,36,22,36,55,64,64,64,64,64,64,64,64,64],"gold":227,"neow_bonus":"HUNDRED_GOLD","is_prod":false,"is_daily":false,"chose_seed":false,"campfire_upgraded":5,"win_rate":0,"timestamp":1559482596,"path_taken":["M","?","?","?","?","R","?","R","T","E","M","R","$","E","R","BOSS","M","?","?","M","?","E","?","$","T","R","E","M","E","M","R","BOSS","M","?","?","M","M","E","R","E","T","?","R","$","M","?","R","BOSS"],"build_version":"2019-01-23","purchased_purges":2,"victory":true,"max_hp_per_floor":[71,71,71,71,64,64,64,64,64,64,64,64,64,64,64,64,64,64,64,64,64,64,64,64,64,64,64,64,64,64,64,64,64,64,64,64,64,64,64,64,64,64,64,64,64,64,64,64,64,64],"card_choices":[{"not_picked":["Leap","Recycle"],"picked":"Sweeping Beam","floor":1.0},{"not_picked":["Hello World","Fusion"],"picked":"Sunder","floor":7.0},{"not_picked":["Chaos","Barrage"],"picked":"Leap","floor":10.0},{"not_picked":["Gash","Recycle"],"picked":"Loop","floor":11.0},{"not_picked":["Recycle","Force Field","Chill"],"picked":"SKIP","floor":14.0},{"not_picked":["All For One","Multi-Cast+1"],"picked":"Fission+1","floor":16.0},{"not_picked":["Leap+1","Storm"],"picked":"Sweeping Beam","floor":18.0},{"not_picked":["Auto Shields+1","Turbo+1"],"picked":"Coolheaded+1","floor":20.0},{"not_picked":["Redo+1","FTL"],"picked":"Double Energy+1","floor":21.0},{"not_picked":["Sweeping Beam","Compile Driver"],"picked":"Electrodynamics","floor":23.0},{"not_picked":["Reprogram+1","Hologram+1"],"picked":"Conserve Battery+1","floor":24.0},{"not_picked":["FTL","Capacitor"],"picked":"Genetic Algorithm+1","floor":28.0},{"not_picked":["Leap+1","Stack+1"],"picked":"Ball Lightning","floor":29.0},{"not_picked":["Ball Lightning","Meteor Strike","Turbo+1"],"picked":"SKIP","floor":30.0},{"not_picked":["Redo+1","Recycle+1"],"picked":"Leap+1","floor":31.0},{"not_picked":["Thunder Strike","Core Surge"],"picked":"Echo Form","floor":33.0},{"not_picked":["Conserve Battery+1","Gash"],"picked":"Hologram+1","floor":35.0},{"not_picked":["Rebound","Stack+1"],"picked":"Electrodynamics","floor":37.0},{"not_picked":["Compile Driver","Go for the Eyes+1"],"picked":"Chill+1","floor":38},{"not_picked":["Streamline","Barrage","Redo+1"],"picked":"SKIP","floor":39},{"not_picked":["Reboot+1","Barrage"],"picked":"Glacier+1","floor":40},{"not_picked":["Static Discharge+1","Steam Power+1"],"picked":"Coolheaded+1","floor":42},{"not_picked":["Hello World+1","Recycle+1","FTL"],"picked":"SKIP","floor":47}],"player_experience":423553,"relics_obtained":[{"floor":3.0,"key":"Ancient Tea Set"},{"floor":9.0,"key":"Bag of Marbles"},{"floor":10.0,"key":"Ice Cream"},{"floor":14.0,"key":"Toxic Egg 2"},{"floor":23.0,"key":"Whetstone"},{"floor":26.0,"key":"Smiling Mask"},{"floor":28.0,"key":"Happy Flower"},{"floor":30.0,"key":"Art of War"},{"floor":40,"key":"Blood Vial"},{"floor":42,"key":"Symbiotic Virus"},{"floor":43,"key":"Centennial Puzzle"}],"event_choices":[{"damage_healed":0.0,"max_hp_gain":0.0,"max_hp_loss":0.0,"gold_gain":0.0,"event_name":"Scrap Ooze","player_choice":"Success","floor":2.0,"gold_loss":0.0,"damage_taken":18.0,"relics_obtained":["Orichalcum"]},{"damage_healed":0.0,"max_hp_gain":0.0,"max_hp_loss":0.0,"gold_gain":0.0,"event_name":"Big Fish","player_choice":"Box","floor":4.0,"gold_loss":0.0,"damage_taken":0.0,"relics_obtained":["PreservedInsect"],"cards_obtained":["Regret"]},{"damage_healed":0.0,"max_hp_gain":0.0,"max_hp_loss":7.0,"gold_gain":0.0,"event_name":"Golden Idol","player_choice":"Lose Max HP","floor":5.0,"gold_loss":0.0,"damage_taken":0.0,"relics_obtained":["Golden Idol"]},{"cards_removed":["Chaos"],"damage_healed":0.0,"max_hp_gain":0.0,"max_hp_loss":0.0,"gold_gain":0.0,"event_name":"Purifier","player_choice":"Purged","floor":19.0,"gold_loss":0.0,"damage_taken":0.0},{"damage_healed":0.0,"max_hp_gain":0.0,"max_hp_loss":0.0,"gold_gain":0.0,"event_name":"WeMeetAgain","player_choice":"Paid Gold","floor":36.0,"gold_loss":133.0,"damage_taken":0.0,"relics_obtained":["Tiny Chest"]},{"damage_healed":0,"gold_gain":333,"player_choice":"Gave Idol","damage_taken":0,"max_hp_gain":0,"max_hp_loss":0,"event_name":"The Moai Head","floor":44,"relics_lost":["Golden Idol"],"gold_loss":0},{"damage_healed":0,"gold_gain":0,"player_choice":"Got Potions","damage_taken":0,"max_hp_gain":0,"max_hp_loss":0,"event_name":"Lab","floor":48,"gold_loss":0}],"is_beta":false,"boss_relics":[{"not_picked":["FrozenCore","Black Star"],"picked":"Pandora\u0027s Box"},{"not_picked":["Runic Pyramid","Tiny House"],"picked":"Sozu"}],"items_purged_floors":[13,46],"is_endless":false,"potions_floor_spawned":[10,11,14,18,20,21,28,37,38,39,40,47],"ascension_level":15}