{"gold_per_floor":[11,86,86,98,23,23,34,69,69,79,111,111,111,130,130,235,235,255,255,54,153,170,170,190,190,190,200,217,217,20,39,39,140,140,152,54,72,172,192,192,219,219,219,244,244,255,269,282,282,282],"floor_reached":51,"playtime":3679,"items_purged":["Regret","Redo","Capacitor","Strike_B"],"score":889,"play_id":"c5ace575-d628-40f0-9b46-95f94a862df0","local_time":"20181106230759","is_ascension_mode":false,"campfire_choices":[{"data":"Dualcast","floor":6,"key":"SMITH"},{"data":"Zap","floor":12,"key":"SMITH"},{"data":"Seek","floor":15,"key":"SMITH"},{"data":"Reinforced Body","floor":23,"key":"SMITH"},{"data":"Steam","floor":25,"key":"SMITH"},{"data":"Hologram","floor":29,"key":"SMITH"},{"floor":32,"key":"REST"},{"data":"Dualcast+1","floor":40,"key":"PURGE"},{"data":"Defend_B","floor":45,"key":"PURGE"},{"floor":49,"key":"REST"}],"neow_cost":"NO_GOLD","seed_source_timestamp":0,"circlet_count":0,"master_deck":["Strike_B","Strike_B","Defend_B","Defend_B","Zap+1","Sweeping Beam","Ball Lightning","Steam+1","Seek+1","Barrage+1","Reinforced Body+1","Beam Cell+1","Hyperbeam+1","Sweeping Beam+1","Auto Shields+1","Hologram+1","Fusion+1","Conserve Battery+1","Hyperbeam+1","Sweeping Beam+1","Go for the Eyes+1","Leap+1","Reinforced Body+1"],"special_seed":0,"relics":["Cracked Core","Gremlin Horn","Shuriken","Molten Egg 2","Smiling Mask","Potion Belt","Lizard Tail","Pen Nib","Bird Faced Urn","Anchor","Nuclear Battery","Peace Pipe","Bottled Flame","Dodecahedron","Strawberry"],"potions_floor_usage":[11,16,33,50,50],"damage_taken":[{"damage":1,"enemies":"Jaw Worm","floor":1,"turns":3},{"damage":2,"enemies":"2 Louse","floor":4,"turns":2},{"damage":0,"enemies":"Small Slimes","floor":7,"turns":2},{"damage":25,"enemies":"Lagavulin","floor":8,"turns":5},{"damage":7,"enemies":"Blue Slaver","floor":10,"turns":3},{"damage":0,"enemies":"Gremlin Nob","floor":11,"turns":2},{"damage":7,"enemies":"Large Slime","floor":14,"turns":4},{"damage":4,"enemies":"Hexaghost","floor":16,"turns":6},{"damage":5,"enemies":"3 Byrds","floor":18,"turns":3},{"damage":4,"enemies":"Chosen","floor":22,"turns":2},{"damage":0,"enemies":"3 Cultists","floor":24,"turns":2},{"damage":5,"enemies":"Centurion and Healer","floor":27,"turns":4},{"damage":21,"enemies":"Snake Plant","floor":28,"turns":3},{"damage":0,"enemies":"Sentry and Sphere","floor":31,"turns":2},{"damage":22,"enemies":"Champ","floor":33,"turns":10},{"damage":0,"enemies":"3 Darklings","floor":35,"turns":1},{"damage":0,"enemies":"3 Shapes","floor":37,"turns":1},{"damage":4,"enemies":"Mind Bloom Boss Battle","floor":38,"turns":4},{"damage":2,"enemies":"Spire Growth","floor":39,"turns":3},{"damage":8,"enemies":"Reptomancer","floor":41,"turns":3},{"damage":0,"enemies":"4 Shapes","floor":46,"turns":2},{"damage":0,"enemies":"Sphere and 2 Shapes","floor":47,"turns":2},{"damage":0,"enemies":"3 Darklings","floor":48,"turns":1},{"damage":9,"enemies":"Donu and Deca","floor":50,"turns":7}],"seed_played":"-420990693283808661","potions_obtained":[{"floor":4,"key":"Energy Potion"},{"floor":7,"key":"Weak Potion"},{"floor":8,"key":"AttackPotion"},{"floor":11,"key":"Strength Potion"},{"floor":22,"key":"SpeedPotion"},{"floor":24,"key":"Poison Potion"},{"floor":28,"key":"Strength Potion"},{"floor":31,"key":"Fire Potion"},{"floor":39,"key":"Weak Potion"}],"is_trial":false,"path_per_floor":["M","?","?","M","$","R","M","E","T","M","E","R","?","M","R","B",null,"M","?","$","?","M","R","M","R","T","M","M","R","$","M","R","B",null,"M","$","M","?","M","R","E","?","T","T","R","M","M","M","R","B",null],"character_chosen":"DEFECT","items_purchased":["Pen Nib","Anchor","SpeedPotion"],"campfire_rested":2,"item_purchase_floors":[20,30,36],"current_hp_per_floor":[74,63,63,61,61,61,61,36,36,29,29,29,29,22,22,18,75,70,70,70,70,66,66,66,66,66,61,42,42,42,42,64,42,75,75,75,75,71,69,69,61,61,61,68,68,68,68,68,78,69],"gold":282,"neow_bonus":"TRANSFORM_TWO_CARDS","is_prod":false,"is_daily":false,"chose_seed":false,"campfire_upgraded":6,"win_rate":0,"timestamp":1541563679,"path_taken":["M","?","?","M","$","R","M","E","T","M","E","R","?","M","R","BOSS","M","?","$","?","M","R","M","R","T","M","M","R","$","M","R","BOSS","M","$","M","?","M","R","E","?","T","?","R","M","M","?","R","BOSS"],"build_version":"2018-11-01","purchased_purges":4,"victory":true,"max_hp_per_floor":[75,75,75,75,75,75,75,75,75,75,75,75,75,75,75,75,75,75,75,75,75,75,75,75,75,75,75,75,75,75,75,75,75,75,75,75,75,75,75,75,75,71,71,78,78,78,78,78,78,78],"card_choices":[{"not_picked":["Rebound","Lockon"],"picked":"Sweeping Beam","floor":1},{"not_picked":["Go for the Eyes","Turbo"],"picked":"Ball Lightning","floor":4},{"not_picked":["Cold Snap","Steam Power"],"picked":"Steam","floor":7},{"not_picked":["Rebound","Hello World"],"picked":"Seek","floor":8},{"not_picked":["Streamline+1","Reinforced Body"],"picked":"Barrage+1","floor":10},{"not_picked":["Self Repair","Sweeping Beam+1"],"picked":"Reinforced Body","floor":11},{"not_picked":["Hologram","Melter+1"],"picked":"Beam Cell+1","floor":14},{"not_picked":["Thunder Strike+1","Creative AI"],"picked":"Hyperbeam+1","floor":16},{"not_picked":["Barrage+1","Doom and Gloom+1"],"picked":"Sweeping Beam+1","floor":18},{"not_picked":["Gash+1","Rebound+1"],"picked":"Auto Shields+1","floor":22},{"not_picked":["Turbo+1","Ball Lightning+1"],"picked":"Hologram","floor":24},{"not_picked":["Chaos","Compile Driver+1"],"picked":"Fusion+1","floor":27},{"not_picked":["Coolheaded","Hologram"],"picked":"Conserve Battery+1","floor":28},{"not_picked":["Hello World+1","Darkness+1","Fission"],"picked":"SKIP","floor":31},{"not_picked":["Reboot","Creative AI"],"picked":"Hyperbeam+1","floor":33},{"not_picked":["Turbo+1","Gash+1"],"picked":"Sweeping Beam+1","floor":35},{"not_picked":["Stack+1","Turbo"],"picked":"Go for the Eyes+1","floor":37},{"not_picked":["Scrape+1","Skim"],"picked":"Leap+1","floor":39},{"not_picked":["Compile Driver+1","Turbo+1","Amplify"],"picked":"SKIP","floor":41},{"not_picked":["Compile Driver+1","Turbo+1","Amplify"],"picked":"SKIP","floor":41},{"not_picked":["Ball Lightning+1","Hologram","Conserve Battery+1"],"picked":"SKIP","floor":46},{"not_picked":["Steam+1","Cold Snap+1","Coolheaded+1"],"picked":"SKIP","floor":47},{"not_picked":["Leap","Lockon+1"],"picked":"Reinforced Body+1","floor":48}],"player_experience":550071,"relics_obtained":[{"floor":8,"key":"Shuriken"},{"floor":9,"key":"Molten Egg 2"},{"floor":11,"key":"Smiling Mask"},{"floor":26,"key":"Bird Faced Urn"},{"floor":38,"key":"Peace Pipe"},{"floor":41,"key":"Bottled Flame"},{"floor":43,"key":"Dodecahedron"},{"floor":44,"key":"Strawberry"}],"event_choices":[{"damage_healed":0,"gold_gain":75,"player_choice":"Gather Gold","damage_taken":11,"max_hp_gain":0,"max_hp_loss":0,"event_name":"World of Goop","floor":2,"gold_loss":0},{"damage_healed":0,"gold_gain":0,"player_choice":"Box","damage_taken":0,"relics_obtained":["Gremlin Horn"],"max_hp_gain":0,"max_hp_loss":0,"event_name":"Big Fish","floor":3,"gold_loss":0,"cards_obtained":["Regret"]},{"damage_healed":0,"gold_gain":0,"player_choice":"Searched \u00271\u0027 times","damage_taken":0,"relics_obtained":["Potion Belt"],"max_hp_gain":0,"max_hp_loss":0,"event_name":"Dead Adventurer","floor":13,"gold_loss":0},{"damage_healed":0,"gold_gain":0,"player_choice":"Ignored","damage_taken":0,"max_hp_gain":0,"max_hp_loss":0,"event_name":"Vampires","floor":19,"gold_loss":0},{"damage_healed":0,"gold_gain":99,"player_choice":"Stole From Cult","damage_taken":0,"max_hp_gain":0,"max_hp_loss":0,"event_name":"Nest","floor":21,"gold_loss":0},{"damage_healed":0,"gold_gain":0,"player_choice":"Fight","damage_taken":0,"max_hp_gain":0,"max_hp_loss":0,"event_name":"MindBloom","floor":38,"gold_loss":0},{"damage_healed":0,"gold_gain":0,"player_choice":"Max HP","damage_taken":0,"max_hp_gain":0,"max_hp_loss":4,"event_name":"Winding Halls","floor":42,"gold_loss":0}],"is_beta":false,"boss_relics":[{"not_picked":["Inserter","Orrery"],"picked":"Lizard Tail"},{"not_picked":["Eternal Feather","Philosopher\u0027s Stone"],"picked":"Nuclear Battery"}],"items_purged_floors":[5,20,30,36],"is_endless":false,"potions_floor_spawned":[4,7,8,11,22,24,28,31,39,41],"ascension_level":0}