{"gold_per_floor":[115,132,142,160,178,208,224,224,292,292,307,307,334,344,344,449,449,467,60,60,70,80,105,118,183,183,103,132,151,151,151,151,255,255,272,272,372,391,391,426,436,452,452,452,481,501,501,513,513,513,513,513,71,99,99],"floor_reached":56,"playtime":3111,"items_purged":["Doubt","Shame","Strike_R+1"],"score":1358,"play_id":"96274e6f-ef3e-4300-9287-8d7427fec603","local_time":"20190920210611","is_ascension_mode":false,"campfire_choices":[{"data":"Whirlwind","floor":8.0,"key":"SMITH"},{"data":"True Grit","floor":12.0,"key":"SMITH"},{"data":"True Grit","floor":15.0,"key":"SMITH"},{"data":"Apotheosis","floor":30,"key":"SMITH"},{"data":"Offering","floor":32,"key":"SMITH"},{"floor":44,"key":"RECALL"},{"data":"Demon Form","floor":47,"key":"SMITH"},{"data":"Double Tap","floor":49,"key":"SMITH"},{"data":"Shockwave","floor":52,"key":"SMITH"}],"neow_cost":"CURSE","seed_source_timestamp":583834129412816,"circlet_count":0,"master_deck":["Strike_R+1","Strike_R+1","Strike_R+1","Defend_R+1","Defend_R+1","Defend_R+1","Defend_R+1","Bash","Headbutt","Pommel Strike","True Grit+1","Feed","Whirlwind+1","Thunderclap","Power Through","Disarm","True Grit+1","Anger","Offering+1","Flame Barrier","Inflame","Shockwave+1","Apotheosis+1","Rampage+1","Evolve+1","Fiend Fire","Demon Form+1","Shrug It Off","Madness","Madness","Sword Boomerang+1","Offering+1","Dropkick+1","Double Tap+1","Shrug It Off+1","Impervious","Burning Pact","Battle Trance","Heavy Blade+1"],"special_seed":0,"relics":["Burning Blood","Charon\u0027s Ashes","Vajra","The Courier","Ancient Tea Set","Cursed Key","Bronze Scales","Prayer Wheel","Tiny Chest","Kunai","Boot","Sozu","StoneCalendar","Omamori","Mercury Hourglass","Pen Nib","Frozen Eye","Pantograph"],"potions_floor_usage":[28,28,55,55],"damage_taken":[{"damage":5.0,"enemies":"Cultist","floor":1.0,"turns":5.0},{"damage":11.0,"enemies":"Jaw Worm","floor":2.0,"turns":2.0},{"damage":7.0,"enemies":"Small Slimes","floor":3.0,"turns":3.0},{"damage":9.0,"enemies":"Blue Slaver","floor":4.0,"turns":5.0},{"damage":11.0,"enemies":"Large Slime","floor":5.0,"turns":6.0},{"damage":28.0,"enemies":"3 Sentries","floor":6.0,"turns":5.0},{"damage":10.0,"enemies":"3 Louse","floor":7.0,"turns":3.0},{"damage":0.0,"enemies":"Lots of Slimes","floor":11.0,"turns":1.0},{"damage":20.0,"enemies":"Lagavulin","floor":13.0,"turns":10.0},{"damage":0.0,"enemies":"Gremlin Gang","floor":14.0,"turns":2.0},{"damage":24.0,"enemies":"The Guardian","floor":16.0,"turns":13.0},{"damage":6.0,"enemies":"Spheric Guardian","floor":18.0,"turns":3.0},{"damage":5,"enemies":"3 Byrds","floor":21,"turns":3},{"damage":9,"enemies":"Snake Plant","floor":22,"turns":3},{"damage":6,"enemies":"Book of Stabbing","floor":23,"turns":3},{"damage":21,"enemies":"Snecko","floor":24,"turns":5},{"damage":24,"enemies":"Gremlin Leader","floor":25,"turns":3},{"damage":19,"enemies":"Slavers","floor":28,"turns":5},{"damage":0,"enemies":"Shelled Parasite and Fungi","floor":29,"turns":5},{"damage":60,"enemies":"Automaton","floor":33,"turns":8},{"damage":3,"enemies":"Orb Walker","floor":35,"turns":3},{"damage":10,"enemies":"Mind Bloom Boss Battle","floor":37,"turns":6},{"damage":29,"enemies":"3 Darklings","floor":38,"turns":6},{"damage":8,"enemies":"Reptomancer","floor":40,"turns":6},{"damage":11,"enemies":"Spire Growth","floor":41,"turns":2},{"damage":14,"enemies":"Transient","floor":42,"turns":5},{"damage":8,"enemies":"Giant Head","floor":45,"turns":6},{"damage":0,"enemies":"4 Shapes","floor":46,"turns":3},{"damage":6,"enemies":"Spire Growth","floor":48,"turns":4},{"damage":55,"enemies":"Time Eater","floor":50,"turns":7},{"damage":12,"enemies":"Shield and Spear","floor":54,"turns":5},{"damage":70,"enemies":"The Heart","floor":55,"turns":7}],"seed_played":"3355315472335865140","potions_obtained":[{"floor":2.0,"key":"Energy Potion"},{"floor":3.0,"key":"Ancient Potion"},{"floor":4.0,"key":"Strength Potion"},{"floor":7.0,"key":"SteroidPotion"},{"floor":33,"key":"FearPotion"}],"is_trial":false,"path_per_floor":["M","M","M","M","M","E","M","R","T","?","M","R","E","M","R","B",null,"M","$","?","M","M","E","M","E","T","$","E","M","R","?","R","B",null,"M","?","?","M","?","E","M","M","T","R","E","M","R","M","R","B",null,"R","$","E","B",null],"character_chosen":"IRONCLAD","items_purchased":["Inflame","Shockwave","Apotheosis","Bronze Scales","Battle Trance","Pen Nib","Frozen Eye"],"campfire_rested":0,"item_purchase_floors":[19,19,19,19,53,53,53],"current_hp_per_floor":[80,75,74,71,69,50,49,49,49,49,55,55,41,47,47,32,92,92,92,92,95,92,95,80,62,62,62,53,63,63,63,63,13,110,113,99,99,76,76,74,69,61,61,61,59,65,65,65,65,16,117,117,117,115,61],"gold":99,"neow_bonus":"ONE_RARE_RELIC","is_prod":false,"is_daily":false,"chose_seed":false,"campfire_upgraded":8,"win_rate":0,"timestamp":1569027971,"path_taken":["M","M","M","M","M","E","M","R","T","?","?","R","E","M","R","BOSS","M","$","?","M","?","E","M","E","T","$","E","M","R","?","R","BOSS","M","?","?","M","?","E","?","M","T","R","E","?","R","M","R","BOSS","R","$","E","BOSS"],"build_version":"2019-07-17","purchased_purges":3,"victory":true,"max_hp_per_floor":[80,80,80,80,83,86,89,89,89,89,89,89,89,89,89,92,92,92,92,92,95,95,98,98,98,98,98,102,106,106,106,106,110,110,113,113,117,117,117,117,117,117,117,117,117,117,117,117,117,117,117,117,117,121,125],"card_choices":[{"not_picked":["Perfected Strike","Clash"],"picked":"Headbutt","floor":1.0},{"not_picked":["Infernal Blade","Clothesline"],"picked":"Pommel Strike","floor":2.0},{"not_picked":["Clash","Thunderclap"],"picked":"True Grit","floor":3.0},{"not_picked":["Battle Trance","Rupture"],"picked":"Feed","floor":4.0},{"not_picked":["Rage","Sever Soul"],"picked":"Whirlwind","floor":5.0},{"not_picked":["Hemokinesis","Flex"],"picked":"Thunderclap","floor":6.0},{"not_picked":["Wild Strike","Flex"],"picked":"Power Through","floor":7.0},{"not_picked":["Armaments","Heavy Blade"],"picked":"Disarm","floor":11.0},{"not_picked":["Havoc","Cleave"],"picked":"True Grit","floor":13.0},{"not_picked":["Warcry","Thunderclap"],"picked":"Anger","floor":14.0},{"not_picked":["Berserk","Immolate"],"picked":"Offering","floor":16.0},{"not_picked":["Corruption","Warcry"],"picked":"Flame Barrier","floor":18.0},{"not_picked":["Reckless Charge","Perfected Strike","Second Wind"],"picked":"SKIP","floor":21},{"not_picked":["Clothesline","Clash"],"picked":"Rampage+1","floor":22},{"not_picked":["Warcry","Flex"],"picked":"Evolve+1","floor":23},{"not_picked":["Battle Trance","Thunderclap+1"],"picked":"Fiend Fire","floor":24},{"not_picked":["Twin Strike","Iron Wave","Pommel Strike+1"],"picked":"SKIP","floor":24},{"not_picked":["Wild Strike+1","Ghostly Armor","Body Slam"],"picked":"SKIP","floor":25},{"not_picked":["Clothesline+1","Cleave","Clash+1"],"picked":"SKIP","floor":28},{"not_picked":["Anger","Body Slam","Uppercut"],"picked":"SKIP","floor":29},{"not_picked":["Flex","Cleave","Pommel Strike"],"picked":"SKIP","floor":29},{"not_picked":["Juggernaut","Reaper"],"picked":"Demon Form","floor":33},{"not_picked":["Cleave","Second Wind"],"picked":"Shrug It Off","floor":35},{"not_picked":["Searing Blow","Infernal Blade","Whirlwind"],"picked":"SKIP","floor":35},{"not_picked":["Sword Boomerang+1","Body Slam+1","Shockwave+1"],"picked":"SKIP","floor":38},{"not_picked":["Seeing Red","Sword Boomerang+1","Blood for Blood"],"picked":"SKIP","floor":38},{"not_picked":["Body Slam+1","Shockwave+1"],"picked":"Sword Boomerang+1","floor":38},{"not_picked":["Seeing Red","Sword Boomerang+1","Blood for Blood"],"picked":"SKIP","floor":38},{"not_picked":["Clothesline+1","Armaments"],"picked":"Dropkick+1","floor":40},{"not_picked":["Pummel+1","Intimidate"],"picked":"Double Tap","floor":41},{"not_picked":["Reckless Charge+1","Fire Breathing+1","Entrench"],"picked":"SKIP","floor":41},{"not_picked":["Thunderclap+1","Warcry"],"picked":"Shrug It Off+1","floor":42},{"not_picked":["Anger","Warcry+1","Pommel Strike"],"picked":"SKIP","floor":42},{"not_picked":["Anger","Heavy Blade","Blood for Blood"],"picked":"SKIP","floor":45},{"not_picked":["Clothesline","Searing Blow+1"],"picked":"Impervious","floor":46},{"not_picked":["Cleave+1","Clash","True Grit+1"],"picked":"SKIP","floor":46},{"not_picked":["Corruption","Inflame+1"],"picked":"Burning Pact","floor":48},{"not_picked":["Anger+1","Bloodletting+1","Twin Strike+1"],"picked":"SKIP","floor":48},{"not_picked":["Rampage","Body Slam"],"picked":"Heavy Blade+1","floor":54}],"player_experience":1298743,"relics_obtained":[{"floor":6.0,"key":"Vajra"},{"floor":9.0,"key":"The Courier"},{"floor":13.0,"key":"Ancient Tea Set"},{"floor":23,"key":"Prayer Wheel"},{"floor":25,"key":"Tiny Chest"},{"floor":26,"key":"Kunai"},{"floor":28,"key":"Boot"},{"floor":37,"key":"StoneCalendar"},{"floor":40,"key":"Omamori"},{"floor":45,"key":"Mercury Hourglass"},{"floor":54,"key":"Pantograph"}],"event_choices":[{"damage_healed":0.0,"max_hp_gain":0.0,"max_hp_loss":0.0,"gold_gain":0.0,"event_name":"Lab","player_choice":"Got Potions","floor":10.0,"gold_loss":0.0,"damage_taken":0.0},{"cards_removed":["Strike_R"],"damage_healed":0,"gold_gain":0,"player_choice":"Offered Basic","damage_taken":0,"max_hp_gain":0,"max_hp_loss":0,"event_name":"Bonfire Elementals","floor":20,"gold_loss":0},{"damage_healed":0,"gold_gain":0,"player_choice":"Simplicity","damage_taken":0,"max_hp_gain":0,"max_hp_loss":0,"event_name":"Back to Basics","floor":31,"gold_loss":0,"cards_upgraded":["Strike_R","Strike_R","Strike_R","Strike_R","Defend_R","Defend_R","Defend_R","Defend_R"]},{"damage_healed":0,"gold_gain":0,"player_choice":"Embrace Madness","damage_taken":14,"max_hp_gain":0,"max_hp_loss":0,"event_name":"Winding Halls","floor":36,"gold_loss":0,"cards_obtained":["Madness","Madness"]},{"damage_healed":0,"gold_gain":0,"player_choice":"Fight","damage_taken":0,"max_hp_gain":0,"max_hp_loss":0,"event_name":"MindBloom","floor":37,"gold_loss":0},{"damage_healed":0,"gold_gain":0,"player_choice":"Copied","damage_taken":0,"max_hp_gain":0,"max_hp_loss":0,"event_name":"Duplicator","floor":39,"gold_loss":0,"cards_obtained":["Offering"]}],"is_beta":false,"boss_relics":[{"not_picked":["Black Star","Lizard Tail"],"picked":"Cursed Key"},{"not_picked":["White Beast Statue","Tiny House"],"picked":"Sozu"}],"items_purged_floors":[19,27,53],"is_endless":false,"potions_floor_spawned":[2,3,4,7,16,18,22,25,33,37,40,42,46],"ascension_level":0}