{"gold_per_floor":[111,111,111,126,138,138,149,149,172,201,239,261,302,332,344,435,447,477,489,159,177,191,225,244,244,244,269,283,283,293,311,311,311],"floor_reached":33,"playtime":2033,"items_purged":["Strike_R"],"score":545,"play_id":"0e408a14-c288-4e85-a0b0-11ab0df55b30","local_time":"20190623215556","is_ascension_mode":true,"campfire_choices":[{"data":"Body Slam","floor":6.0,"key":"SMITH"},{"floor":8.0,"key":"REST"},{"floor":15.0,"key":"REST"},{"floor":25,"key":"REST"},{"floor":29,"key":"REST"},{"data":"Armaments","floor":32,"key":"SMITH"}],"neow_cost":"NONE","seed_source_timestamp":305539195126890,"circlet_count":0,"master_deck":["AscendersBane","Strike_R","Strike_R","Strike_R","Strike_R","Defend_R","Defend_R","Defend_R+1","Defend_R+1","Bash","Finesse","Spot Weakness","Decay","Body Slam+1","Clothesline","Armaments+1","Battle Trance","Uppercut","Battle Trance","Fiend Fire","Bloodletting","Impervious","Power Through","Evolve","Shrug It Off","Power Through"],"special_seed":0,"relics":["Black Blood","MawBank","War Paint","Happy Flower","Bag of Preparation","Singing Bowl","Smiling Mask"],"potions_floor_usage":[23,23,27,30],"damage_taken":[{"damage":7.0,"enemies":"Jaw Worm","floor":1.0,"turns":3.0},{"damage":1.0,"enemies":"2 Louse","floor":4.0,"turns":3.0},{"damage":9.0,"enemies":"Cultist","floor":5.0,"turns":4.0},{"damage":24.0,"enemies":"Exordium Thugs","floor":7.0,"turns":4.0},{"damage":1.0,"enemies":"Exordium Wildlife","floor":10.0,"turns":3.0},{"damage":42.0,"enemies":"3 Sentries","floor":11.0,"turns":8.0},{"damage":6.0,"enemies":"Red Slaver","floor":12.0,"turns":4.0},{"damage":16.0,"enemies":"Gremlin Nob","floor":13.0,"turns":4.0},{"damage":15.0,"enemies":"Lots of Slimes","floor":14.0,"turns":5.0},{"damage":29.0,"enemies":"The Guardian","floor":16.0,"turns":9.0},{"damage":4.0,"enemies":"Chosen","floor":18.0,"turns":4.0},{"damage":0.0,"enemies":"Spheric Guardian","floor":21.0,"turns":3.0},{"damage":24.0,"enemies":"Chosen and Byrds","floor":22.0,"turns":8.0},{"damage":25,"enemies":"Gremlin Leader","floor":23,"turns":4},{"damage":29,"enemies":"Snake Plant","floor":24,"turns":4},{"damage":49,"enemies":"Book of Stabbing","floor":27,"turns":7},{"damage":3,"enemies":"Snecko","floor":28,"turns":4},{"damage":0,"enemies":"Sentry and Sphere","floor":30,"turns":2},{"damage":5,"enemies":"Centurion and Healer","floor":31,"turns":7},{"damage":117,"enemies":"Automaton","floor":33,"turns":12}],"seed_played":"1600259299605324195","potions_obtained":[{"floor":1.0,"key":"Strength Potion"},{"floor":4.0,"key":"Swift Potion"},{"floor":12.0,"key":"EssenceOfSteel"},{"floor":16.0,"key":"Fire Potion"},{"floor":21.0,"key":"PowerPotion"},{"floor":23,"key":"AttackPotion"},{"floor":28,"key":"Fire Potion"}],"is_trial":false,"path_per_floor":["M","?","?","M","M","R","M","R","T","M","E","M","E","M","R","B",null,"M","?","$","M","M","E","M","R","T","E","M","R","M","M","R","B"],"character_chosen":"IRONCLAD","items_purchased":["Impervious","Power Through","Evolve"],"campfire_rested":4,"item_purchase_floors":[20,20,20],"current_hp_per_floor":[67,72,72,77,74,74,56,80,80,80,44,44,34,25,49,26,67,73,73,73,80,66,51,32,56,56,17,26,50,62,69,69,0],"gold":311,"neow_bonus":"RANDOM_COLORLESS","is_prod":false,"is_daily":false,"chose_seed":false,"campfire_upgraded":2,"win_rate":0,"timestamp":1561341356,"path_taken":["M","?","?","M","?","R","M","R","T","M","E","M","E","M","R","BOSS","M","?","$","M","M","E","M","R","T","E","M","R","M","M","R","BOSS"],"build_version":"2019-01-23","purchased_purges":1,"victory":false,"max_hp_per_floor":[75,80,80,80,80,80,80,80,80,80,80,80,80,80,80,80,80,80,80,80,80,80,80,80,80,80,80,82,82,84,86,86,86],"card_choices":[{"not_picked":["Pummel","True Grit"],"picked":"Spot Weakness","floor":1.0},{"not_picked":["Perfected Strike","Cleave"],"picked":"Body Slam","floor":4.0},{"not_picked":["Perfected Strike","Infernal Blade"],"picked":"Clothesline","floor":5.0},{"not_picked":["Reckless Charge","Feel No Pain","Wild Strike"],"picked":"SKIP","floor":7.0},{"not_picked":["Rupture","Sentinel","Second Wind"],"picked":"SKIP","floor":10.0},{"not_picked":["Dual Wield","Dark Embrace"],"picked":"Armaments","floor":11.0},{"not_picked":["Armaments","Pommel Strike"],"picked":"Battle Trance","floor":12.0},{"not_picked":["Clash","Armaments"],"picked":"Uppercut","floor":13.0},{"not_picked":["Pommel Strike","Wild Strike"],"picked":"Battle Trance","floor":14.0},{"not_picked":["Immolate","Offering"],"picked":"Fiend Fire","floor":16.0},{"not_picked":["Armaments","Clash"],"picked":"Bloodletting","floor":18.0},{"not_picked":["Dual Wield","Perfected Strike","Searing Blow"],"picked":"SKIP","floor":21.0},{"not_picked":["Flame Barrier","Pommel Strike","Dual Wield"],"picked":"SKIP","floor":22.0},{"not_picked":["Bludgeon","Armaments","Anger+1"],"picked":"SKIP","floor":23},{"not_picked":["Headbutt","Pommel Strike"],"picked":"Shrug It Off","floor":24},{"not_picked":["Havoc","Thunderclap"],"picked":"Power Through","floor":27},{"not_picked":["Thunderclap","Burning Pact","Sword Boomerang"],"picked":"Singing Bowl","floor":28},{"not_picked":["Thunderclap","Dark Embrace","Dropkick"],"picked":"Singing Bowl","floor":30},{"not_picked":["Perfected Strike","Searing Blow","Armaments"],"picked":"Singing Bowl","floor":31}],"player_experience":1047385,"relics_obtained":[{"floor":9.0,"key":"MawBank"},{"floor":11.0,"key":"War Paint"},{"floor":13.0,"key":"Happy Flower"},{"floor":23,"key":"Bag of Preparation"},{"floor":26,"key":"Singing Bowl"},{"floor":27,"key":"Smiling Mask"}],"event_choices":[{"damage_healed":0.0,"max_hp_gain":5.0,"max_hp_loss":0.0,"gold_gain":0.0,"event_name":"Big Fish","player_choice":"Donut","floor":2.0,"gold_loss":0.0,"damage_taken":0.0},{"damage_healed":0.0,"max_hp_gain":0.0,"max_hp_loss":0.0,"gold_gain":0.0,"event_name":"Wheel of Change","player_choice":"Cursed","floor":3.0,"gold_loss":0.0,"damage_taken":0.0,"cards_obtained":["Decay"]},{"damage_healed":0.0,"max_hp_gain":0.0,"max_hp_loss":0.0,"gold_gain":0.0,"event_name":"Ghosts","player_choice":"Ignored","floor":19.0,"gold_loss":0.0,"damage_taken":0.0}],"is_beta":false,"boss_relics":[{"not_picked":["Tiny House","Eternal Feather"],"picked":"Black Blood"}],"items_purged_floors":[20],"is_endless":false,"potions_floor_spawned":[1,4,7,12,16,21,23,28],"killed_by":"Automaton","ascension_level":16}