{"gold_per_floor":[115,190,190,26,36,36,62,62,62,95,95,95,108,142,142,231,231,244,224,239,5,19,59,87,137,173,225,30,53,97,120,120,219,219,238,252,265,283,343,343],"floor_reached":40,"playtime":3187,"items_purged":["Strike_G"],"score":894,"play_id":"47c79a45-cf37-4ac9-a74b-2986caa0e24b","local_time":"20190819182827","is_ascension_mode":true,"campfire_choices":[{"data":"Noxious Fumes","floor":6.0,"key":"SMITH"},{"data":"Malaise","floor":8.0,"key":"SMITH"},{"data":"Crippling Poison","floor":12.0,"key":"SMITH"},{"floor":15.0,"key":"REST"},{"floor":32.0,"key":"REST"}],"neow_cost":"NONE","seed_source_timestamp":0,"circlet_count":0,"master_deck":["AscendersBane","Strike_G","Defend_G","Defend_G","Defend_G","Defend_G","Defend_G","Survivor","Neutralize+1","Crippling Poison+1","Backstab","Malaise+1","Noxious Fumes+1","Backflip","PiercingWail","Calculated Gamble","Corpse Explosion","PiercingWail+1","Storm of Steel+1","Night Terror+1","Dodge and Roll","Noxious Fumes+1","Dodge and Roll+1","Backflip","PiercingWail","Corpse Explosion","Well Laid Plans+1","Deflect","Backflip"],"special_seed":0,"relics":["Ring of the Snake","Oddly Smooth Stone","Ninja Scroll","Golden Idol","The Courier","Astrolabe","Dead Branch","MawBank","Omamori","Smiling Mask","Frozen Egg 2","Meat on the Bone","Bronze Scales","Black Star","WingedGreaves"],"potions_floor_usage":[40],"damage_taken":[{"damage":1.0,"enemies":"Jaw Worm","floor":1.0,"turns":5.0},{"damage":0.0,"enemies":"Cultist","floor":5.0,"turns":4.0},{"damage":3.0,"enemies":"Lagavulin","floor":7.0,"turns":9.0},{"damage":14.0,"enemies":"3 Sentries","floor":10.0,"turns":6.0},{"damage":0.0,"enemies":"2 Louse","floor":13.0,"turns":2.0},{"damage":25.0,"enemies":"Gremlin Nob","floor":14.0,"turns":5.0},{"damage":14.0,"enemies":"Hexaghost","floor":16.0,"turns":11.0},{"damage":12.0,"enemies":"Spheric Guardian","floor":18.0,"turns":4.0},{"damage":2.0,"enemies":"Shell Parasite","floor":20.0,"turns":6.0},{"damage":0.0,"enemies":"Centurion and Healer","floor":22.0,"turns":7.0},{"damage":7.0,"enemies":"Gremlin Leader","floor":23.0,"turns":7.0},{"damage":5.0,"enemies":"Snecko","floor":24.0,"turns":5.0},{"damage":14.0,"enemies":"Book of Stabbing","floor":25.0,"turns":8.0},{"damage":4.0,"enemies":"Slavers","floor":27.0,"turns":5.0},{"damage":11.0,"enemies":"Cultist and Chosen","floor":29.0,"turns":5.0},{"damage":18.0,"enemies":"Book of Stabbing","floor":30.0,"turns":7.0},{"damage":0.0,"enemies":"Centurion and Healer","floor":31.0,"turns":4.0},{"damage":42.0,"enemies":"Automaton","floor":33.0,"turns":7.0},{"damage":1.0,"enemies":"Orb Walker","floor":35.0,"turns":4.0},{"damage":7.0,"enemies":"3 Darklings","floor":36.0,"turns":3.0},{"damage":0.0,"enemies":"4 Shapes","floor":37.0,"turns":5.0},{"damage":10.0,"enemies":"Maw","floor":38.0,"turns":8.0},{"damage":3.0,"enemies":"2 Orb Walkers","floor":39.0,"turns":3.0},{"damage":44,"enemies":"Giant Head","floor":40,"turns":6}],"seed_played":"4919099899750230262","potions_obtained":[{"floor":1.0,"key":"Swift Potion"},{"floor":5.0,"key":"SpeedPotion"},{"floor":16.0,"key":"EssenceOfSteel"},{"floor":18.0,"key":"Fire Potion"},{"floor":19.0,"key":"EntropicBrew"},{"floor":23.0,"key":"Regen Potion"},{"floor":25.0,"key":"Block Potion"},{"floor":27.0,"key":"Dexterity Potion"},{"floor":39.0,"key":"SteroidPotion"}],"is_trial":false,"path_per_floor":["M","?","?","$","M","R","E","R","T","E","?","R","M","E","R","B",null,"M","?","M","$","M","E","M","E","T","E","$","M","E","M","R","B",null,"M","M","M","M","?","E"],"character_chosen":"THE_SILENT","items_purchased":["Noxious Fumes","Backflip","Dead Branch","Meat on the Bone"],"campfire_rested":2,"item_purchase_floors":[4,4,21,28],"current_hp_per_floor":[58,47,47,47,47,47,44,44,44,30,30,30,30,5,23,9,47,35,35,33,33,33,26,36,22,22,18,18,19,13,25,43,13,48,47,40,40,42,39,0],"gold":343,"neow_bonus":"UPGRADE_CARD","is_prod":false,"is_daily":false,"chose_seed":false,"campfire_upgraded":3,"win_rate":0,"timestamp":1566232107,"path_taken":["M","?","?","$","?","R","E","R","T","E","?","R","M","E","R","BOSS","M","?","M","$","?","E","?","E","T","E","$","M","E","M","R","BOSS","M","M","M","M","?","E"],"build_version":"2019-07-17","purchased_purges":1,"victory":false,"max_hp_per_floor":[66,66,66,66,66,66,66,66,66,66,60,60,60,60,60,60,60,60,60,60,60,60,60,60,60,60,60,60,60,60,60,60,60,60,60,60,60,60,60,60],"card_choices":[{"not_picked":["Dagger Spray","Backflip"],"picked":"Crippling Poison","floor":1.0},{"not_picked":["Bane","Deadly Poison","Infinite Blades"],"picked":"SKIP","floor":5.0},{"not_picked":["Crippling Poison","Setup"],"picked":"PiercingWail","floor":7.0},{"not_picked":["Dagger Spray","Expertise","Dagger Throw"],"picked":"SKIP","floor":10.0},{"not_picked":["Flying Knee","Acrobatics"],"picked":"Calculated Gamble","floor":13.0},{"not_picked":["Dodge and Roll","Heel Hook"],"picked":"Corpse Explosion","floor":14.0},{"not_picked":["Eviscerate","Dagger Throw","All Out Attack"],"picked":"SKIP","floor":18.0},{"not_picked":["Accuracy","Bane+1","Distraction"],"picked":"SKIP","floor":20.0},{"not_picked":["Concentrate","PiercingWail"],"picked":"Dodge and Roll","floor":22.0},{"not_picked":["Tactician","Dodge and Roll"],"picked":"Noxious Fumes+1","floor":23.0},{"not_picked":["Choke","Infinite Blades"],"picked":"Dodge and Roll+1","floor":24.0},{"not_picked":["Sucker Punch","Venomology","Poisoned Stab"],"picked":"SKIP","floor":25.0},{"not_picked":["Cloak And Dagger","Outmaneuver"],"picked":"Backflip","floor":27.0},{"not_picked":["Acrobatics","Underhanded Strike+1","Dodge and Roll"],"picked":"SKIP","floor":29.0},{"not_picked":["Quick Slash","Prepared"],"picked":"PiercingWail","floor":30.0},{"not_picked":["Slice","Flying Knee","Eviscerate"],"picked":"SKIP","floor":31.0},{"not_picked":["Venomology","Doppelganger"],"picked":"Corpse Explosion","floor":33.0},{"not_picked":["Sucker Punch","Outmaneuver"],"picked":"Well Laid Plans+1","floor":35.0},{"not_picked":["Prepared","Sucker Punch+1"],"picked":"Deflect","floor":36.0},{"not_picked":["Prepared","Masterful Stab","Sucker Punch+1"],"picked":"SKIP","floor":37.0},{"not_picked":["Bane","Dash"],"picked":"Backflip","floor":38.0}],"player_experience":747140,"relics_obtained":[{"floor":7.0,"key":"Oddly Smooth Stone"},{"floor":10.0,"key":"Ninja Scroll"},{"floor":14.0,"key":"The Courier"},{"floor":23.0,"key":"MawBank"},{"floor":25.0,"key":"Omamori"},{"floor":26.0,"key":"Smiling Mask"},{"floor":27.0,"key":"Frozen Egg 2"},{"floor":30.0,"key":"Bronze Scales"},{"floor":39.0,"key":"WingedGreaves"}],"event_choices":[{"damage_healed":0.0,"max_hp_gain":0.0,"max_hp_loss":0.0,"gold_gain":75.0,"event_name":"World of Goop","player_choice":"Gather Gold","floor":2.0,"gold_loss":0.0,"damage_taken":11.0},{"damage_healed":0.0,"max_hp_gain":0.0,"max_hp_loss":0.0,"gold_gain":0.0,"event_name":"Match and Keep!","player_choice":"2 cards matched","floor":3.0,"gold_loss":0.0,"damage_taken":0.0,"cards_obtained":["Backstab","Malaise"]},{"damage_healed":0.0,"max_hp_gain":0.0,"max_hp_loss":6.0,"gold_gain":0.0,"event_name":"Golden Idol","player_choice":"Lose Max HP","floor":11.0,"gold_loss":0.0,"damage_taken":0.0,"relics_obtained":["Golden Idol"]},{"damage_healed":0.0,"max_hp_gain":0.0,"max_hp_loss":0.0,"gold_gain":0.0,"event_name":"The Woman in Blue","player_choice":"Bought 1 Potion","floor":19.0,"gold_loss":0.0,"damage_taken":0.0},{"damage_healed":0.0,"max_hp_gain":0.0,"max_hp_loss":0.0,"gold_gain":0.0,"event_name":"Mysterious Sphere","player_choice":"Fight","floor":39.0,"gold_loss":0.0,"damage_taken":0.0}],"is_beta":false,"boss_relics":[{"not_picked":["Cursed Key","Ring of the Serpent"],"picked":"Astrolabe"},{"not_picked":["Runic Dome","Empty Cage"],"picked":"Black Star"}],"items_purged_floors":[4],"is_endless":false,"potions_floor_spawned":[1,5,16,18,23,25,27,31,36,37,39],"killed_by":"Giant Head","ascension_level":15}