{"gold_per_floor":[114,114,129,144,144,144,159,189,214,229,244,244,274,289,289,389,389,404,127,127,142,157,157,187,247,272,197,197,227,227,227,227,327,327,342,342,357,357,382,412,442,442,442,442,0,30,57,84,96,108],"floor_reached":51,"playtime":3300,"items_purged":["Strike_B"],"score":953,"play_id":"fb556248-1dd9-4958-8a5b-1e00e33254b1","local_time":"20190620144157","daily_mods":["Specialized","ControlledChaos","Binary"],"is_ascension_mode":false,"campfire_choices":[{"data":"Zap","floor":6,"key":"SMITH"},{"floor":12,"key":"REST"},{"data":"Chill","floor":15,"key":"SMITH"},{"data":"Defragment","floor":23,"key":"SMITH"},{"floor":28,"key":"REST"},{"floor":30,"key":"REST"},{"floor":32,"key":"REST"},{"floor":42,"key":"REST"},{"floor":44,"key":"REST"},{"data":"Amplify","floor":49,"key":"SMITH"}],"neow_cost":"","seed_source_timestamp":0,"circlet_count":0,"master_deck":["Strike_B+1","Defend_B","Defend_B","Defend_B","Defend_B","Zap+1","Dualcast","Streamline+1","Loop","Hologram","Go for the Eyes","Hologram","Loop","Coolheaded","Rebound","Chill+1","Coolheaded","Amplify+1","Parasite","Decay","Writhe","Loop","Defragment+1","Loop","Buffer","Doom and Gloom","Undo+1","Undo+1","Biased Cognition","Aggregate+1","Hologram+1","Hologram+1","Electrodynamics","Storm+1","Coolheaded+1","Turbo+1"],"special_seed":18067,"relics":["Cracked Core","Frozen Eye","Question Card","Whetstone","Centennial Puzzle","Smiling Mask","Calling Bell","Juzu Bracelet","Letter Opener","WingedGreaves","Bag of Preparation","Matryoshka","Tiny Chest","Omamori","PreservedInsect","Toxic Egg 2","Snecko Eye","Vajra","Mummified Hand","Potion Belt","Bottled Tornado","Bottled Flame","Frozen Egg 2","Red Mask","MawBank"],"potions_floor_usage":[29,50,50],"damage_taken":[{"damage":0,"enemies":"Small Slimes","floor":1,"turns":2},{"damage":6,"enemies":"Cultist","floor":3,"turns":3},{"damage":0,"enemies":"2 Louse","floor":4,"turns":2},{"damage":22,"enemies":"Gremlin Gang","floor":7,"turns":3},{"damage":15,"enemies":"Lagavulin","floor":8,"turns":6},{"damage":0,"enemies":"Large Slime","floor":10,"turns":5},{"damage":0,"enemies":"Looter","floor":11,"turns":4},{"damage":14,"enemies":"Gremlin Nob","floor":13,"turns":3},{"damage":4,"enemies":"Exordium Wildlife","floor":14,"turns":2},{"damage":13,"enemies":"Hexaghost","floor":16,"turns":10},{"damage":10,"enemies":"Chosen","floor":18,"turns":7},{"damage":6,"enemies":"3 Byrds","floor":21,"turns":6},{"damage":12,"enemies":"Centurion and Healer","floor":22,"turns":10},{"damage":9,"enemies":"Slavers","floor":24,"turns":7},{"damage":35,"enemies":"Gremlin Leader","floor":25,"turns":8},{"damage":17,"enemies":"Book of Stabbing","floor":29,"turns":5},{"damage":50,"enemies":"Collector","floor":33,"turns":13},{"damage":0,"enemies":"3 Darklings","floor":35,"turns":5},{"damage":36,"enemies":"3 Shapes","floor":37,"turns":4},{"damage":0,"enemies":"Nemesis","floor":40,"turns":7},{"damage":27,"enemies":"Reptomancer","floor":41,"turns":10},{"damage":0,"enemies":"Giant Head","floor":46,"turns":5},{"damage":0,"enemies":"Maw","floor":47,"turns":5},{"damage":0,"enemies":"4 Shapes","floor":48,"turns":5},{"damage":17,"enemies":"Donu and Deca","floor":50,"turns":5}],"seed_played":"3448496253147609939","potions_obtained":[{"floor":1,"key":"FearPotion"},{"floor":4,"key":"LiquidBronze"},{"floor":7,"key":"SpeedPotion"},{"floor":14,"key":"Block Potion"},{"floor":24,"key":"Ancient Potion"},{"floor":35,"key":"Poison Potion"}],"is_trial":false,"path_per_floor":["M","?","M","M","?","R","M","E","T","M","M","R","E","M","R","B",null,"M","$","?","M","M","R","E","E","T","?","R","E","R","?","R","B",null,"M","?","M","T","T","E","E","R","T","R","?","E","M","M","R","B",null],"character_chosen":"DEFECT","items_purchased":["Defragment","Bag of Preparation"],"campfire_rested":6,"item_purchase_floors":[19,19],"current_hp_per_floor":[75,75,69,69,69,69,47,32,32,32,32,54,40,36,36,23,75,65,65,65,59,47,47,38,3,3,3,25,8,30,30,52,2,75,75,75,39,39,39,39,12,34,34,56,56,56,56,56,56,39],"gold":120,"neow_bonus":"","is_prod":false,"is_daily":true,"chose_seed":false,"campfire_upgraded":4,"win_rate":0,"timestamp":1561034517,"path_taken":["M","?","?","M","?","R","?","E","T","M","M","R","E","M","R","BOSS","M","$","?","M","M","R","E","E","T","?","R","E","R","?","R","BOSS","M","?","M","?","?","E","E","R","T","R","?","E","M","M","R","BOSS"],"build_version":"2019-01-23","purchased_purges":1,"victory":true,"max_hp_per_floor":[75,75,75,75,75,75,75,75,75,75,75,75,75,75,75,75,75,75,75,75,75,75,75,75,75,75,75,75,75,75,75,75,75,75,75,75,75,75,75,75,75,75,75,75,75,75,75,75,75,75],"card_choices":[{"not_picked":["Capacitor"],"picked":"Loop","floor":1},{"not_picked":["Compile Driver","Cold Snap"],"picked":"Auto Shields","floor":3},{"not_picked":["Scrape","Go for the Eyes"],"picked":"Hologram","floor":4},{"not_picked":["Compile Driver","Blizzard"],"picked":"Hologram","floor":7},{"not_picked":["Conserve Battery","Compile Driver"],"picked":"Loop","floor":8},{"not_picked":["Compile Driver","Chaos"],"picked":"Coolheaded","floor":10},{"not_picked":["Barrage","Stack"],"picked":"Rebound","floor":11},{"not_picked":["Chaos","Hologram"],"picked":"Chill","floor":13},{"not_picked":["Fission","Steam"],"picked":"Coolheaded","floor":14},{"not_picked":["Machine Learning","Creative AI"],"picked":"Amplify","floor":16},{"not_picked":["Auto Shields","Cold Snap+1"],"picked":"Loop","floor":18},{"not_picked":["Gash+1","Stack"],"picked":"Doom and Gloom","floor":21},{"not_picked":["Compile Driver","Aggregate","Rebound"],"picked":"SKIP","floor":22},{"not_picked":["Auto Shields","Loop"],"picked":"Undo+1","floor":24},{"not_picked":["Genetic Algorithm","Barrage","Amplify"],"picked":"SKIP","floor":25},{"not_picked":["Scrape","Sweeping Beam","Go for the Eyes+1"],"picked":"SKIP","floor":29},{"not_picked":["Creative AI","Meteor Strike"],"picked":"Biased Cognition","floor":33},{"not_picked":["Storm","Conserve Battery+1"],"picked":"Aggregate+1","floor":35},{"not_picked":["FTL+1","Gash+1"],"picked":"Hologram+1","floor":37},{"not_picked":["Rebound+1","Conserve Battery+1"],"picked":"Hologram+1","floor":40},{"not_picked":["Compile Driver+1","Consume+1"],"picked":"Electrodynamics","floor":41},{"not_picked":["Melter+1","Go for the Eyes+1"],"picked":"Storm+1","floor":46},{"not_picked":["Rebound+1","Streamline"],"picked":"Coolheaded+1","floor":47},{"not_picked":["Doom and Gloom","Conserve Battery+1"],"picked":"Turbo+1","floor":48}],"player_experience":580296,"relics_obtained":[{"floor":8,"key":"Whetstone"},{"floor":9,"key":"Centennial Puzzle"},{"floor":13,"key":"Smiling Mask"},{"floor":17,"key":"Juzu Bracelet"},{"floor":17,"key":"Letter Opener"},{"floor":17,"key":"WingedGreaves"},{"floor":24,"key":"Matryoshka"},{"floor":25,"key":"Tiny Chest"},{"floor":26,"key":"Omamori"},{"floor":26,"key":"PreservedInsect"},{"floor":29,"key":"Toxic Egg 2"},{"floor":38,"key":"Vajra"},{"floor":38,"key":"Mummified Hand"},{"floor":39,"key":"Potion Belt"},{"floor":40,"key":"Bottled Tornado"},{"floor":41,"key":"Bottled Flame"},{"floor":43,"key":"Frozen Egg 2"},{"floor":46,"key":"MawBank"}],"event_choices":[{"cards_removed":["Streamline"],"damage_healed":0,"gold_gain":0,"player_choice":"Gave Card","damage_taken":0,"relics_obtained":["Question Card"],"max_hp_gain":0,"max_hp_loss":0,"event_name":"WeMeetAgain","floor":2,"gold_loss":0},{"damage_healed":0,"gold_gain":0,"cards_transformed":["Streamline"],"player_choice":"Transformed","damage_taken":0,"max_hp_gain":0,"max_hp_loss":0,"event_name":"Transmorgrifier","floor":5,"gold_loss":0,"cards_obtained":["Go for the Eyes"]},{"damage_healed":0,"gold_gain":0,"cards_transformed":["Strike_B","Strike_B"],"player_choice":"Became Test Subject","damage_taken":0,"max_hp_gain":0,"max_hp_loss":0,"event_name":"Drug Dealer","floor":20,"gold_loss":0,"cards_obtained":["Loop","Buffer"]},{"cards_removed":["Streamline"],"damage_healed":0,"gold_gain":0,"player_choice":"Gave Gold","damage_taken":0,"max_hp_gain":0,"max_hp_loss":0,"event_name":"Beggar","floor":27,"gold_loss":75},{"damage_healed":0,"gold_gain":0,"cards_transformed":["Streamline"],"player_choice":"Transformed","damage_taken":0,"max_hp_gain":0,"max_hp_loss":0,"event_name":"Transmorgrifier","floor":31,"gold_loss":0,"cards_obtained":["Undo"]},{"cards_removed":["Auto Shields"],"damage_healed":0,"gold_gain":0,"player_choice":"Offered Uncommon","damage_taken":0,"max_hp_gain":0,"max_hp_loss":0,"event_name":"Bonfire Elementals","floor":36,"gold_loss":0},{"damage_healed":0,"gold_gain":0,"player_choice":"Paid","damage_taken":0,"relics_obtained":["Red Mask"],"max_hp_gain":0,"max_hp_loss":0,"event_name":"Tomb of Lord Red Mask","floor":45,"gold_loss":442}],"is_beta":false,"boss_relics":[{"not_picked":["FrozenCore","Velvet Choker"],"picked":"Calling Bell"},{"not_picked":["Tiny House","Eternal Feather"],"picked":"Snecko Eye"}],"items_purged_floors":[19],"is_endless":false,"potions_floor_spawned":[1,4,7,14,21,24,35,37],"ascension_level":0}