{"gold_per_floor":[118,118,293,306,306,337,337,347,347,347,347,373,406,421,421,421],"floor_reached":16,"playtime":1217,"items_purged":[],"score":133,"play_id":"e9ef7ad2-a333-4958-ab89-6453b727853c","local_time":"20180716205351","is_ascension_mode":false,"campfire_choices":[{"data":"Zap","floor":7,"key":"SMITH"},{"data":"Pain","floor":10,"key":"PURGE"},{"data":"Strike_B","floor":15,"key":"PURGE"}],"neow_cost":"NONE","seed_source_timestamp":1820291503309003,"circlet_count":0,"master_deck":["Strike_B","Strike_B","Defend_B","Defend_B","Defend_B","Defend_B","Zap+1","Dualcast","Cold Snap","Conserve Battery","Auto Shields","Static Discharge","Pain","Gash","Gash"],"relics":["Cursed Key","Bottled Lightning","Peace Pipe","Orichalcum","Blood Vial","Centennial Puzzle"],"potions_floor_usage":[13,16],"damage_taken":[{"damage":11,"enemies":"Jaw Worm","floor":1,"turns":4},{"damage":0,"enemies":"2 Louse","floor":4,"turns":4},{"damage":6,"enemies":"Lagavulin","floor":6,"turns":8},{"damage":0,"enemies":"Cultist","floor":8,"turns":4},{"damage":7,"enemies":"3 Sentries","floor":13,"turns":7},{"damage":3,"enemies":"3 Louse","floor":14,"turns":3},{"damage":29,"enemies":"Hexaghost","floor":16,"turns":10}],"seed_played":"7246525096709838796","potions_obtained":[{"floor":1,"key":"Explosive Potion"},{"floor":6,"key":"Explosive Potion"}],"is_trial":false,"path_per_floor":["M","?","?","M","?","E","R","M","T","R","?","T","E","M","R"],"character_chosen":"DEFECT","items_purchased":[],"campfire_rested":0,"item_purchase_floors":[],"current_hp_per_floor":[64,57,57,57,57,51,51,51,51,51,33,33,28,27,27,0],"gold":421,"neow_bonus":"BOSS_RELIC","is_prod":false,"is_daily":false,"chose_seed":false,"campfire_upgraded":1,"win_rate":0,"timestamp":1531788831,"path_taken":["M","?","?","M","?","E","R","M","T","R","?","?","E","M","R","BOSS"],"build_version":"2018-07-12","purchased_purges":0,"victory":false,"max_hp_per_floor":[75,75,75,75,75,75,75,75,75,75,75,75,75,75,75,75],"card_choices":[{"not_picked":["Scrape","Ball Lightning"],"picked":"Cold Snap","floor":1},{"not_picked":["Gash","Fusion"],"picked":"Conserve Battery","floor":4},{"not_picked":["Steam","Conserve Battery"],"picked":"Auto Shields","floor":6},{"not_picked":["Coolheaded","Lockon"],"picked":"Static Discharge","floor":8},{"not_picked":["Consume","Compile Driver"],"picked":"Gash","floor":13},{"not_picked":["Amplify","Steam"],"picked":"Gash","floor":14}],"player_experience":143318,"relics_obtained":[{"floor":6,"key":"Bottled Lightning"},{"floor":9,"key":"Peace Pipe"},{"floor":12,"key":"Blood Vial"},{"floor":13,"key":"Centennial Puzzle"}],"event_choices":[{"event_name":"Golden Wing","player_choice":"Card Removal","floor":2,"damage_taken":0},{"event_name":"Liars Game","player_choice":"agreed","floor":3,"damage_taken":0},{"event_name":"Living Wall","player_choice":"Forget","floor":5,"damage_taken":0},{"event_name":"Scrap Ooze","player_choice":"success","floor":11,"damage_taken":18}],"boss_relics":[],"items_purged_floors":[],"is_endless":false,"potions_floor_spawned":[1,6],"killed_by":"Hexaghost","ascension_level":0}