{"gold_per_floor":[361,2,16,16,32,67,67,102,102,102,102,136,148,73,73,145,145,162,162,8,26,26,26,59,59,113,113,144,144,144,144,144,217,217,236,236,336,349,349,349,377,377,454,472,491,507,522,547,547,547,547,547,41,68,68],"floor_reached":55,"playtime":2699,"items_purged":["Strike_R","Anger"],"score":1457,"play_id":"ac56655f-fbbb-431b-be95-b271c44de6ac","local_time":"20190803201331","is_ascension_mode":true,"campfire_choices":[{"floor":7.0,"key":"REST"},{"data":"1","floor":11.0,"key":"LIFT"},{"data":"Apotheosis","floor":15.0,"key":"SMITH"},{"data":"2","floor":23.0,"key":"LIFT"},{"data":"3","floor":25.0,"key":"LIFT"},{"data":"Corruption","floor":27.0,"key":"SMITH"},{"data":"Berserk","floor":29.0,"key":"SMITH"},{"data":"Shockwave","floor":32.0,"key":"SMITH"},{"data":"Offering","floor":40.0,"key":"SMITH"},{"floor":42.0,"key":"RECALL"},{"data":"Uppercut","floor":49.0,"key":"SMITH"},{"floor":52.0,"key":"REST"}],"neow_cost":"PERCENT_DAMAGE","seed_source_timestamp":349371322592484,"circlet_count":0,"master_deck":["AscendersBane","Defend_R","Defend_R","Defend_R","Defend_R","Bash","Iron Wave","Apotheosis+1","Shockwave+1","Metallicize","Whirlwind","Double Tap","Berserk+1","Limit Break","Pommel Strike","Spot Weakness","Corruption+1","Shrug It Off","Bite","Bite","Bite","Bite","Bite","Flame Barrier+1","Offering+1","Sword Boomerang+1","Dark Shackles","Panache","Inflame+1","Ghostly Armor+1","Spot Weakness","Uppercut+1","Flame Barrier+1","Flame Barrier"],"special_seed":0,"relics":["Burning Blood","Lantern","Girya","Pear","Pen Nib","Sozu","Smiling Mask","Omamori","Question Card","Busted Crown","FossilizedHelix","Dead Branch","War Paint","Charon\u0027s Ashes","Vajra","Mercury Hourglass"],"potions_floor_usage":[55,55],"damage_taken":[{"damage":8.0,"enemies":"Jaw Worm","floor":1.0,"turns":4.0},{"damage":0.0,"enemies":"2 Louse","floor":3.0,"turns":4.0},{"damage":0.0,"enemies":"Cultist","floor":5.0,"turns":4.0},{"damage":24.0,"enemies":"Gremlin Nob","floor":6.0,"turns":5.0},{"damage":10.0,"enemies":"Lagavulin","floor":8.0,"turns":6.0},{"damage":9.0,"enemies":"3 Sentries","floor":12.0,"turns":5.0},{"damage":1.0,"enemies":"3 Louse","floor":13.0,"turns":2.0},{"damage":21.0,"enemies":"The Guardian","floor":16.0,"turns":9.0},{"damage":2.0,"enemies":"3 Byrds","floor":18.0,"turns":4.0},{"damage":25.0,"enemies":"Spheric Guardian","floor":21.0,"turns":4.0},{"damage":33.0,"enemies":"Slavers","floor":24.0,"turns":10.0},{"damage":7.0,"enemies":"Gremlin Leader","floor":28.0,"turns":4.0},{"damage":45.0,"enemies":"Collector","floor":33.0,"turns":6.0},{"damage":2.0,"enemies":"Orb Walker","floor":35.0,"turns":3.0},{"damage":12.0,"enemies":"Mind Bloom Boss Battle","floor":37.0,"turns":5.0},{"damage":0.0,"enemies":"3 Darklings","floor":38.0,"turns":1.0},{"damage":6.0,"enemies":"Nemesis","floor":41.0,"turns":5.0},{"damage":0.0,"enemies":"Spire Growth","floor":44.0,"turns":2.0},{"damage":0.0,"enemies":"Transient","floor":45.0,"turns":5.0},{"damage":7.0,"enemies":"4 Shapes","floor":46.0,"turns":3.0},{"damage":0.0,"enemies":"Maw","floor":47.0,"turns":3.0},{"damage":19.0,"enemies":"Reptomancer","floor":48.0,"turns":4.0},{"damage":58.0,"enemies":"Awakened One","floor":50.0,"turns":8.0},{"damage":0.0,"enemies":"Shield and Spear","floor":54.0,"turns":3.0},{"damage":76,"enemies":"The Heart","floor":55,"turns":3}],"seed_played":"5892428280280164165","potions_obtained":[{"floor":6.0,"key":"LiquidBronze"},{"floor":8.0,"key":"Regen Potion"}],"is_trial":false,"path_per_floor":["M","$","M","?","M","E","R","E","T","?","R","E","M","$","R","B",null,"M","?","$","M","?","R","E","R","T","R","E","R","?","?","R","B",null,"M","?","?","M","?","R","E","R","T","M","M","M","M","E","R","B",null,"R","$","E","B"],"character_chosen":"IRONCLAD","items_purchased":["Apotheosis","Shockwave","Metallicize","Anger","Spot Weakness","Corruption","Charon\u0027s Ashes","Vajra"],"campfire_rested":2,"item_purchase_floors":[2,2,2,2,20,20,53,53],"current_hp_per_floor":[48,48,54,31,37,19,41,37,47,40,40,37,42,42,42,27,71,75,70,70,51,51,51,54,54,54,54,59,59,43,43,43,33,56,64,54,57,63,61,61,61,61,61,61,61,61,61,54,54,20,51,61,61,61,0],"gold":68,"neow_bonus":"TWO_FIFTY_GOLD","is_prod":false,"is_daily":false,"chose_seed":false,"campfire_upgraded":6,"win_rate":0,"timestamp":1564856011,"path_taken":["M","$","M","?","M","E","R","E","T","?","R","E","M","$","R","BOSS","M","?","$","?","?","R","E","R","T","R","E","R","?","?","R","BOSS","M","?","?","M","?","R","E","R","T","?","M","M","?","E","R","BOSS","R","$","E","BOSS"],"build_version":"2019-07-17","purchased_purges":2,"victory":false,"max_hp_per_floor":[75,75,75,75,75,75,75,75,85,85,85,85,85,85,85,85,85,85,85,85,85,59,59,59,59,59,59,59,59,64,64,64,64,64,64,64,64,64,61,61,61,61,61,61,61,61,61,61,61,61,61,61,61,61,61],"card_choices":[{"not_picked":["Heavy Blade","True Grit"],"picked":"Iron Wave","floor":1.0},{"not_picked":["Warcry","Flex","Armaments"],"picked":"SKIP","floor":3.0},{"not_picked":["Dropkick","Headbutt"],"picked":"Whirlwind","floor":5.0},{"not_picked":["Pummel","Rupture","Flex"],"picked":"SKIP","floor":6.0},{"not_picked":["Warcry","Perfected Strike"],"picked":"Double Tap","floor":8.0},{"not_picked":["Thunderclap","Clothesline"],"picked":"Berserk","floor":12.0},{"not_picked":["Pommel Strike","Heavy Blade","Headbutt"],"picked":"SKIP","floor":13.0},{"not_picked":["Berserk","Exhume"],"picked":"Limit Break","floor":16.0},{"not_picked":["Cleave","Body Slam"],"picked":"Pommel Strike","floor":18.0},{"not_picked":["Reckless Charge","Cleave"],"picked":"Shrug It Off","floor":21.0},{"not_picked":["Reckless Charge","Hemokinesis","Anger"],"picked":"SKIP","floor":24.0},{"not_picked":["Clothesline","Corruption"],"picked":"Flame Barrier","floor":28.0},{"not_picked":["Barricade","Demon Form","Limit Break"],"picked":"Offering","floor":33.0},{"not_picked":["Havoc"],"picked":"Sword Boomerang+1","floor":35.0},{"not_picked":["Mind Blast"],"picked":"Dark Shackles","floor":36.0},{"not_picked":["Thinking Ahead"],"picked":"Panache","floor":36.0},{"not_picked":["True Grit"],"picked":"Inflame+1","floor":38.0},{"not_picked":["Clash+1"],"picked":"Ghostly Armor","floor":41.0},{"not_picked":["Ghostly Armor"],"picked":"Spot Weakness","floor":44.0},{"not_picked":["Wild Strike+1","Clothesline"],"picked":"SKIP","floor":45.0},{"not_picked":["Armaments+1"],"picked":"Uppercut","floor":46.0},{"not_picked":["Clash","Inflame"],"picked":"SKIP","floor":47.0},{"not_picked":["Shrug It Off+1"],"picked":"Flame Barrier+1","floor":48.0},{"not_picked":["Disarm"],"picked":"Flame Barrier","floor":54.0}],"player_experience":710066,"relics_obtained":[{"floor":6.0,"key":"Lantern"},{"floor":8.0,"key":"Girya"},{"floor":9.0,"key":"Pear"},{"floor":12.0,"key":"Pen Nib"},{"floor":24.0,"key":"Smiling Mask"},{"floor":26.0,"key":"Omamori"},{"floor":28.0,"key":"Question Card"},{"floor":37.0,"key":"FossilizedHelix"},{"floor":41.0,"key":"Dead Branch"},{"floor":48.0,"key":"War Paint"},{"floor":54.0,"key":"Mercury Hourglass"}],"event_choices":[{"damage_healed":0.0,"max_hp_gain":0.0,"max_hp_loss":0.0,"gold_gain":0.0,"event_name":"Shining Light","player_choice":"Entered Light","floor":4.0,"gold_loss":0.0,"damage_taken":23.0,"cards_upgraded":["Strike_R","Strike_R"]},{"cards_removed":["Strike_R"],"damage_healed":0.0,"max_hp_gain":0.0,"max_hp_loss":0.0,"gold_gain":0.0,"event_name":"Golden Wing","player_choice":"Card Removal","floor":10.0,"gold_loss":0.0,"damage_taken":7.0},{"damage_healed":0.0,"max_hp_gain":0.0,"max_hp_loss":0.0,"gold_gain":0.0,"event_name":"The Woman in Blue","player_choice":"Bought 0 Potions","floor":19.0,"gold_loss":0.0,"damage_taken":0.0},{"damage_healed":0.0,"max_hp_gain":0.0,"max_hp_loss":26.0,"gold_gain":0.0,"event_name":"Vampires","player_choice":"Became a vampire","floor":22.0,"gold_loss":0.0,"damage_taken":0.0,"cards_obtained":["Bite","Bite","Bite","Bite","Bite"]},{"damage_healed":0.0,"max_hp_gain":5.0,"max_hp_loss":0.0,"gold_gain":0.0,"event_name":"Forgotten Altar","player_choice":"Shed Blood","floor":30.0,"gold_loss":0.0,"damage_taken":21.0},{"damage_healed":0.0,"max_hp_gain":0.0,"max_hp_loss":0.0,"gold_gain":0.0,"event_name":"Beggar","player_choice":"Ignored","floor":31.0,"gold_loss":0.0,"damage_taken":0.0},{"damage_healed":0.0,"max_hp_gain":0.0,"max_hp_loss":0.0,"gold_gain":0.0,"event_name":"SensoryStone","player_choice":"Memory 3","floor":36.0,"gold_loss":0.0,"damage_taken":10.0},{"damage_healed":0.0,"max_hp_gain":0.0,"max_hp_loss":0.0,"gold_gain":0.0,"event_name":"MindBloom","player_choice":"Fight","floor":37.0,"gold_loss":0.0,"damage_taken":0.0},{"damage_healed":0.0,"max_hp_gain":0.0,"max_hp_loss":3.0,"gold_gain":0.0,"event_name":"Winding Halls","player_choice":"Max HP","floor":39.0,"gold_loss":0.0,"damage_taken":0.0}],"is_beta":false,"boss_relics":[{"not_picked":["Cursed Key","Calling Bell"],"picked":"Sozu"},{"not_picked":["Mark of Pain","Runic Cube"],"picked":"Busted Crown"}],"items_purged_floors":[14,53],"is_endless":false,"potions_floor_spawned":[6,8,12,24,38,44,45,48,54],"killed_by":"The Heart","ascension_level":15}