{"gold_per_floor":[112,128,203,220,43,43,73,73,73,104,104,104,15,31,31,31],"floor_reached":16,"playtime":729,"items_purged":["Strike_B","Defend_B"],"score":184,"play_id":"b11a228b-aa06-4d1b-9b25-48da9518d8de","local_time":"20190613193817","is_ascension_mode":true,"campfire_choices":[{"floor":6.0,"key":"REST"},{"data":"Fusion","floor":8.0,"key":"SMITH"},{"floor":11.0,"key":"REST"},{"data":"Skim","floor":15,"key":"SMITH"}],"neow_cost":"NONE","seed_source_timestamp":2049637150111138,"circlet_count":0,"master_deck":["AscendersBane","Strike_B","Strike_B","Strike_B","Defend_B","Defend_B","Defend_B","Zap+1","Dualcast","Cold Snap","Genetic Algorithm","Conserve Battery","Self Repair","Rip and Tear","Fusion+1","Double Energy","Capacitor","Skim+1"],"special_seed":0,"relics":["Cracked Core","Bottled Flame","Anchor","Smiling Mask"],"potions_floor_usage":[16],"damage_taken":[{"damage":6.0,"enemies":"Cultist","floor":1.0,"turns":4.0},{"damage":6.0,"enemies":"Small Slimes","floor":2.0,"turns":4.0},{"damage":8.0,"enemies":"Jaw Worm","floor":4.0,"turns":4.0},{"damage":30.0,"enemies":"3 Sentries","floor":7.0,"turns":8.0},{"damage":29.0,"enemies":"Lagavulin","floor":10.0,"turns":8.0},{"damage":6.0,"enemies":"Blue Slaver","floor":14.0,"turns":4.0},{"damage":59,"enemies":"Slime Boss","floor":16,"turns":10}],"seed_played":"-7675583114898852203","potions_obtained":[{"floor":1.0,"key":"Energy Potion"},{"floor":14,"key":"SkillPotion"}],"is_trial":false,"path_per_floor":["M","M","?","M","$","R","E","R","T","E","R","?","$","M","R","B"],"character_chosen":"DEFECT","items_purchased":["Self Repair","Rip and Tear","Capacitor"],"campfire_rested":2,"item_purchase_floors":[5,5,13],"current_hp_per_floor":[65,59,48,40,40,63,40,40,40,18,41,41,41,42,42,0],"gold":31,"neow_bonus":"TEN_PERCENT_HP_BONUS","is_prod":false,"is_daily":false,"chose_seed":false,"campfire_upgraded":2,"win_rate":0,"timestamp":1560469097,"path_taken":["M","?","?","M","?","R","E","R","T","E","R","?","$","M","R","BOSS"],"build_version":"2019-01-23","purchased_purges":2,"victory":false,"max_hp_per_floor":[78,78,78,78,78,78,78,78,78,78,78,78,78,78,78,78],"card_choices":[{"not_picked":["Recycle","Compile Driver"],"picked":"Cold Snap","floor":1.0},{"not_picked":["Self Repair","Beam Cell"],"picked":"Genetic Algorithm","floor":2.0},{"not_picked":["Thunder Strike","Beam Cell"],"picked":"Conserve Battery","floor":4.0},{"not_picked":["Rebound","Streamline"],"picked":"Fusion","floor":7.0},{"not_picked":["Recycle","Aggregate"],"picked":"Double Energy","floor":10.0},{"not_picked":["Leap","Go for the Eyes"],"picked":"Skim","floor":14}],"player_experience":1006983,"relics_obtained":[{"floor":7.0,"key":"Bottled Flame"},{"floor":9.0,"key":"Anchor"},{"floor":10.0,"key":"Smiling Mask"}],"event_choices":[{"damage_healed":0.0,"max_hp_gain":0.0,"max_hp_loss":0.0,"gold_gain":75.0,"event_name":"World of Goop","player_choice":"Gather Gold","floor":3.0,"gold_loss":0.0,"damage_taken":11.0},{"damage_healed":0.0,"max_hp_gain":0.0,"max_hp_loss":0.0,"gold_gain":0.0,"event_name":"Upgrade Shrine","player_choice":"Upgraded","floor":12.0,"gold_loss":0.0,"damage_taken":0.0,"cards_upgraded":["Zap"]}],"is_beta":false,"boss_relics":[],"items_purged_floors":[5,13],"is_endless":false,"potions_floor_spawned":[1,14],"killed_by":"Slime Boss","ascension_level":14}