{"gold_per_floor":[116,136,61,136,152,180,180,237,237,237,237,263,34,47,47,150,150,161,191,191,203,203,229,229,241,268,0,10,10,21,52,52,155,155,165,387,213,213,233,266,266,278,326,357,374,392,392,392,392,392,392,392,8,34,34],"floor_reached":56,"playtime":3179,"items_purged":["Strike_R","Strike_R","Injury"],"score":1303,"play_id":"e74d8c85-7d95-47f9-ac7f-791a83d10eb2","local_time":"20191015200002","is_ascension_mode":false,"campfire_choices":[{"data":"Uppercut","floor":7,"key":"SMITH"},{"data":"True Grit","floor":11,"key":"SMITH"},{"data":"Shrug It Off","floor":15,"key":"SMITH"},{"data":"Spot Weakness","floor":24,"key":"SMITH"},{"data":"Heavy Blade","floor":32,"key":"SMITH"},{"floor":41,"key":"RECALL"},{"floor":47,"key":"REST"},{"floor":49,"key":"REST"},{"floor":52,"key":"REST"}],"neow_cost":"NONE","seed_source_timestamp":792349783613200,"circlet_count":0,"master_deck":["Strike_R+1","Strike_R+1","Strike_R+1","Defend_R+1","Defend_R+1","Defend_R+1","Defend_R+1","Bash+1","True Grit+1","Uppercut+1","Headbutt","Limit Break+1","True Grit","Shrug It Off+1","Spot Weakness+1","Offering","True Grit","Heavy Blade+1","Clumsy","Barricade","Shrug It Off","Master of Strategy","Offering","Shrug It Off+1","Burning Pact+1","Entrench+1","Doubt","Inflame+1","Offering"],"special_seed":0,"relics":["Burning Blood","Pocketwatch","Blue Candle","Bottled Flame","Happy Flower","Cursed Key","Red Mask","Mercury Hourglass","Paper Frog","Orichalcum","Anchor","Letter Opener","Fusion Hammer","Art of War","StoneCalendar","Kunai","Oddly Smooth Stone"],"potions_floor_usage":[12,12,55,55,55],"damage_taken":[{"damage":0.0,"enemies":"Small Slimes","floor":1.0,"turns":4.0},{"damage":6.0,"enemies":"Jaw Worm","floor":2.0,"turns":4.0},{"damage":0.0,"enemies":"2 Louse","floor":5.0,"turns":4.0},{"damage":28,"enemies":"3 Sentries","floor":6,"turns":10},{"damage":27,"enemies":"Lagavulin Event","floor":8,"turns":7},{"damage":2,"enemies":"Lagavulin","floor":12,"turns":5},{"damage":2,"enemies":"2 Fungi Beasts","floor":14,"turns":3},{"damage":3,"enemies":"The Guardian","floor":16,"turns":9},{"damage":7,"enemies":"Spheric Guardian","floor":18,"turns":4},{"damage":6,"enemies":"Masked Bandits","floor":19,"turns":3},{"damage":6,"enemies":"Chosen","floor":21,"turns":4},{"damage":7,"enemies":"Gremlin Leader","floor":23,"turns":4},{"damage":7,"enemies":"Snecko","floor":25,"turns":3},{"damage":7,"enemies":"3 Cultists","floor":28,"turns":4},{"damage":7,"enemies":"Centurion and Healer","floor":30,"turns":3},{"damage":7,"enemies":"Book of Stabbing","floor":31,"turns":3},{"damage":58,"enemies":"Automaton","floor":33,"turns":8},{"damage":6,"enemies":"3 Darklings","floor":35,"turns":5},{"damage":6,"enemies":"Orb Walker","floor":39,"turns":2},{"damage":12,"enemies":"Giant Head","floor":40,"turns":5},{"damage":6,"enemies":"Spire Growth","floor":42,"turns":2},{"damage":16,"enemies":"Reptomancer","floor":44,"turns":6},{"damage":7,"enemies":"Maw","floor":45,"turns":7},{"damage":0,"enemies":"4 Shapes","floor":46,"turns":5},{"damage":22,"enemies":"Awakened One","floor":50,"turns":8},{"damage":41,"enemies":"Shield and Spear","floor":54,"turns":6},{"damage":40,"enemies":"The Heart","floor":55,"turns":7}],"seed_played":"4954088498490616837","potions_obtained":[{"floor":6,"key":"LiquidBronze"},{"floor":8,"key":"Dexterity Potion"},{"floor":12,"key":"EssenceOfSteel"},{"floor":25,"key":"PowerPotion"},{"floor":30,"key":"Energy Potion"},{"floor":33,"key":"Block Potion"},{"floor":44,"key":"Strength Potion"},{"floor":54,"key":"Dexterity Potion"}],"is_trial":false,"path_per_floor":["M","M","$","?","M","E","R","?","T","?","R","E","$","M","R","B",null,"M","?","?","M","T","E","R","M","T","$","M","?","M","E","R","B",null,"M","?","$","?","M","E","R","M","T","E","M","M","R","?","R","B",null,"R","$","E","B",null],"character_chosen":"IRONCLAD","items_purchased":["Shrug It Off","Spot Weakness","Anchor","Master of Strategy","Kunai","Offering"],"campfire_rested":3,"item_purchase_floors":[13,13,27,37,53,53],"current_hp_per_floor":[80,80,80,69,75,53,53,32,32,16,16,20,20,24,24,27,80,79,79,79,79,79,78,78,77,77,77,76,76,75,74,74,22,80,80,80,80,80,80,74,74,74,74,64,63,69,80,76,76,60,76,76,76,41,7],"gold":34,"neow_bonus":"UPGRADE_CARD","is_prod":false,"is_daily":false,"chose_seed":false,"campfire_upgraded":5,"win_rate":0,"timestamp":1571184002,"path_taken":["M","M","$","?","M","E","R","?","T","?","R","E","$","M","R","BOSS","M","?","?","M","?","E","R","M","T","$","M","?","M","E","R","BOSS","M","?","$","?","M","E","R","M","T","E","M","?","R","?","R","BOSS","R","$","E","BOSS"],"build_version":"2019-07-17","purchased_purges":3,"victory":true,"max_hp_per_floor":[80,80,80,80,80,80,80,80,80,80,80,80,80,80,80,80,80,80,80,80,80,80,80,80,80,80,80,80,80,80,80,80,80,80,80,80,80,80,80,80,80,80,80,80,80,80,80,76,76,76,76,76,76,76,76],"card_choices":[{"not_picked":["Clothesline","Dropkick"],"picked":"True Grit","floor":1.0},{"not_picked":["Heavy Blade","Havoc"],"picked":"Uppercut","floor":2.0},{"not_picked":["Sword Boomerang","Iron Wave"],"picked":"Headbutt","floor":5.0},{"not_picked":["Dropkick","Second Wind"],"picked":"Limit Break","floor":6},{"not_picked":["Headbutt","Perfected Strike"],"picked":"True Grit","floor":12},{"not_picked":["Warcry","Armaments","Thunderclap"],"picked":"SKIP","floor":14},{"not_picked":["Brutality","Double Tap"],"picked":"Offering","floor":16},{"not_picked":["Clothesline","Dropkick"],"picked":"True Grit","floor":18},{"not_picked":["Headbutt","Combust"],"picked":"Heavy Blade","floor":21},{"not_picked":["Shockwave+1","Shrug It Off","Whirlwind"],"picked":"SKIP","floor":23},{"not_picked":["Twin Strike+1","Thunderclap+1","True Grit"],"picked":"SKIP","floor":25},{"not_picked":["Corruption+1","Dropkick","Body Slam"],"picked":"SKIP","floor":28},{"not_picked":["Warcry","Pommel Strike","Thunderclap"],"picked":"SKIP","floor":30},{"not_picked":["Reckless Charge","Demon Form","Anger+1"],"picked":"SKIP","floor":31},{"not_picked":["Immolate","Feed"],"picked":"Barricade","floor":33},{"not_picked":["Seeing Red","Perfected Strike+1"],"picked":"Shrug It Off","floor":35},{"not_picked":["Heavy Blade","Sever Soul+1"],"picked":"Shrug It Off+1","floor":39},{"not_picked":["Perfected Strike+1","Body Slam"],"picked":"Burning Pact+1","floor":40},{"not_picked":["Pommel Strike","Sever Soul"],"picked":"Entrench+1","floor":42},{"not_picked":["Combust","Fire Breathing+1"],"picked":"Inflame+1","floor":44},{"not_picked":["Spot Weakness","Anger+1","Evolve+1"],"picked":"SKIP","floor":45},{"not_picked":["Juggernaut","Pommel Strike","Sword Boomerang+1"],"picked":"SKIP","floor":46},{"not_picked":["Cleave+1","Iron Wave+1","Fiend Fire"],"picked":"SKIP","floor":54}],"player_experience":1358461,"relics_obtained":[{"floor":6,"key":"Pocketwatch"},{"floor":8,"key":"Blue Candle"},{"floor":9,"key":"Bottled Flame"},{"floor":12,"key":"Happy Flower"},{"floor":19,"key":"Red Mask"},{"floor":22,"key":"Mercury Hourglass"},{"floor":23,"key":"Paper Frog"},{"floor":26,"key":"Orichalcum"},{"floor":31,"key":"Letter Opener"},{"floor":40,"key":"Art of War"},{"floor":44,"key":"StoneCalendar"},{"floor":54,"key":"Oddly Smooth Stone"}],"event_choices":[{"damage_healed":0.0,"max_hp_gain":0.0,"max_hp_loss":0.0,"gold_gain":75.0,"event_name":"World of Goop","player_choice":"Gather Gold","floor":4.0,"gold_loss":0.0,"damage_taken":11.0},{"damage_healed":0,"gold_gain":30,"player_choice":"Searched \u00273\u0027 times","damage_taken":0,"max_hp_gain":0,"max_hp_loss":0,"event_name":"Dead Adventurer","floor":8,"gold_loss":0},{"damage_healed":0,"gold_gain":0,"player_choice":"Entered Light","damage_taken":16,"max_hp_gain":0,"max_hp_loss":0,"event_name":"Shining Light","floor":10,"gold_loss":0,"cards_upgraded":["Limit Break","Strike_R"]},{"damage_healed":0,"gold_gain":0,"player_choice":"Fought Bandits","damage_taken":0,"max_hp_gain":0,"max_hp_loss":0,"event_name":"Masked Bandits","floor":19,"gold_loss":0},{"damage_healed":0,"gold_gain":0,"player_choice":"Simplicity","damage_taken":0,"max_hp_gain":0,"max_hp_loss":0,"event_name":"Back to Basics","floor":20,"gold_loss":0,"cards_upgraded":["Strike_R","Strike_R","Defend_R","Defend_R","Defend_R","Defend_R"]},{"damage_healed":0,"gold_gain":222,"player_choice":"Wore Mask","damage_taken":0,"max_hp_gain":0,"max_hp_loss":0,"event_name":"Tomb of Lord Red Mask","floor":36,"gold_loss":0},{"damage_healed":0,"gold_gain":0,"player_choice":"Copied","damage_taken":0,"max_hp_gain":0,"max_hp_loss":0,"event_name":"Duplicator","floor":38,"gold_loss":0,"cards_obtained":["Offering"]},{"damage_healed":0,"gold_gain":0,"player_choice":"Max HP","damage_taken":0,"max_hp_gain":0,"max_hp_loss":4,"event_name":"Winding Halls","floor":48,"gold_loss":0}],"is_beta":false,"boss_relics":[{"not_picked":["Coffee Dripper","Eternal Feather"],"picked":"Cursed Key"},{"not_picked":["Empty Cage","Runic Cube"],"picked":"Fusion Hammer"}],"items_purged_floors":[3,13,27],"is_endless":false,"potions_floor_spawned":[6,8,12,25,30,31,33,44,45,54],"ascension_level":0}