{"gold_per_floor":[111,111,36,36,54,87,87,97,97,97,108,121,121,138,138,214,214,231,54,32,47,47],"floor_reached":22,"playtime":1216,"items_purged":["Strike_B"],"score":367,"play_id":"d23c640d-f29a-4e42-8dc3-b15b27e51492","local_time":"20190725201101","is_ascension_mode":true,"campfire_choices":[{"floor":7,"key":"REST"},{"data":"Consume","floor":10,"key":"SMITH"},{"data":"Streamline","floor":13,"key":"SMITH"},{"data":"Rip and Tear","floor":15,"key":"SMITH"}],"neow_cost":"NONE","seed_source_timestamp":264955676526551,"circlet_count":0,"master_deck":["AscendersBane","Strike_B","Strike_B","Strike_B","Defend_B","Defend_B","Defend_B","Zap+1","Dualcast","Buffer","Glacier","Rebound","Consume+1","Streamline+1","Hologram","Rip and Tear+1","Creative AI","Conserve Battery","Capacitor","Leap","Coolheaded","Conserve Battery"],"relics":["Cracked Core","Question Card","Anchor","Sozu"],"potions_floor_usage":[6,21,22],"damage_taken":[{"damage":7,"enemies":"Jaw Worm","floor":1,"turns":3},{"damage":0,"enemies":"2 Louse","floor":5,"turns":2},{"damage":34,"enemies":"Gremlin Nob","floor":6,"turns":6},{"damage":0,"enemies":"Small Slimes","floor":8,"turns":4},{"damage":2,"enemies":"Looter","floor":11,"turns":3},{"damage":3,"enemies":"Exordium Thugs","floor":12,"turns":5},{"damage":4,"enemies":"3 Louse","floor":14,"turns":3},{"damage":34,"enemies":"The Guardian","floor":16,"turns":14},{"damage":11,"enemies":"3 Byrds","floor":18,"turns":6},{"damage":7,"enemies":"2 Thieves","floor":20,"turns":5},{"damage":23,"enemies":"Sentry and Sphere","floor":21,"turns":10},{"damage":20,"enemies":"Cultist and Chosen","floor":22,"turns":7}],"seed_played":"-2697144192928767536","potions_obtained":[{"floor":1,"key":"SkillPotion"},{"floor":8,"key":"Explosive Potion"},{"floor":14,"key":"Block Potion"}],"is_trial":false,"path_per_floor":["M","?","?","$","M","E","R","M","T","R","M","M","R","M","R","B",null,"M","$","M","M","M"],"character_chosen":"DEFECT","items_purchased":["Capacitor","Leap"],"campfire_rested":1,"item_purchase_floors":[19,19],"current_hp_per_floor":[57,57,57,57,57,23,44,44,44,44,42,39,39,35,35,1,54,43,43,36,13,0],"gold":47,"neow_bonus":"ONE_RANDOM_RARE_CARD","is_prod":false,"is_daily":false,"chose_seed":false,"campfire_upgraded":3,"win_rate":0,"timestamp":1564099861,"path_taken":["M","?","?","?","M","E","R","M","T","R","M","M","R","M","R","BOSS","M","$","M","M","M"],"build_version":"2019-07-17","purchased_purges":1,"victory":false,"max_hp_per_floor":[71,71,71,71,71,71,71,71,71,71,71,71,71,71,71,71,71,71,71,71,71,71],"card_choices":[{"not_picked":["White Noise","Capacitor"],"picked":"Glacier","floor":1},{"not_picked":["Stack","Undo","Redo"],"picked":"SKIP","floor":5},{"not_picked":["Compile Driver","Beam Cell"],"picked":"Rebound","floor":6},{"not_picked":["Chaos","Stack","Hologram"],"picked":"Consume","floor":8},{"not_picked":["Reinforced Body","Turbo","Coolheaded"],"picked":"Streamline","floor":11},{"not_picked":["Conserve Battery","Turbo","Stack"],"picked":"Hologram","floor":12},{"not_picked":["Compile Driver","Thunder Strike","Cold Snap"],"picked":"Rip and Tear","floor":14},{"not_picked":["Hyperbeam","Core Surge","Rainbow"],"picked":"Creative AI","floor":16},{"not_picked":["Scrape","Gash","Cold Snap"],"picked":"Conserve Battery","floor":18},{"not_picked":["Hologram","BootSequence","Sweeping Beam"],"picked":"Coolheaded","floor":20},{"not_picked":["Storm","Hello World","Heatsinks"],"picked":"Conserve Battery","floor":21}],"player_experience":1158543,"relics_obtained":[{"floor":6,"key":"Question Card"},{"floor":9,"key":"Anchor"}],"event_choices":[{"damage_healed":0,"gold_gain":0,"player_choice":"Grow","damage_taken":0,"max_hp_gain":0,"max_hp_loss":0,"event_name":"Living Wall","floor":2,"gold_loss":0,"cards_upgraded":["Zap"]},{"cards_removed":["Defend_B"],"damage_healed":0,"gold_gain":0,"player_choice":"Card Removal","damage_taken":0,"max_hp_gain":0,"max_hp_loss":0,"event_name":"The Cleric","floor":3,"gold_loss":75}],"is_beta":false,"boss_relics":[{"not_picked":["Ectoplasm","Empty Cage"],"picked":"Sozu"}],"items_purged_floors":[19],"is_endless":false,"potions_floor_spawned":[1,8,14,16,21],"killed_by":"Cultist and Chosen","ascension_level":19}