{"gold_per_floor":[218,237,250,261,135,135,164,76,102,136,136,61,7,17,17,94,94,114,131,144,144],"floor_reached":21,"playtime":990,"items_purged":["Strike_B"],"score":372,"play_id":"0efb3f69-1faf-4524-8cef-719933ec0bbe","local_time":"20190723212052","is_ascension_mode":true,"campfire_choices":[{"floor":6.0,"key":"REST"},{"floor":11,"key":"REST"},{"data":"Doom and Gloom","floor":15,"key":"SMITH"}],"neow_cost":"NONE","seed_source_timestamp":96562573322142,"circlet_count":0,"master_deck":["AscendersBane","Strike_B+1","Strike_B+1","Defend_B","Defend_B","Defend_B","Defend_B","Zap","Dualcast","Stack","Compile Driver","Auto Shields","Cold Snap","Coolheaded","Ball Lightning","Doom and Gloom+1","White Noise","Leap","Thunder Strike","Ball Lightning","Loop","Self Repair"],"special_seed":0,"relics":["FrozenCore","Bag of Marbles","Whetstone","Smiling Mask","Gremlin Horn"],"potions_floor_usage":[10],"damage_taken":[{"damage":1.0,"enemies":"Cultist","floor":1.0,"turns":3.0},{"damage":1.0,"enemies":"Small Slimes","floor":2.0,"turns":4.0},{"damage":12.0,"enemies":"Jaw Worm","floor":3.0,"turns":4.0},{"damage":10.0,"enemies":"Large Slime","floor":4.0,"turns":5.0},{"damage":13.0,"enemies":"Lagavulin","floor":7.0,"turns":8.0},{"damage":32,"enemies":"3 Sentries","floor":10,"turns":5},{"damage":1,"enemies":"Blue Slaver","floor":14,"turns":4},{"damage":35,"enemies":"Slime Boss","floor":16,"turns":8},{"damage":18,"enemies":"Spheric Guardian","floor":18,"turns":6},{"damage":10,"enemies":"Chosen","floor":19,"turns":4},{"damage":2,"enemies":"3 Cultists","floor":20,"turns":5},{"damage":35,"enemies":"Centurion and Healer","floor":21,"turns":5}],"seed_played":"-7526922864892198731","potions_obtained":[{"floor":3.0,"key":"Explosive Potion"},{"floor":4.0,"key":"Explosive Potion"},{"floor":16,"key":"SteroidPotion"},{"floor":19,"key":"PowerPotion"}],"is_trial":false,"path_per_floor":["M","M","M","M","$","R","E","$","T","E","R","?","?","M","R","B",null,"M","M","M","M"],"character_chosen":"DEFECT","items_purchased":["Coolheaded","Doom and Gloom"],"campfire_rested":2,"item_purchase_floors":[5,8],"current_hp_per_floor":[63,62,50,40,40,61,48,48,48,16,37,37,37,36,36,1,54,36,26,24,0],"gold":144,"neow_bonus":"HUNDRED_GOLD","is_prod":false,"is_daily":false,"chose_seed":false,"campfire_upgraded":1,"win_rate":0,"timestamp":1563931252,"path_taken":["M","?","M","M","$","R","E","$","T","E","R","?","?","M","R","BOSS","M","M","M","M"],"build_version":"2019-07-17","purchased_purges":1,"victory":false,"max_hp_per_floor":[71,71,71,71,71,71,71,71,71,71,71,71,71,71,71,71,71,71,71,71,71],"card_choices":[{"not_picked":["Redo","Storm"],"picked":"Stack","floor":1.0},{"not_picked":["Steam","Reprogram"],"picked":"Compile Driver","floor":2.0},{"not_picked":["Cold Snap","Compile Driver"],"picked":"Auto Shields","floor":3.0},{"not_picked":["Gash","Reboot"],"picked":"Cold Snap","floor":4.0},{"not_picked":["Compile Driver","Steam"],"picked":"Ball Lightning","floor":7.0},{"not_picked":["Cold Snap","Rainbow"],"picked":"White Noise","floor":10},{"not_picked":["Rebound","Ball Lightning"],"picked":"Leap","floor":14},{"not_picked":["All For One","Amplify"],"picked":"Thunder Strike","floor":16},{"not_picked":["Beam Cell","Sunder"],"picked":"Ball Lightning","floor":18},{"not_picked":["Undo","Chaos"],"picked":"Loop","floor":19},{"not_picked":["Ball Lightning","Chill"],"picked":"Self Repair","floor":20}],"player_experience":1151647,"relics_obtained":[{"floor":7.0,"key":"Bag of Marbles"},{"floor":9,"key":"Whetstone"},{"floor":10,"key":"Smiling Mask"}],"event_choices":[{"cards_removed":["Strike_B"],"damage_healed":0,"gold_gain":0,"player_choice":"Card Removal","damage_taken":0,"max_hp_gain":0,"max_hp_loss":0,"event_name":"The Cleric","floor":12,"gold_loss":75},{"damage_healed":0,"gold_gain":0,"player_choice":"Paid Gold","damage_taken":0,"relics_obtained":["Gremlin Horn"],"max_hp_gain":0,"max_hp_loss":0,"event_name":"WeMeetAgain","floor":13,"gold_loss":54}],"is_beta":false,"boss_relics":[{"not_picked":["White Beast Statue","Eternal Feather"],"picked":"FrozenCore"}],"items_purged_floors":[5],"is_endless":false,"potions_floor_spawned":[3,4,16,19,20],"killed_by":"Centurion and Healer","ascension_level":19}