{"gold_per_floor":[113,129,144,163,175,200,200,234,234,234,234,261,276,310,310,387,387,397,397,178,193,212,212,212,226,226,258,70,70,84,84,84,162,162,173,191,247,0,100,100,133,147,147,176,187,198,223,236,236,236],"floor_reached":51,"playtime":2368,"items_purged":["Pain"],"score":1568,"play_id":"51a07a5f-848c-4428-b5bf-a23b1a33805d","local_time":"20191005123219","is_ascension_mode":true,"campfire_choices":[{"data":"Sword Boomerang","floor":7.0,"key":"SMITH"},{"data":"Inflame","floor":10.0,"key":"SMITH"},{"data":"True Grit","floor":15.0,"key":"SMITH"},{"floor":23.0,"key":"REST"},{"floor":29.0,"key":"REST"},{"data":"Shockwave","floor":32.0,"key":"SMITH"},{"floor":40.0,"key":"REST"},{"floor":49,"key":"REST"}],"neow_cost":"NONE","seed_source_timestamp":1029034142135000,"circlet_count":0,"master_deck":["AscendersBane","Strike_R+1","Strike_R+1","Defend_R","Defend_R","Defend_R","Defend_R","Bash","Anger","Iron Wave","Inflame+1","Shrug It Off","Sword Boomerang+1","Disarm","True Grit+1","Sword Boomerang","Shrug It Off","Spot Weakness","Shrug It Off","Inflame","Swift Strike","Pommel Strike+1","Shockwave+1","Sword Boomerang","Impervious","Heavy Blade+1","Battle Trance+1","Dual Wield+1","True Grit+1","Flame Barrier","Flame Barrier+1","Corruption","Whirlwind+1"],"special_seed":0,"relics":["Burning Blood","NeowsBlessing","InkBottle","The Courier","Kunai","WarpedTongs","Self Forming Clay","Matryoshka","Philosopher\u0027s Stone","Sundial","Whetstone","Shuriken","Bottled Flame","Oddly Smooth Stone","Brimstone","Regal Pillow","Lantern","Astrolabe","Tiny Chest","Red Mask","Bird Faced Urn","Gremlin Horn","Letter Opener","Blood Vial","Darkstone Periapt"],"potions_floor_usage":[44,48,50,50],"damage_taken":[{"damage":0.0,"enemies":"Small Slimes","floor":1.0,"turns":1.0},{"damage":0.0,"enemies":"Cultist","floor":2.0,"turns":1.0},{"damage":0.0,"enemies":"Jaw Worm","floor":3.0,"turns":1.0},{"damage":11.0,"enemies":"Red Slaver","floor":4.0,"turns":5.0},{"damage":6.0,"enemies":"Blue Slaver","floor":5.0,"turns":4.0},{"damage":0.0,"enemies":"Gremlin Nob","floor":6.0,"turns":2.0},{"damage":19.0,"enemies":"3 Sentries","floor":8.0,"turns":6.0},{"damage":24.0,"enemies":"Lagavulin","floor":12.0,"turns":6.0},{"damage":6.0,"enemies":"2 Fungi Beasts","floor":13.0,"turns":4.0},{"damage":31.0,"enemies":"Gremlin Nob","floor":14.0,"turns":4.0},{"damage":8.0,"enemies":"Hexaghost","floor":16.0,"turns":8.0},{"damage":24.0,"enemies":"2 Thieves","floor":18.0,"turns":4.0},{"damage":7.0,"enemies":"3 Byrds","floor":21.0,"turns":6.0},{"damage":11.0,"enemies":"Snake Plant","floor":22.0,"turns":5.0},{"damage":12.0,"enemies":"3 Cultists","floor":25.0,"turns":4.0},{"damage":20.0,"enemies":"Gremlin Leader","floor":27.0,"turns":5.0},{"damage":0.0,"enemies":"Snecko","floor":30.0,"turns":2.0},{"damage":48.0,"enemies":"Champ","floor":33.0,"turns":6.0},{"damage":0.0,"enemies":"3 Shapes","floor":35.0,"turns":3.0},{"damage":21.0,"enemies":"3 Darklings","floor":36.0,"turns":4.0},{"damage":26.0,"enemies":"Mind Bloom Boss Battle","floor":39.0,"turns":5.0},{"damage":38.0,"enemies":"Reptomancer","floor":41.0,"turns":5.0},{"damage":4.0,"enemies":"Transient","floor":42.0,"turns":5.0},{"damage":0,"enemies":"Nemesis","floor":44,"turns":5},{"damage":4,"enemies":"Writhing Mass","floor":45,"turns":3},{"damage":0,"enemies":"3 Darklings","floor":46,"turns":2},{"damage":0,"enemies":"Reptomancer","floor":47,"turns":3},{"damage":27,"enemies":"Transient","floor":48,"turns":5},{"damage":9,"enemies":"Donu and Deca","floor":50,"turns":5}],"seed_played":"-8735455017623283036","potions_obtained":[{"floor":2.0,"key":"SneckoOil"},{"floor":4.0,"key":"SteroidPotion"},{"floor":8.0,"key":"Swift Potion"},{"floor":12.0,"key":"DuplicationPotion"},{"floor":16.0,"key":"PowerPotion"},{"floor":33.0,"key":"SteroidPotion"},{"floor":36.0,"key":"Regen Potion"},{"floor":44,"key":"Fire Potion"},{"floor":48,"key":"Ancient Potion"}],"is_trial":false,"path_per_floor":["M","M","M","M","M","E","R","E","T","R","?","E","M","E","R","B",null,"M","?","$","M","M","R","?","M","T","E","$","R","M","T","R","B",null,"M","M","T","?","?","R","E","M","T","E","M","M","E","M","R","B",null],"character_chosen":"IRONCLAD","items_purchased":["Shrug It Off","Whetstone","Brimstone","Shockwave"],"campfire_rested":4,"item_purchase_floors":[20,20,28,28],"current_hp_per_floor":[74,75,75,70,70,75,75,62,62,62,62,44,44,19,19,17,61,43,43,43,42,37,59,45,39,39,25,25,47,53,53,53,11,59,65,50,50,50,30,67,37,41,41,67,71,75,75,54,75,74],"gold":236,"neow_bonus":"THREE_ENEMY_KILL","is_prod":false,"is_daily":false,"chose_seed":false,"campfire_upgraded":4,"win_rate":0,"timestamp":1570271539,"path_taken":["M","M","M","M","M","E","R","E","T","R","?","E","M","E","R","BOSS","M","?","$","M","?","R","?","?","T","E","$","R","M","?","R","BOSS","M","M","?","?","?","R","E","M","T","E","M","M","E","M","R","BOSS"],"build_version":"2019-10-04","purchased_purges":1,"victory":true,"max_hp_per_floor":[75,75,75,75,75,75,75,75,75,75,75,75,75,75,75,75,75,75,75,75,75,75,75,75,75,75,75,75,75,75,75,75,75,75,75,75,75,75,75,75,75,75,75,75,75,75,75,75,75,75],"card_choices":[{"not_picked":["Clothesline","Twin Strike"],"picked":"Anger","floor":1.0},{"not_picked":["Thunderclap","Intimidate"],"picked":"Iron Wave","floor":2.0},{"not_picked":["Evolve","Pommel Strike"],"picked":"Inflame","floor":3.0},{"not_picked":["Cleave","Havoc"],"picked":"Shrug It Off","floor":4.0},{"not_picked":["Anger","Havoc"],"picked":"Sword Boomerang","floor":5.0},{"not_picked":["Rampage","Body Slam"],"picked":"Disarm","floor":6.0},{"not_picked":["Barricade","Body Slam","Hemokinesis"],"picked":"SKIP","floor":8.0},{"not_picked":["Havoc","Dual Wield"],"picked":"True Grit","floor":12.0},{"not_picked":["Warcry","Anger"],"picked":"Sword Boomerang","floor":13.0},{"not_picked":["Body Slam","Carnage"],"picked":"Shrug It Off","floor":14.0},{"not_picked":["Impervious","Juggernaut"],"picked":"Offering","floor":16.0},{"not_picked":["Pommel Strike","Twin Strike"],"picked":"Spot Weakness","floor":18.0},{"not_picked":["Warcry","Headbutt","Juggernaut"],"picked":"SKIP","floor":21.0},{"not_picked":["Rupture","Perfected Strike"],"picked":"Inflame","floor":22.0},{"not_picked":["Body Slam","Dropkick+1"],"picked":"Pommel Strike+1","floor":25.0},{"not_picked":["Havoc","Pummel","Pommel Strike+1"],"picked":"SKIP","floor":27.0},{"not_picked":["Cleave","Shockwave"],"picked":"Sword Boomerang","floor":30.0},{"not_picked":["Fiend Fire","Juggernaut"],"picked":"Impervious","floor":33.0},{"not_picked":["Combust+1","Cleave"],"picked":"True Grit+1","floor":35.0},{"not_picked":["Thunderclap","Warcry+1"],"picked":"Flame Barrier","floor":36.0},{"not_picked":["Thunderclap","Hemokinesis+1","Sword Boomerang"],"picked":"SKIP","floor":41.0},{"not_picked":["Body Slam","Sword Boomerang+1"],"picked":"Flame Barrier+1","floor":42.0},{"not_picked":["Ghostly Armor+1","Havoc"],"picked":"Corruption","floor":44},{"not_picked":["Sword Boomerang+1","Disarm"],"picked":"Whirlwind+1","floor":45},{"not_picked":["Warcry","Body Slam+1","Disarm"],"picked":"SKIP","floor":46},{"not_picked":["Intimidate","Sentinel","Metallicize"],"picked":"SKIP","floor":47},{"not_picked":["Bludgeon","Thunderclap","Pommel Strike+1"],"picked":"SKIP","floor":48}],"player_experience":929263,"relics_obtained":[{"floor":6.0,"key":"InkBottle"},{"floor":8.0,"key":"The Courier"},{"floor":9.0,"key":"Kunai"},{"floor":12.0,"key":"Self Forming Clay"},{"floor":14.0,"key":"Matryoshka"},{"floor":26.0,"key":"Shuriken"},{"floor":26.0,"key":"Bottled Flame"},{"floor":27.0,"key":"Oddly Smooth Stone"},{"floor":31.0,"key":"Regal Pillow"},{"floor":31.0,"key":"Lantern"},{"floor":37.0,"key":"Tiny Chest"},{"floor":39.0,"key":"Bird Faced Urn"},{"floor":41.0,"key":"Gremlin Horn"},{"floor":43.0,"key":"Letter Opener"},{"floor":44,"key":"Blood Vial"},{"floor":47,"key":"Darkstone Periapt"}],"event_choices":[{"damage_healed":0.0,"max_hp_gain":0.0,"max_hp_loss":0.0,"gold_gain":0.0,"event_name":"Accursed Blacksmith","player_choice":"Rummage","floor":11.0,"gold_loss":0.0,"damage_taken":0.0,"relics_obtained":["WarpedTongs"],"cards_obtained":["Pain"]},{"cards_removed":["Offering"],"damage_healed":0.0,"max_hp_gain":0.0,"max_hp_loss":0.0,"gold_gain":0.0,"event_name":"WeMeetAgain","player_choice":"Gave Card","floor":19.0,"gold_loss":0.0,"damage_taken":0.0,"relics_obtained":["Sundial"]},{"damage_healed":0.0,"max_hp_gain":0.0,"max_hp_loss":0.0,"gold_gain":0.0,"event_name":"Knowing Skull","player_choice":"CARD ","floor":24.0,"potions_obtained":[],"gold_loss":0.0,"damage_taken":14.0,"cards_obtained":["Swift Strike"]},{"damage_healed":0.0,"max_hp_gain":0.0,"max_hp_loss":0.0,"gold_gain":0.0,"event_name":"Tomb of Lord Red Mask","player_choice":"Paid","floor":38.0,"gold_loss":247.0,"damage_taken":0.0,"relics_obtained":["Red Mask"]},{"damage_healed":0.0,"max_hp_gain":0.0,"max_hp_loss":0.0,"gold_gain":0.0,"event_name":"MindBloom","player_choice":"Fight","floor":39.0,"gold_loss":0.0,"damage_taken":0.0}],"is_beta":true,"boss_relics":[{"not_picked":["Tiny House","Velvet Choker"],"picked":"Philosopher\u0027s Stone"},{"not_picked":["Coffee Dripper","SacredBark"],"picked":"Astrolabe"}],"items_purged_floors":[20],"is_endless":false,"potions_floor_spawned":[2,4,8,12,16,18,25,33,36,44,45,48],"ascension_level":15}