{"gold_per_floor":[11,11,11,11,11,36,36,56,56,56,75,75,87,87,87,190,190,205,205,225,225,242,269,269,279,361,391,391,391,402,415,415,415],"floor_reached":33,"playtime":1983,"items_purged":[],"score":285,"play_id":"89384b37-5eb5-4df9-8f74-a94ed21e1053","local_time":"20190224160151","is_ascension_mode":false,"campfire_choices":[{"data":"Rupture","floor":10,"key":"SMITH"},{"data":"Shrug It Off","floor":12,"key":"SMITH"},{"data":"Bash","floor":15,"key":"SMITH"},{"data":"Immolate","floor":24,"key":"SMITH"},{"data":"Power Through","floor":28,"key":"SMITH"},{"data":"Limit Break","floor":32,"key":"SMITH"}],"neow_cost":"NO_GOLD","seed_source_timestamp":2922918371715106,"circlet_count":0,"master_deck":["Strike_R","Strike_R","Strike_R+1","Strike_R+1","Defend_R+1","Defend_R","Defend_R+1","Bash+1","Reaper","Brutality","Wild Strike+1","Rupture+1","Shrug It Off+1","Headbutt","Evolve","Immolate+1","Wild Strike","Power Through+1","Metallicize","Limit Break+1","Writhe","Thunderclap"],"relics":["Burning Blood","FossilizedHelix","Cursed Key","Happy Flower","Bottled Tornado","Whetstone"],"potions_floor_usage":[23,33],"damage_taken":[{"damage":10,"enemies":"Jaw Worm","floor":1,"turns":4},{"damage":26,"enemies":"Gremlin Nob","floor":6,"turns":4},{"damage":0,"enemies":"Cultist","floor":8,"turns":3},{"damage":4,"enemies":"Small Slimes","floor":11,"turns":4},{"damage":7,"enemies":"2 Fungi Beasts","floor":13,"turns":3},{"damage":30,"enemies":"The Guardian","floor":16,"turns":9},{"damage":3,"enemies":"Shell Parasite","floor":18,"turns":3},{"damage":25,"enemies":"2 Thieves","floor":20,"turns":4},{"damage":15,"enemies":"Chosen and Byrds","floor":22,"turns":5},{"damage":48,"enemies":"Gremlin Leader","floor":23,"turns":7},{"damage":6,"enemies":"Centurion and Healer","floor":25,"turns":4},{"damage":9,"enemies":"Book of Stabbing","floor":27,"turns":6},{"damage":22,"enemies":"Colosseum Slavers","floor":29,"turns":4},{"damage":8,"enemies":"Cultist and Chosen","floor":30,"turns":6},{"damage":0,"enemies":"3 Cultists","floor":31,"turns":5},{"damage":69,"enemies":"Collector","floor":33,"turns":6}],"seed_played":"-1703806878381509522","potions_obtained":[{"floor":6,"key":"Dexterity Potion"},{"floor":11,"key":"Weak Potion"},{"floor":16,"key":"Energy Potion"},{"floor":18,"key":"PowerPotion"},{"floor":23,"key":"SkillPotion"},{"floor":31,"key":"Weak Potion"}],"is_trial":false,"path_per_floor":["M","?","$","?","?","E","?","M","T","R","M","R","M","?","R","B",null,"M","$","M","?","M","E","R","M","T","E","R","?","M","M","R","B"],"character_chosen":"IRONCLAD","items_purchased":[],"campfire_rested":0,"item_purchase_floors":[],"current_hp_per_floor":[76,80,80,80,64,46,46,56,56,56,63,63,70,70,70,46,80,80,80,69,69,68,42,42,46,46,47,47,39,47,57,57,0],"gold":415,"neow_bonus":"TRANSFORM_TWO_CARDS","is_prod":false,"is_daily":false,"chose_seed":false,"campfire_upgraded":6,"win_rate":0,"timestamp":1551042111,"path_taken":["M","?","$","?","?","E","?","M","T","R","?","R","M","?","R","BOSS","M","$","?","?","M","E","R","M","T","E","R","?","M","M","R","BOSS"],"build_version":"2019-01-23","purchased_purges":0,"victory":false,"max_hp_per_floor":[80,80,80,80,80,80,80,80,80,80,80,80,80,80,80,80,80,80,80,80,80,80,80,80,80,80,80,80,80,80,80,80,80],"card_choices":[{"not_picked":["Pommel Strike","True Grit"],"picked":"Wild Strike","floor":1},{"not_picked":["Evolve","Burning Pact"],"picked":"Rupture","floor":6},{"not_picked":["Pummel","Thunderclap"],"picked":"Shrug It Off","floor":8},{"not_picked":["Flex","Anger"],"picked":"Headbutt","floor":11},{"not_picked":["Pummel","Fiend Fire"],"picked":"Evolve","floor":13},{"not_picked":["Dark Embrace","Juggernaut"],"picked":"Immolate","floor":16},{"not_picked":["Headbutt","True Grit"],"picked":"Wild Strike","floor":18},{"not_picked":["Headbutt","Burning Pact"],"picked":"Power Through","floor":20},{"not_picked":["Headbutt","Armaments"],"picked":"Metallicize","floor":22},{"not_picked":["Reckless Charge","Flame Barrier+1","Flex+1"],"picked":"SKIP","floor":23},{"not_picked":["Twin Strike+1","Iron Wave"],"picked":"Limit Break","floor":25},{"not_picked":["Wild Strike","Flex+1","Clash"],"picked":"SKIP","floor":27},{"not_picked":["Armaments+1","Flex+1","Pummel"],"picked":"SKIP","floor":30},{"not_picked":["Dual Wield+1","Fire Breathing"],"picked":"Thunderclap","floor":31}],"player_experience":695620,"relics_obtained":[{"floor":6,"key":"FossilizedHelix"},{"floor":23,"key":"Happy Flower"},{"floor":26,"key":"Bottled Tornado"},{"floor":27,"key":"Whetstone"}],"event_choices":[{"damage_healed":4,"gold_gain":0,"player_choice":"Full Heal","damage_taken":0,"max_hp_gain":0,"max_hp_loss":0,"event_name":"Wheel of Change","floor":2,"gold_loss":0},{"damage_healed":0,"gold_gain":0,"player_choice":"Leave","damage_taken":0,"max_hp_gain":0,"max_hp_loss":0,"event_name":"The Cleric","floor":4,"gold_loss":0},{"damage_healed":0,"gold_gain":0,"player_choice":"Entered Light","damage_taken":16,"max_hp_gain":0,"max_hp_loss":0,"event_name":"Shining Light","floor":5,"gold_loss":0,"cards_upgraded":["Defend_R","Wild Strike"]},{"damage_healed":0,"gold_gain":0,"player_choice":"Ignored","damage_taken":0,"max_hp_gain":0,"max_hp_loss":0,"event_name":"NoteForYourself","floor":7,"gold_loss":0},{"damage_healed":0,"gold_gain":0,"player_choice":"Forge","damage_taken":0,"max_hp_gain":0,"max_hp_loss":0,"event_name":"Accursed Blacksmith","floor":14,"gold_loss":0,"cards_upgraded":["Defend_R"]},{"damage_healed":0,"gold_gain":0,"player_choice":"Ignored","damage_taken":0,"max_hp_gain":0,"max_hp_loss":0,"event_name":"Ghosts","floor":21,"gold_loss":0},{"damage_healed":0,"gold_gain":0,"player_choice":"Fight","damage_taken":0,"max_hp_gain":0,"max_hp_loss":0,"event_name":"Colosseum","floor":29,"gold_loss":0},{"damage_healed":0,"gold_gain":0,"player_choice":"Fled From Nobs","damage_taken":0,"max_hp_gain":0,"max_hp_loss":0,"event_name":"Colosseum","floor":29,"gold_loss":0}],"is_beta":false,"boss_relics":[{"not_picked":["Ectoplasm","Pandora\u0027s Box"],"picked":"Cursed Key"}],"items_purged_floors":[],"is_endless":false,"potions_floor_spawned":[6,11,16,18,20,23,31],"killed_by":"Collector","ascension_level":0}