{"gold_per_floor":[20,34,34,34,47,47,83,101,126,140,140,175,175,200,200,295,295,314,330,74,88,103,103,103,103,127,171,171,171,207,221,221,314,314,328,328,78,78,91,91,129,141,178,190,202,233,578,617,629,641],"floor_reached":51,"playtime":2741,"items_purged":["Strike_B","Strike_B"],"score":1245,"play_id":"cfeb5df0-a6b7-4bc8-985c-4fee327c6a8d","local_time":"20190613202500","is_ascension_mode":true,"campfire_choices":[{"floor":6.0,"key":"REST"},{"floor":11.0,"key":"REST"},{"floor":15,"key":"REST"},{"floor":23,"key":"REST"},{"data":"Sunder","floor":25,"key":"SMITH"},{"floor":28,"key":"REST"},{"floor":32,"key":"REST"},{"floor":40,"key":"REST"},{"floor":42,"key":"REST"},{"floor":44,"key":"REST"},{"floor":49,"key":"REST"}],"neow_cost":"NO_GOLD","seed_source_timestamp":2050398867197194,"circlet_count":0,"master_deck":["AscendersBane","Defend_B","Defend_B","Defend_B","Defend_B","Zap","Dualcast","Echo Form","Go for the Eyes","Loop","Sunder+1","Steam","Turbo","Self Repair","Ball Lightning","Electrodynamics","Echo Form","Streamline","Doom and Gloom","Leap","Amplify","Reinforced Body","Loop+1","Undo"],"special_seed":0,"relics":["Cracked Core","Boot","Bag of Preparation","Omamori","Pocketwatch","Snecko Eye","Mercury Hourglass","Bronze Scales","Frozen Egg 2","Bag of Marbles","Sundial","Fusion Hammer","Happy Flower","MawBank","Centennial Puzzle","Regal Pillow"],"potions_floor_usage":[14,18,31,39,46,50,50],"damage_taken":[{"damage":2.0,"enemies":"Jaw Worm","floor":1.0,"turns":3.0},{"damage":0.0,"enemies":"Small Slimes","floor":2.0,"turns":3.0},{"damage":10.0,"enemies":"Cultist","floor":5.0,"turns":4.0},{"damage":10.0,"enemies":"Lagavulin","floor":7.0,"turns":5.0},{"damage":0.0,"enemies":"3 Louse","floor":8.0,"turns":2.0},{"damage":8.0,"enemies":"Blue Slaver","floor":10.0,"turns":3.0},{"damage":28.0,"enemies":"Gremlin Nob","floor":12.0,"turns":4.0},{"damage":4,"enemies":"Exordium Thugs","floor":14,"turns":5},{"damage":28,"enemies":"Slime Boss","floor":16,"turns":7},{"damage":17,"enemies":"2 Thieves","floor":18,"turns":4},{"damage":5,"enemies":"Spheric Guardian","floor":19,"turns":3},{"damage":0,"enemies":"Snecko","floor":21,"turns":3},{"damage":18,"enemies":"Snake Plant","floor":22,"turns":3},{"damage":24,"enemies":"Book of Stabbing","floor":27,"turns":4},{"damage":25,"enemies":"Slavers","floor":30,"turns":4},{"damage":7,"enemies":"Chosen and Byrds","floor":31,"turns":3},{"damage":22,"enemies":"Champ","floor":33,"turns":8},{"damage":4,"enemies":"3 Shapes","floor":35,"turns":3},{"damage":4,"enemies":"3 Darklings","floor":39,"turns":2},{"damage":5,"enemies":"Reptomancer","floor":41,"turns":6},{"damage":4,"enemies":"Maw","floor":46,"turns":6},{"damage":12,"enemies":"Nemesis","floor":48,"turns":5},{"damage":56,"enemies":"Donu and Deca","floor":50,"turns":8}],"seed_played":"4243394468759996599","potions_obtained":[{"floor":2.0,"key":"FearPotion"},{"floor":12.0,"key":"Energy Potion"},{"floor":14,"key":"Energy Potion"},{"floor":16,"key":"Poison Potion"},{"floor":22,"key":"Fire Potion"},{"floor":31,"key":"Energy Potion"},{"floor":41,"key":"Ancient Potion"},{"floor":48,"key":"Strength Potion"}],"is_trial":false,"path_per_floor":["M","M","?","?","M","R","E","M","T","M","R","E","?","M","R","B",null,"M","M","$","M","M","R","?","R","T","E","R","T","E","M","R","B",null,"M","?","$","?","M","R","E","R","T","R","?","M","?","E","R","B",null],"character_chosen":"DEFECT","items_purchased":["Echo Form","Streamline","Happy Flower"],"campfire_rested":10,"item_purchase_floors":[20,20,37],"current_hp_per_floor":[62,62,45,33,23,44,34,34,34,26,47,19,19,29,50,29,61,51,46,46,46,28,49,49,49,49,25,46,46,21,21,42,34,62,65,65,65,65,68,71,71,71,71,71,71,71,71,71,71,22],"gold":653,"neow_bonus":"THREE_RARE_CARDS","is_prod":false,"is_daily":false,"chose_seed":false,"campfire_upgraded":1,"win_rate":0,"timestamp":1560471900,"path_taken":["M","M","?","?","M","R","E","?","T","?","R","E","?","M","R","BOSS","M","M","$","M","M","R","?","R","T","E","R","?","E","M","R","BOSS","M","?","$","?","M","R","E","R","T","R","?","?","?","E","R","BOSS"],"build_version":"2019-01-23","purchased_purges":2,"victory":true,"max_hp_per_floor":[71,71,71,71,71,71,71,71,71,71,71,71,71,71,71,71,71,71,71,71,71,71,71,71,71,71,71,71,71,71,71,71,71,71,71,71,71,71,71,71,71,71,71,71,71,71,71,71,71,71],"card_choices":[{"not_picked":["Hyperbeam","Fission"],"picked":"Echo Form","floor":0.0},{"not_picked":["Chill","Stack"],"picked":"Go for the Eyes","floor":1.0},{"not_picked":["Go for the Eyes","Steam"],"picked":"Loop","floor":2.0},{"not_picked":["Gash","Fusion"],"picked":"Sunder","floor":5.0},{"not_picked":["Lockon","Hologram","Sunder"],"picked":"SKIP","floor":7.0},{"not_picked":["FTL","Streamline"],"picked":"Steam","floor":8.0},{"not_picked":["Beam Cell","Gash"],"picked":"Turbo","floor":10.0},{"not_picked":["Hologram","Consume"],"picked":"Self Repair","floor":12.0},{"not_picked":["Fusion","Storm"],"picked":"Ball Lightning","floor":14},{"not_picked":["Fission","Amplify"],"picked":"Electrodynamics","floor":16},{"not_picked":["Hologram","Coolheaded","Aggregate"],"picked":"SKIP","floor":18},{"not_picked":["Sweeping Beam","Compile Driver","Coolheaded"],"picked":"SKIP","floor":19},{"not_picked":["Self Repair","Coolheaded"],"picked":"Doom and Gloom","floor":21},{"not_picked":["Capacitor","Beam Cell","Sweeping Beam+1"],"picked":"SKIP","floor":22},{"not_picked":["Capacitor","Beam Cell","Sweeping Beam+1"],"picked":"SKIP","floor":22},{"not_picked":["Gash","Rebound","Melter"],"picked":"SKIP","floor":27},{"not_picked":["Barrage","Chaos+1","Darkness"],"picked":"SKIP","floor":30},{"not_picked":["Barrage","Turbo"],"picked":"Leap","floor":31},{"not_picked":["All For One","Biased Cognition+1"],"picked":"Amplify","floor":33},{"not_picked":["Hologram","Stack"],"picked":"Reinforced Body","floor":35},{"not_picked":["Redo","Stack","FTL"],"picked":"SKIP","floor":39},{"not_picked":["Stack","Self Repair+1"],"picked":"Loop+1","floor":41},{"not_picked":["Steam+1","Hologram"],"picked":"Undo","floor":46},{"not_picked":["Leap","Cold Snap+1","Redo+1"],"picked":"SKIP","floor":48}],"player_experience":1007712,"relics_obtained":[{"floor":7.0,"key":"Bag of Preparation"},{"floor":9.0,"key":"Omamori"},{"floor":12.0,"key":"Pocketwatch"},{"floor":26,"key":"Bronze Scales"},{"floor":27,"key":"Frozen Egg 2"},{"floor":29,"key":"Bag of Marbles"},{"floor":30,"key":"Sundial"},{"floor":41,"key":"MawBank"},{"floor":43,"key":"Centennial Puzzle"},{"floor":48,"key":"Regal Pillow"}],"event_choices":[{"damage_healed":0.0,"max_hp_gain":0.0,"max_hp_loss":0.0,"gold_gain":0.0,"event_name":"Golden Idol","player_choice":"Take Damage","floor":3.0,"gold_loss":0.0,"damage_taken":17.0,"relics_obtained":["Golden Idol"]},{"damage_healed":0.0,"max_hp_gain":0.0,"max_hp_loss":0.0,"gold_gain":0.0,"event_name":"Scrap Ooze","player_choice":"Success","floor":4.0,"gold_loss":0.0,"damage_taken":12.0,"relics_obtained":["Boot"]},{"cards_removed":["Strike_B"],"damage_healed":0.0,"max_hp_gain":0.0,"max_hp_loss":0.0,"gold_gain":0.0,"event_name":"Living Wall","player_choice":"Forget","floor":13.0,"gold_loss":0.0,"damage_taken":0.0},{"damage_healed":0,"gold_gain":0,"player_choice":"Opened","damage_taken":0,"relics_obtained":["Mercury Hourglass"],"max_hp_gain":0,"max_hp_loss":0,"event_name":"The Mausoleum","floor":24,"gold_loss":0,"cards_obtained":["Writhe"]},{"damage_healed":0,"gold_gain":0,"player_choice":"Ignored","damage_taken":0,"max_hp_gain":0,"max_hp_loss":0,"event_name":"Tomb of Lord Red Mask","floor":36,"gold_loss":0},{"cards_removed":["Strike_B"],"damage_healed":0,"gold_gain":0,"player_choice":"Removed Attack","damage_taken":0,"max_hp_gain":0,"max_hp_loss":0,"event_name":"Falling","floor":38,"gold_loss":0},{"damage_healed":0,"gold_gain":0,"player_choice":"Memory 1","damage_taken":0,"max_hp_gain":0,"max_hp_loss":0,"event_name":"SensoryStone","floor":45,"gold_loss":0},{"damage_healed":0,"gold_gain":333,"player_choice":"Gave Idol","damage_taken":0,"max_hp_gain":0,"max_hp_loss":0,"event_name":"The Moai Head","floor":47,"relics_lost":["Golden Idol"],"gold_loss":0}],"is_beta":false,"boss_relics":[{"not_picked":["FrozenCore","Orrery"],"picked":"Snecko Eye"},{"not_picked":["Tiny House","Calling Bell"],"picked":"Fusion Hammer"}],"items_purged_floors":[20,37],"is_endless":false,"potions_floor_spawned":[2,12,14,16,22,27,31,41,48],"ascension_level":14}