{"gold_per_floor":[119,119,135,135,153,184,195,195,246,246,259,131,31,45,45,119,119,130,148,148,148,73,73,107,122,122,122,147,147,147],"floor_reached":30,"playtime":1643,"items_purged":["Strike_B","Strike_B"],"score":496,"play_id":"ed6174b6-04a1-4cda-9ae3-171543c2817a","local_time":"20190629152015","is_ascension_mode":true,"campfire_choices":[{"floor":8,"key":"REST"},{"data":"Zap","floor":10,"key":"SMITH"},{"floor":15,"key":"REST"},{"floor":23,"key":"REST"},{"floor":27,"key":"REST"}],"neow_cost":"NONE","seed_source_timestamp":800642705667730,"circlet_count":0,"master_deck":["AscendersBane","Defend_B","Defend_B","Defend_B","Defend_B","Zap+1","Dualcast","Cold Snap","Consume","Leap","Sweeping Beam","FTL","Glacier","Compile Driver","Capacitor","Seek","Blizzard","Blizzard+1","Necronomicurse","Loop"],"relics":["FrozenCore","Ornamental Fan","Oddly Smooth Stone","Necronomicon","Bag of Marbles","Dodecahedron","Mummified Hand","MutagenicStrength"],"potions_floor_usage":[24,28,28],"damage_taken":[{"damage":7,"enemies":"Jaw Worm","floor":1,"turns":3},{"damage":2,"enemies":"Small Slimes","floor":3,"turns":4},{"damage":4,"enemies":"Cultist","floor":5,"turns":4},{"damage":41,"enemies":"Gremlin Nob","floor":6,"turns":5},{"damage":9,"enemies":"Blue Slaver","floor":7,"turns":4},{"damage":0,"enemies":"2 Fungi Beasts","floor":11,"turns":4},{"damage":0,"enemies":"Looter","floor":14,"turns":3},{"damage":39,"enemies":"Slime Boss","floor":16,"turns":19},{"damage":7,"enemies":"Chosen","floor":18,"turns":8},{"damage":0,"enemies":"Spheric Guardian","floor":19,"turns":6},{"damage":24,"enemies":"Book of Stabbing","floor":24,"turns":8},{"damage":15,"enemies":"Snecko","floor":25,"turns":8},{"damage":35,"enemies":"Slavers","floor":28,"turns":6},{"damage":7,"enemies":"Chosen and Byrds","floor":30,"turns":7}],"seed_played":"-454784963608063877","potions_obtained":[{"floor":3,"key":"PowerPotion"},{"floor":6,"key":"Swift Potion"},{"floor":24,"key":"FearPotion"}],"is_trial":false,"path_per_floor":["M","?","M","?","M","E","M","R","T","R","M","$","$","M","R","B",null,"M","M","?","?","?","R","E","M","T","R","E","?","M"],"character_chosen":"DEFECT","items_purchased":["Compile Driver"],"campfire_rested":4,"item_purchase_floors":[12],"current_hp_per_floor":[64,57,55,55,51,10,1,24,24,24,24,24,24,24,47,8,61,54,54,33,33,33,56,32,17,17,40,5,5,0],"gold":147,"neow_bonus":"TEN_PERCENT_HP_BONUS","is_prod":false,"is_daily":false,"chose_seed":false,"campfire_upgraded":1,"win_rate":0,"timestamp":1561836015,"path_taken":["M","?","M","?","M","E","M","R","T","R","M","?","$","M","R","BOSS","M","M","?","?","?","R","E","M","T","R","E","?","M"],"build_version":"2019-01-23","purchased_purges":2,"victory":false,"max_hp_per_floor":[78,78,78,78,78,78,78,78,78,78,78,78,78,78,78,78,78,78,78,78,78,78,78,78,78,78,78,78,78,78],"card_choices":[{"not_picked":["Force Field","Stack"],"picked":"Cold Snap","floor":1},{"not_picked":["Streamline","Ball Lightning"],"picked":"Consume","floor":3},{"not_picked":["Capacitor","Storm"],"picked":"Leap","floor":5},{"not_picked":["Skim","Capacitor"],"picked":"Sweeping Beam","floor":6},{"not_picked":["Beam Cell","Turbo"],"picked":"FTL","floor":7},{"not_picked":["Loop","Redo"],"picked":"Glacier","floor":11},{"not_picked":["Conserve Battery","Darkness"],"picked":"Capacitor","floor":14},{"not_picked":["Buffer","Biased Cognition"],"picked":"Seek","floor":16},{"not_picked":["Redo+1","Defragment"],"picked":"Blizzard","floor":18},{"not_picked":["Storm","Turbo"],"picked":"Blizzard+1","floor":19},{"not_picked":["Tempest","Redo","Steam"],"picked":"SKIP","floor":24},{"not_picked":["Go for the Eyes","Redo","Turbo"],"picked":"SKIP","floor":25},{"not_picked":["Leap","Cold Snap"],"picked":"Loop","floor":28}],"player_experience":1080571,"relics_obtained":[{"floor":6,"key":"Ornamental Fan"},{"floor":9,"key":"Oddly Smooth Stone"},{"floor":20,"key":"Necronomicon"},{"floor":24,"key":"Bag of Marbles"},{"floor":26,"key":"Dodecahedron"},{"floor":28,"key":"Mummified Hand"}],"event_choices":[{"cards_removed":["Strike_B"],"damage_healed":0,"gold_gain":0,"player_choice":"Card Removal","damage_taken":7,"max_hp_gain":0,"max_hp_loss":0,"event_name":"Golden Wing","floor":2,"gold_loss":0},{"damage_healed":0,"gold_gain":0,"player_choice":"Ignored","damage_taken":0,"max_hp_gain":0,"max_hp_loss":0,"event_name":"Liars Game","floor":4,"gold_loss":0},{"damage_healed":0,"gold_gain":0,"player_choice":"Obtained Book","damage_taken":21,"max_hp_gain":0,"max_hp_loss":0,"event_name":"Cursed Tome","floor":20,"gold_loss":0},{"damage_healed":0,"gold_gain":0,"player_choice":"Ignored","damage_taken":0,"max_hp_gain":0,"max_hp_loss":0,"event_name":"The Mausoleum","floor":21,"gold_loss":0},{"cards_removed":["Strike_B"],"damage_healed":0,"gold_gain":0,"player_choice":"Gave Gold","damage_taken":0,"max_hp_gain":0,"max_hp_loss":0,"event_name":"Beggar","floor":22,"gold_loss":75},{"damage_healed":0,"gold_gain":0,"player_choice":"Inject Mutagens","damage_taken":0,"relics_obtained":["MutagenicStrength"],"max_hp_gain":0,"max_hp_loss":0,"event_name":"Drug Dealer","floor":29,"gold_loss":0}],"is_beta":false,"boss_relics":[{"not_picked":["White Beast Statue","Astrolabe"],"picked":"FrozenCore"}],"items_purged_floors":[12,13],"is_endless":false,"potions_floor_spawned":[3,6,16,24,25],"killed_by":"Chosen and Byrds","ascension_level":17}