{"gold_per_floor":[114,114,125,50,60,60,76,76,123,123,139,139,39,69,69,172,172,185,199,74,74,94,94,19,32,57,85,85,110,120,134,134,233,233,249,268,283,111,111,111,131,143,219,219,239,256,289,289,289,289],"floor_reached":50,"playtime":3922,"items_purged":["Strike_G","Defend_G","Strike_G","Strike_G"],"score":593,"play_id":"27624a28-d4df-4043-8cd5-125a1bcc8724","local_time":"20191009205344","is_ascension_mode":true,"campfire_choices":[{"floor":6.0,"key":"DIG"},{"data":"Dodge and Roll","floor":8.0,"key":"SMITH"},{"floor":10.0,"key":"DIG"},{"data":"Poisoned Stab","floor":12.0,"key":"SMITH"},{"floor":15.0,"key":"REST"},{"data":"Poisoned Stab","floor":23.0,"key":"SMITH"},{"data":"Dash","floor":28.0,"key":"SMITH"},{"floor":32.0,"key":"REST"},{"floor":40.0,"key":"REST"},{"floor":44.0,"key":"REST"},{"floor":49,"key":"REST"}],"neow_cost":"TEN_PERCENT_HP_LOSS","seed_source_timestamp":0,"circlet_count":0,"master_deck":["Strike_G","Defend_G+1","Defend_G","Defend_G","Defend_G","Survivor+1","Neutralize","Poisoned Stab+1","Dash+1","Dagger Spray","Dodge and Roll+1","Backflip","Adrenaline","Tools of the Trade","Calculated Gamble+1","Poisoned Stab+1","Backstab","Escape Plan","Terror","Doppelganger","Catalyst","Bane","Impatience","PiercingWail+1","Caltrops+1","Footwork"],"special_seed":0,"relics":["Ring of the Snake","Shovel","Oddly Smooth Stone","Snake Skull","Bronze Scales","Bag of Preparation","Philosopher\u0027s Stone","Omamori","Matryoshka","Anchor","Eternal Feather","Pen Nib","Mercury Hourglass","Vajra"],"potions_floor_usage":[47,50],"damage_taken":[{"damage":2.0,"enemies":"Small Slimes","floor":1.0,"turns":4.0},{"damage":0.0,"enemies":"2 Louse","floor":3.0,"turns":3.0},{"damage":0.0,"enemies":"Cultist","floor":5.0,"turns":3.0},{"damage":0.0,"enemies":"Gremlin Gang","floor":7.0,"turns":4.0},{"damage":1.0,"enemies":"Blue Slaver","floor":11.0,"turns":3.0},{"damage":20.0,"enemies":"Lagavulin","floor":14.0,"turns":6.0},{"damage":10.0,"enemies":"Hexaghost","floor":16.0,"turns":9.0},{"damage":0.0,"enemies":"Spheric Guardian","floor":18.0,"turns":6.0},{"damage":0.0,"enemies":"3 Byrds","floor":19.0,"turns":3.0},{"damage":3.0,"enemies":"Shelled Parasite and Fungi","floor":22.0,"turns":4.0},{"damage":0.0,"enemies":"Snecko","floor":25.0,"turns":4.0},{"damage":4.0,"enemies":"Book of Stabbing","floor":27.0,"turns":6.0},{"damage":17.0,"enemies":"Gremlin Leader","floor":29.0,"turns":7.0},{"damage":0.0,"enemies":"Centurion and Healer","floor":30.0,"turns":5.0},{"damage":6.0,"enemies":"Shelled Parasite and Fungi","floor":31.0,"turns":4.0},{"damage":46.0,"enemies":"Collector","floor":33.0,"turns":11.0},{"damage":0.0,"enemies":"Orb Walker","floor":35.0,"turns":3.0},{"damage":23.0,"enemies":"3 Darklings","floor":36.0,"turns":4.0},{"damage":34.0,"enemies":"Sphere and 2 Shapes","floor":37.0,"turns":8.0},{"damage":8.0,"enemies":"Maw","floor":41.0,"turns":6.0},{"damage":39.0,"enemies":"Writhing Mass","floor":42.0,"turns":6.0},{"damage":2.0,"enemies":"3 Darklings","floor":45.0,"turns":4.0},{"damage":3.0,"enemies":"Jaw Worm Horde","floor":46.0,"turns":4.0},{"damage":28,"enemies":"Nemesis","floor":47,"turns":7},{"damage":37,"enemies":"Time Eater","floor":50,"turns":12}],"seed_played":"-3514963250222124645","potions_obtained":[{"floor":3.0,"key":"GhostInAJar"},{"floor":14.0,"key":"Dexterity Potion"},{"floor":21.0,"key":"EssenceOfSteel"},{"floor":21.0,"key":"FairyPotion"},{"floor":45.0,"key":"Fire Potion"},{"floor":46.0,"key":"Block Potion"}],"is_trial":false,"path_per_floor":["M","?","M","$","M","R","M","R","T","R","M","R","$","E","R","B",null,"M","M","$","?","M","R","$","M","T","E","R","E","M","M","R","B",null,"M","M","M","$","?","R","M","M","T","R","M","M","E","?","R","B"],"character_chosen":"THE_SILENT","items_purchased":["Backstab","Bane"],"campfire_rested":5,"item_purchase_floors":[24,38],"current_hp_per_floor":[61,48,48,48,48,48,48,48,48,48,47,47,47,27,45,35,63,63,63,63,63,60,60,60,60,60,56,56,39,39,33,51,5,63,63,40,6,6,6,36,28,6,6,36,34,31,3,3,36,0],"gold":289,"neow_bonus":"ONE_RARE_RELIC","is_prod":false,"is_daily":false,"chose_seed":false,"campfire_upgraded":4,"win_rate":0,"timestamp":1570668824,"path_taken":["M","?","M","$","M","R","M","R","T","R","M","R","$","E","R","BOSS","M","M","$","?","?","R","$","M","T","E","R","E","M","M","R","BOSS","M","M","?","$","?","R","M","M","T","R","M","M","E","?","R","BOSS"],"build_version":"2019-07-17","purchased_purges":4,"victory":false,"max_hp_per_floor":[63,63,63,63,63,63,63,63,63,63,63,63,63,63,63,63,63,63,63,63,63,63,63,63,63,63,63,63,63,63,63,63,63,63,63,63,63,63,63,63,63,63,63,63,63,63,63,63,63,63],"card_choices":[{"not_picked":["Outmaneuver","Quick Slash"],"picked":"Poisoned Stab","floor":1.0},{"not_picked":["Riddle With Holes","Bane"],"picked":"Dash","floor":3.0},{"not_picked":["Reflex","Backflip"],"picked":"Dagger Spray","floor":5.0},{"not_picked":["Eviscerate","Expertise"],"picked":"Dodge and Roll","floor":7.0},{"not_picked":["Flying Knee","Acrobatics"],"picked":"Backflip","floor":11.0},{"not_picked":["Acrobatics","Underhanded Strike"],"picked":"Adrenaline","floor":14.0},{"not_picked":["Doppelganger","A Thousand Cuts"],"picked":"Tools of the Trade","floor":16.0},{"not_picked":["Blade Dance","Tactician"],"picked":"Calculated Gamble+1","floor":18.0},{"not_picked":["Bane","PiercingWail"],"picked":"Poisoned Stab","floor":19.0},{"not_picked":["Flying Knee+1","Poisoned Stab+1","Sucker Punch"],"picked":"SKIP","floor":22.0},{"not_picked":["Predator","Outmaneuver"],"picked":"Escape Plan","floor":25.0},{"not_picked":["Slice+1","Grand Finale","Underhanded Strike"],"picked":"SKIP","floor":27.0},{"not_picked":["Endless Agony+1","Prepared"],"picked":"Terror","floor":29.0},{"not_picked":["Concentrate+1","Acrobatics","Caltrops"],"picked":"SKIP","floor":30.0},{"not_picked":["Deflect","Distraction","Dash"],"picked":"SKIP","floor":31.0},{"not_picked":["Malaise","Venomology"],"picked":"Doppelganger","floor":33.0},{"not_picked":["Outmaneuver","Underhanded Strike","Masterful Stab"],"picked":"SKIP","floor":35.0},{"not_picked":["Tactician","Outmaneuver+1"],"picked":"Catalyst","floor":36.0},{"not_picked":["Acrobatics","Terror+1","Reflex+1"],"picked":"SKIP","floor":37.0},{"not_picked":["Deep Breath","Chrysalis"],"picked":"Impatience","floor":39.0},{"not_picked":["Escape Plan+1","Heel Hook","Poisoned Stab"],"picked":"SKIP","floor":41.0},{"not_picked":["Sucker Punch+1","Flechettes+1","Flying Knee"],"picked":"SKIP","floor":42.0},{"not_picked":["Poisoned Stab","Terror+1","Calculated Gamble"],"picked":"SKIP","floor":45.0},{"not_picked":["Heel Hook","Flechettes+1"],"picked":"PiercingWail+1","floor":46.0},{"not_picked":["Distraction+1","Dagger Throw+1"],"picked":"Caltrops+1","floor":47}],"player_experience":357305,"relics_obtained":[{"floor":6.0,"key":"Oddly Smooth Stone"},{"floor":9.0,"key":"Snake Skull"},{"floor":10.0,"key":"Bronze Scales"},{"floor":14.0,"key":"Bag of Preparation"},{"floor":26.0,"key":"Omamori"},{"floor":27.0,"key":"Matryoshka"},{"floor":29.0,"key":"Anchor"},{"floor":43.0,"key":"Pen Nib"},{"floor":43.0,"key":"Mercury Hourglass"},{"floor":47,"key":"Vajra"}],"event_choices":[{"damage_healed":0.0,"max_hp_gain":0.0,"max_hp_loss":0.0,"gold_gain":0.0,"event_name":"Shining Light","player_choice":"Entered Light","floor":2.0,"gold_loss":0.0,"damage_taken":13.0,"cards_upgraded":["Survivor","Defend_G"]},{"damage_healed":0.0,"max_hp_gain":0.0,"max_hp_loss":0.0,"gold_gain":0.0,"event_name":"Lab","player_choice":"Got Potions","floor":21.0,"gold_loss":0.0,"damage_taken":0.0},{"damage_healed":0.0,"max_hp_gain":0.0,"max_hp_loss":0.0,"gold_gain":0.0,"event_name":"SensoryStone","player_choice":"Memory 1","floor":39.0,"gold_loss":0.0,"damage_taken":0.0},{"damage_healed":0,"gold_gain":0,"cards_transformed":["Strike_G"],"player_choice":"Transformed","damage_taken":0,"max_hp_gain":0,"max_hp_loss":0,"event_name":"Transmorgrifier","floor":48,"gold_loss":0,"cards_obtained":["Footwork"]}],"is_beta":false,"boss_relics":[{"not_picked":["WristBlade","White Beast Statue"],"picked":"Philosopher\u0027s Stone"},{"not_picked":["Cursed Key","Runic Pyramid"],"picked":"Eternal Feather"}],"items_purged_floors":[4,13,20,38],"is_endless":false,"potions_floor_spawned":[3,14,22,25,29,30,31,45,46],"killed_by":"Time Eater","ascension_level":3}