{"gold_per_floor":[212,223,241,251,128,128,143,143,168,148,148,164,182,214,214,318,318,328,328,338,351,362,362,378,378,405,425,71,71,89,51,51,146,146,160,160,173,273,112,112,122,122,122,140,140,157,157,171,171,171],"floor_reached":51,"playtime":4739,"items_purged":["Strike_G","Defend_G","Concentrate"],"score":605,"play_id":"c853dfd9-84b5-4391-9435-60d8670c298f","local_time":"20181114214907","is_ascension_mode":false,"campfire_choices":[{"data":"Leg Sweep","floor":6.0,"key":"SMITH"},{"data":"Flying Knee","floor":8.0,"key":"SMITH"},{"data":"Deflect","floor":11.0,"key":"SMITH"},{"data":"Flying Knee","floor":15.0,"key":"SMITH"},{"data":"Corpse Explosion","floor":23.0,"key":"SMITH"},{"data":"Prepared","floor":25.0,"key":"SMITH"},{"data":"Backstab","floor":29.0,"key":"SMITH"},{"data":"All Out Attack","floor":32.0,"key":"SMITH"},{"data":"Dash","floor":40.0,"key":"SMITH"},{"floor":42.0,"key":"REST"},{"data":"Dodge and Roll","floor":45.0,"key":"SMITH"},{"floor":47,"key":"REST"},{"floor":49,"key":"REST"}],"neow_cost":"NONE","seed_source_timestamp":0,"circlet_count":0,"master_deck":["Survivor","Neutralize","Leg Sweep+1","Deflect+1","Sucker Punch","Flying Knee+1","Flying Knee+1","Prepared+1","Blur","Corpse Explosion+1","Backstab+1","Poisoned Stab+1","Noxious Fumes+1","All Out Attack+1","Outmaneuver","Deadly Poison","Heel Hook","Prepared","Prepared","Acrobatics","Backflip+1","Dash+1","Dodge and Roll+1","Predator+1"],"special_seed":0,"relics":["Ring of the Snake","Bag of Marbles","Anchor","Velvet Choker","Blood Vial","Kunai","Pandora\u0027s Box","The Specimen","Singing Bowl"],"potions_floor_usage":[46,50,50],"damage_taken":[{"damage":2.0,"enemies":"Jaw Worm","floor":1.0,"turns":4.0},{"damage":0.0,"enemies":"Cultist","floor":2.0,"turns":5.0},{"damage":0.0,"enemies":"2 Louse","floor":3.0,"turns":4.0},{"damage":12.0,"enemies":"Gremlin Gang","floor":4.0,"turns":9.0},{"damage":2.0,"enemies":"Looter","floor":7.0,"turns":4.0},{"damage":0.0,"enemies":"Large Slime","floor":12.0,"turns":5.0},{"damage":0.0,"enemies":"Gremlin Gang","floor":13.0,"turns":3.0},{"damage":5.0,"enemies":"Lagavulin","floor":14.0,"turns":8.0},{"damage":44.0,"enemies":"The Guardian","floor":16.0,"turns":20.0},{"damage":0.0,"enemies":"2 Thieves","floor":18.0,"turns":3.0},{"damage":0.0,"enemies":"3 Byrds","floor":20.0,"turns":2.0},{"damage":7.0,"enemies":"Shelled Parasite and Fungi","floor":21.0,"turns":7.0},{"damage":14.0,"enemies":"Snecko","floor":22.0,"turns":8.0},{"damage":0.0,"enemies":"3 Cultists","floor":24.0,"turns":4.0},{"damage":12.0,"enemies":"Chosen and Byrds","floor":27.0,"turns":6.0},{"damage":0.0,"enemies":"Snake Plant","floor":30.0,"turns":3.0},{"damage":41.0,"enemies":"Collector","floor":33.0,"turns":9.0},{"damage":8.0,"enemies":"3 Darklings","floor":35.0,"turns":2.0},{"damage":2.0,"enemies":"3 Shapes","floor":37.0,"turns":4.0},{"damage":13.0,"enemies":"Mind Bloom Boss Battle","floor":38.0,"turns":7.0},{"damage":30.0,"enemies":"Spire Growth","floor":41.0,"turns":5.0},{"damage":0.0,"enemies":"Jaw Worm Horde","floor":44.0,"turns":5.0},{"damage":12,"enemies":"Writhing Mass","floor":46,"turns":6},{"damage":4,"enemies":"Transient","floor":48,"turns":5},{"damage":54,"enemies":"Time Eater","floor":50,"turns":15}],"seed_played":"8005866039325549442","potions_obtained":[{"floor":1.0,"key":"GamblersBrew"},{"floor":7.0,"key":"Explosive Potion"},{"floor":10.0,"key":"EssenceOfSteel"},{"floor":12.0,"key":"Regen Potion"},{"floor":20.0,"key":"Strength Potion"},{"floor":30.0,"key":"Ancient Potion"},{"floor":37.0,"key":"Fire Potion"},{"floor":38.0,"key":"AttackPotion"},{"floor":41.0,"key":"GhostInAJar"}],"is_trial":false,"path_per_floor":["M","M","M","M","$","R","M","R","T","?","R","M","M","E","R","B",null,"M","?","M","M","M","R","M","R","T","M","$","R","M","$","R","B",null,"M","?","M","?","$","R","M","R","T","M","R","M","R","M","R","B",null],"character_chosen":"THE_SILENT","items_purchased":["Flying Knee","Kunai","All Out Attack","Dash"],"campfire_rested":3,"item_purchase_floors":[5,28,31,39],"current_hp_per_floor":[68,68,68,56,56,56,54,54,54,54,54,54,54,49,49,5,70,70,70,70,63,49,49,49,49,49,39,39,39,53,53,53,14,70,62,62,62,51,51,51,23,44,44,48,48,38,59,59,74,20],"gold":171,"neow_bonus":"HUNDRED_GOLD","is_prod":false,"is_daily":false,"chose_seed":false,"campfire_upgraded":10,"win_rate":0,"timestamp":1542250147,"path_taken":["M","M","M","M","$","R","M","R","T","?","R","M","M","E","R","BOSS","M","?","M","M","M","R","M","R","T","M","$","R","M","?","R","BOSS","M","?","M","?","$","R","M","R","T","M","R","M","R","M","R","BOSS"],"build_version":"2018-11-08","purchased_purges":3,"victory":true,"max_hp_per_floor":[70,70,70,70,70,70,70,70,70,70,70,70,70,70,70,70,70,70,70,70,70,70,70,70,70,70,70,70,70,70,70,70,70,70,70,70,70,70,70,70,70,70,70,72,72,72,72,74,74,74],"card_choices":[{"not_picked":["Blade Dance","All Out Attack"],"picked":"Leg Sweep","floor":1.0},{"not_picked":["Quick Slash","PiercingWail"],"picked":"Deflect","floor":2.0},{"not_picked":["Backflip","Outmaneuver","Tactician"],"picked":"SKIP","floor":3.0},{"not_picked":["Deflect","Caltrops"],"picked":"Sucker Punch","floor":4.0},{"not_picked":["Dagger Throw","Sucker Punch","Bane"],"picked":"SKIP","floor":7.0},{"not_picked":["Distraction","Eviscerate"],"picked":"Flying Knee","floor":12.0},{"not_picked":["Finisher","Acrobatics"],"picked":"Prepared","floor":13.0},{"not_picked":["Tactician","Caltrops"],"picked":"Blur","floor":14.0},{"not_picked":["A Thousand Cuts","Wraith Form v2"],"picked":"Corpse Explosion","floor":16.0},{"not_picked":["Blade Dance+1","Sucker Punch+1","Deflect+1"],"picked":"SKIP","floor":18.0},{"not_picked":["Underhanded Strike","Catalyst+1"],"picked":"Backstab","floor":20.0},{"not_picked":["Flechettes+1","Wraith Form v2","Eviscerate+1"],"picked":"SKIP","floor":21.0},{"not_picked":["Poisoned Stab","Finisher","Concentrate"],"picked":"SKIP","floor":22.0},{"not_picked":["Blade Dance","Noxious Fumes"],"picked":"Poisoned Stab+1","floor":24.0},{"not_picked":["Blade Dance+1","Outmaneuver","Distraction"],"picked":"SKIP","floor":27.0},{"not_picked":["Footwork","Deflect"],"picked":"Noxious Fumes+1","floor":30.0},{"not_picked":["Acrobatics+1","Terror+1","Deflect+1"],"picked":"SKIP","floor":35.0},{"not_picked":["Tactician","Choke","Dagger Spray"],"picked":"SKIP","floor":37.0},{"not_picked":["Tactician+1","PiercingWail+1"],"picked":"Backflip+1","floor":38.0},{"not_picked":["Blade Dance+1","Deadly Poison"],"picked":"Dodge and Roll","floor":41.0},{"not_picked":["Reflex+1","Eviscerate+1","Blade Dance+1"],"picked":"Singing Bowl","floor":44.0},{"not_picked":["Riddle With Holes","Die Die Die"],"picked":"Predator+1","floor":46},{"not_picked":["Dodge and Roll","Dagger Spray","Acrobatics"],"picked":"Singing Bowl","floor":48}],"player_experience":565567,"relics_obtained":[{"floor":9.0,"key":"Bag of Marbles"},{"floor":14.0,"key":"Anchor"},{"floor":26.0,"key":"Blood Vial"},{"floor":38.0,"key":"The Specimen"},{"floor":43.0,"key":"Singing Bowl"}],"event_choices":[{"damage_healed":0.0,"max_hp_gain":0.0,"max_hp_loss":0.0,"gold_gain":0.0,"event_name":"The Woman in Blue","player_choice":"Bought 1 Potion","floor":10.0,"gold_loss":0.0,"damage_taken":0.0},{"cards_removed":["Defend_G"],"damage_healed":0.0,"max_hp_gain":0.0,"max_hp_loss":0.0,"gold_gain":0.0,"event_name":"Wheel of Change","player_choice":"Card Removal","floor":19.0,"gold_loss":0.0,"damage_taken":0.0},{"damage_healed":0.0,"max_hp_gain":0.0,"max_hp_loss":0.0,"gold_gain":0.0,"event_name":"Tomb of Lord Red Mask","player_choice":"Ignored","floor":36.0,"gold_loss":0.0,"damage_taken":0.0},{"damage_healed":0.0,"max_hp_gain":0.0,"max_hp_loss":0.0,"gold_gain":0.0,"event_name":"MindBloom","player_choice":"Fight","floor":38.0,"gold_loss":0.0,"damage_taken":0.0}],"is_beta":false,"boss_relics":[{"not_picked":["Snecko Eye","Tiny House"],"picked":"Velvet Choker"},{"not_picked":["Black Star","Astrolabe"],"picked":"Pandora\u0027s Box"}],"items_purged_floors":[5,28,39],"is_endless":false,"potions_floor_spawned":[1,7,12,20,22,24,30,37,38,41],"ascension_level":0}