{"gold_per_floor":[112,112,12,12,24,70,82,118,130,142],"floor_reached":10,"playtime":304,"items_purged":["Strike_G"],"score":112,"play_id":"84c0cdba-bbf6-4380-baa4-1e24cbc4ad0f","local_time":"20190721174327","is_ascension_mode":true,"campfire_choices":[{"data":"Burst","floor":7,"key":"SMITH"}],"neow_cost":"NONE","seed_source_timestamp":895119288064025,"circlet_count":0,"master_deck":["AscendersBane","Strike_G","Strike_G","Strike_G","Defend_G","Defend_G","Defend_G","Defend_G","Defend_G","Survivor","Neutralize","Deadly Poison","PiercingWail","Burst+1","Flying Knee"],"relics":["Lizard Tail","MawBank","Golden Idol","Omamori","Calipers"],"potions_floor_usage":[10],"damage_taken":[{"damage":2,"enemies":"Small Slimes","floor":1,"turns":4},{"damage":35,"enemies":"Lagavulin","floor":6,"turns":10},{"damage":0,"enemies":"2 Louse","floor":8,"turns":4},{"damage":27,"enemies":"Gremlin Nob","floor":10,"turns":3}],"seed_played":"5472215085562046238","potions_obtained":[{"floor":6,"key":"FearPotion"}],"is_trial":false,"path_per_floor":["M","?","$","?","?","E","R","M","T","E"],"character_chosen":"THE_SILENT","items_purchased":["PiercingWail"],"campfire_rested":0,"item_purchase_floors":[3],"current_hp_per_floor":[57,50,50,32,32,27,27,27,27,0],"gold":142,"neow_bonus":"BOSS_RELIC","is_prod":false,"is_daily":false,"chose_seed":false,"campfire_upgraded":1,"win_rate":0,"timestamp":1563723807,"path_taken":["M","?","$","?","?","E","R","M","T","E"],"build_version":"2019-07-17","purchased_purges":1,"victory":false,"max_hp_per_floor":[66,66,66,66,60,60,60,60,60,60],"card_choices":[{"not_picked":["Underhanded Strike","Flying Knee"],"picked":"Deadly Poison","floor":1},{"not_picked":["Setup","Underhanded Strike"],"picked":"Burst","floor":6},{"not_picked":["Prepared","Sucker Punch"],"picked":"Flying Knee","floor":8}],"player_experience":679605,"relics_obtained":[{"floor":6,"key":"Omamori"},{"floor":9,"key":"Calipers"}],"event_choices":[{"cards_removed":["Strike_G"],"damage_healed":0,"gold_gain":0,"player_choice":"Card Removal","damage_taken":7,"max_hp_gain":0,"max_hp_loss":0,"event_name":"Golden Wing","floor":2,"gold_loss":0},{"damage_healed":0,"gold_gain":0,"player_choice":"Success","damage_taken":18,"relics_obtained":["MawBank"],"max_hp_gain":0,"max_hp_loss":0,"event_name":"Scrap Ooze","floor":4,"gold_loss":0},{"damage_healed":0,"gold_gain":0,"player_choice":"Lose Max HP","damage_taken":0,"relics_obtained":["Golden Idol"],"max_hp_gain":0,"max_hp_loss":6,"event_name":"Golden Idol","floor":5,"gold_loss":0}],"is_beta":false,"boss_relics":[],"items_purged_floors":[3],"is_endless":false,"potions_floor_spawned":[6],"killed_by":"Gremlin Nob","ascension_level":15}