{"gold_per_floor":[110,185,201,46,46,46,60,60,106,125,153,170,170,95,95,191,191,201,154,154,154,188,188,198,198,198,228,241,43,43,59,59,162,162,179,198,198,54,276,276,293,293,293,312,312,344,14,14,14,14],"floor_reached":51,"playtime":3992,"items_purged":["Decay"],"score":691,"play_id":"37d2a34a-5008-4458-989d-e4bb1f26ea7f","local_time":"20181018204512","is_ascension_mode":false,"campfire_choices":[{"data":"Blur","floor":6.0,"key":"SMITH"},{"data":"Neutralize","floor":8.0,"key":"SMITH"},{"data":"Leg Sweep","floor":13.0,"key":"SMITH"},{"data":"Dash","floor":15.0,"key":"SMITH"},{"data":"Unload","floor":23,"key":"SMITH"},{"data":"Infinite Blades","floor":25,"key":"SMITH"},{"data":"Finisher","floor":30,"key":"SMITH"},{"data":"Strike_G","floor":32,"key":"SMITH"},{"data":"Strike_G","floor":40,"key":"SMITH"},{"data":"Strike_G","floor":42,"key":"SMITH"},{"floor":49,"key":"REST"}],"neow_cost":"CURSE","seed_source_timestamp":145462754675874,"circlet_count":0,"master_deck":["Defend_G","Defend_G","Defend_G","Defend_G","Strike_G","Strike_G+1","Strike_G+1","Strike_G+1","Survivor","Neutralize+1","Blur+1","Finisher+1","Dash+1","Infinite Blades+1","Backstab","Leg Sweep+1","Unload+1","Cloak And Dagger","RitualDagger","Escape Plan","Outmaneuver+1","Backflip+1","Madness","Cloak And Dagger+1","Caltrops+1","Escape Plan","Transmutation"],"special_seed":0,"relics":["Ring of the Snake","Incense Burner","Pen Nib","Letter Opener","Anchor","Centennial Puzzle","Busted Crown","Red Mask","Ice Cream","Pantograph","TwistedFunnel","Empty Cage","Bag of Marbles","Bird Faced Urn","Shuriken"],"potions_floor_usage":[22,27,50,50,50],"damage_taken":[{"damage":4.0,"enemies":"Small Slimes","floor":1.0,"turns":4.0},{"damage":0.0,"enemies":"Jaw Worm","floor":3.0,"turns":5.0},{"damage":1.0,"enemies":"Cultist","floor":7.0,"turns":4.0},{"damage":0.0,"enemies":"Exordium Thugs","floor":10.0,"turns":7.0},{"damage":17.0,"enemies":"Lagavulin","floor":11.0,"turns":8.0},{"damage":0.0,"enemies":"Red Slaver","floor":12.0,"turns":1.0},{"damage":4.0,"enemies":"The Guardian","floor":16.0,"turns":11.0},{"damage":0.0,"enemies":"Chosen","floor":18.0,"turns":4.0},{"damage":0,"enemies":"Masked Bandits","floor":22,"turns":2},{"damage":0,"enemies":"3 Byrds","floor":24,"turns":5},{"damage":11,"enemies":"Gremlin Leader","floor":27,"turns":7},{"damage":0,"enemies":"3 Cultists","floor":28,"turns":4},{"damage":1,"enemies":"Centurion and Healer","floor":31,"turns":3},{"damage":35,"enemies":"Champ","floor":33,"turns":11},{"damage":6,"enemies":"3 Shapes","floor":35,"turns":3},{"damage":0,"enemies":"Orb Walker","floor":36,"turns":3},{"damage":0,"enemies":"Transient","floor":41,"turns":5},{"damage":0,"enemies":"Reptomancer","floor":44,"turns":3},{"damage":34,"enemies":"Giant Head","floor":46,"turns":9},{"damage":0,"enemies":"Donu and Deca","floor":50,"turns":8}],"seed_played":"-6354812624205499749","potions_obtained":[{"floor":10.0,"key":"Block Potion"},{"floor":12.0,"key":"SteroidPotion"},{"floor":16.0,"key":"Swift Potion"},{"floor":28,"key":"Strength Potion"},{"floor":31,"key":"Swift Potion"}],"is_trial":false,"path_per_floor":["M","?","M","$","?","R","M","R","T","M","E","M","R","$","R","B",null,"M","$","?","?","?","R","M","R","T","E","M","$","R","M","R","B",null,"M","M","?","$","?","R","M","R","T","M","?","E","$","?","R","B"],"character_chosen":"THE_SILENT","items_purchased":["Pen Nib","Cloak And Dagger","TwistedFunnel","Bag of Marbles","Escape Plan","Dexterity Potion","Transmutation"],"campfire_rested":1,"item_purchase_floors":[4,19,29,38,47,47,47],"current_hp_per_floor":[66,55,55,55,52,52,51,51,51,51,34,34,34,34,34,30,70,70,70,64,64,64,64,64,64,64,53,53,53,53,52,52,35,70,64,64,55,55,55,55,55,55,55,57,57,25,25,25,46,70],"gold":14,"neow_bonus":"ONE_RARE_RELIC","is_prod":false,"is_daily":false,"chose_seed":false,"campfire_upgraded":10,"win_rate":0,"timestamp":1539909912,"path_taken":["M","?","M","$","?","R","M","R","T","M","E","?","R","?","R","BOSS","M","$","?","?","?","R","M","R","T","E","?","?","R","M","R","BOSS","M","M","?","$","?","R","?","R","T","M","?","E","$","?","R","BOSS"],"build_version":"2018-10-11","purchased_purges":1,"victory":true,"max_hp_per_floor":[70,70,70,70,70,70,70,70,70,70,70,70,70,70,70,70,70,70,70,70,70,70,70,70,70,70,70,70,70,70,70,70,70,70,70,70,70,70,70,70,70,70,70,70,70,70,70,70,70,70],"card_choices":[{"not_picked":["Predator","Concentrate"],"picked":"Blur","floor":1.0},{"not_picked":["PiercingWail","Poisoned Stab"],"picked":"Finisher","floor":3.0},{"not_picked":["Deadly Poison","PiercingWail"],"picked":"Dash","floor":7.0},{"not_picked":["All Out Attack","Prepared"],"picked":"Infinite Blades","floor":10.0},{"not_picked":["Endless Agony","Finisher"],"picked":"Backstab","floor":11.0},{"not_picked":["Escape Plan","Heel Hook"],"picked":"Leg Sweep","floor":12.0},{"not_picked":["Venomology","Night Terror"],"picked":"Unload","floor":16.0},{"not_picked":["Deadly Poison+1"],"picked":"SKIP","floor":18.0},{"not_picked":[],"picked":"Escape Plan","floor":22},{"not_picked":["Outmaneuver"],"picked":"SKIP","floor":24},{"not_picked":["Outmaneuver"],"picked":"SKIP","floor":24},{"not_picked":[],"picked":"Outmaneuver+1","floor":27},{"not_picked":["Bane"],"picked":"SKIP","floor":28},{"not_picked":["Well Laid Plans"],"picked":"SKIP","floor":31},{"not_picked":["Deadly Poison+1"],"picked":"SKIP","floor":35},{"not_picked":[],"picked":"Backflip+1","floor":36},{"not_picked":["Bane+1"],"picked":"SKIP","floor":41},{"not_picked":[],"picked":"Cloak And Dagger+1","floor":44},{"not_picked":[],"picked":"Caltrops+1","floor":46}],"player_experience":520002,"relics_obtained":[{"floor":9.0,"key":"Anchor"},{"floor":11.0,"key":"Centennial Puzzle"},{"floor":22,"key":"Red Mask"},{"floor":26,"key":"Ice Cream"},{"floor":27,"key":"Pantograph"},{"floor":43,"key":"Bird Faced Urn"},{"floor":46,"key":"Shuriken"}],"event_choices":[{"event_name":"World of Goop","player_choice":"Gather Gold","floor":2.0,"damage_taken":0.0},{"event_name":"Scrap Ooze","player_choice":"success","floor":5.0,"damage_taken":3.0},{"event_name":"Nest","player_choice":"Joined the Cult","floor":20.0,"damage_taken":0.0},{"event_name":"Ghosts","player_choice":"Ignored","floor":21.0,"damage_taken":0.0},{"event_name":"Masked Bandits","player_choice":"Fought Bandits","floor":22,"damage_taken":0},{"event_name":"Winding Halls","player_choice":"Embrace Madness","floor":37,"damage_taken":0},{"event_name":"Tomb of Lord Red Mask","player_choice":"Wore Mask","floor":39,"damage_taken":0},{"event_name":"Falling","player_choice":"Removed Skill","floor":45,"damage_taken":0},{"event_name":"Mysterious Sphere","player_choice":"Ignore","floor":48,"damage_taken":0}],"is_beta":false,"boss_relics":[{"not_picked":["WristBlade","Runic Dome"],"picked":"Busted Crown"},{"not_picked":["Pandora\u0027s Box","White Beast Statue"],"picked":"Empty Cage"}],"items_purged_floors":[14],"is_endless":false,"potions_floor_spawned":[10,12,16,28,31,33,35,36],"ascension_level":0}