{"gold_per_floor":[10,27,27,43,43,43,57,85,110,110,60,79,79,108,108,210,210,224,234,29,29,40,40,68,68],"floor_reached":25,"playtime":1859,"items_purged":[],"score":231,"play_id":"b53bb36f-22c0-42da-bae0-7aca15966c93","local_time":"20190202212618","is_ascension_mode":false,"campfire_choices":[{"data":"Setup","floor":6.0,"key":"SMITH"},{"data":"Skewer","floor":10.0,"key":"SMITH"},{"data":"Metamorphosis","floor":13.0,"key":"SMITH"},{"data":"Dagger Spray","floor":15,"key":"SMITH"},{"data":"Neutralize","floor":23,"key":"SMITH"}],"neow_cost":"NO_GOLD","seed_source_timestamp":1041608771596925,"circlet_count":0,"master_deck":["Defend_G","Defend_G","Defend_G","Defend_G","Defend_G","Strike_G","Strike_G","Strike_G","Strike_G","Survivor","Neutralize+1","Violence","Metamorphosis+1","Dagger Spray+1","Setup+1","Skewer+1","Dagger Throw","Outmaneuver","Adrenaline","Master of Strategy","Well Laid Plans","Doppelganger"],"special_seed":0,"relics":["Ring of the Snake","Centennial Puzzle","Philosopher\u0027s Stone","Nloth\u0027s Gift","Strawberry"],"potions_floor_usage":[14,19],"damage_taken":[{"damage":0.0,"enemies":"Cultist","floor":1.0,"turns":3.0},{"damage":2.0,"enemies":"Small Slimes","floor":2.0,"turns":5.0},{"damage":0.0,"enemies":"Jaw Worm","floor":4.0,"turns":4.0},{"damage":0.0,"enemies":"Blue Slaver","floor":7.0,"turns":3.0},{"damage":34.0,"enemies":"Lagavulin","floor":8.0,"turns":7.0},{"damage":2.0,"enemies":"Looter","floor":12.0,"turns":3.0},{"damage":14,"enemies":"3 Sentries","floor":14,"turns":7},{"damage":8,"enemies":"Slime Boss","floor":16,"turns":8},{"damage":11,"enemies":"Spheric Guardian","floor":18,"turns":4},{"damage":2,"enemies":"3 Byrds","floor":19,"turns":2},{"damage":0,"enemies":"3 Cultists","floor":22,"turns":3},{"damage":52,"enemies":"Slavers","floor":24,"turns":6},{"damage":23,"enemies":"Snecko","floor":25,"turns":4}],"seed_played":"6079395385800359449","potions_obtained":[{"floor":3.0,"key":"Ancient Potion"},{"floor":3.0,"key":"GamblersBrew"},{"floor":3.0,"key":"FairyPotion"},{"floor":4.0,"key":"Weak Potion"},{"floor":7.0,"key":"EssenceOfSteel"},{"floor":16,"key":"Poison Potion"},{"floor":24,"key":"EssenceOfSteel"}],"is_trial":false,"path_per_floor":["M","M","?","M","?","R","M","E","T","R","?","M","R","E","R","B",null,"M","M","$","?","M","R","E","M"],"character_chosen":"THE_SILENT","items_purchased":["Master of Strategy","Well Laid Plans"],"campfire_rested":0,"item_purchase_floors":[20,20],"current_hp_per_floor":[70,68,68,68,73,73,73,39,39,39,39,37,37,23,23,15,75,64,62,62,62,62,62,17,0],"gold":68,"neow_bonus":"RANDOM_COLORLESS_2","is_prod":false,"is_daily":false,"chose_seed":false,"campfire_upgraded":5,"win_rate":0,"timestamp":1549160778,"path_taken":["M","?","?","?","?","R","M","E","T","R","?","M","R","E","R","BOSS","M","M","$","?","M","R","E","M"],"build_version":"2019-01-23","purchased_purges":0,"victory":false,"max_hp_per_floor":[70,70,70,70,75,75,75,75,75,75,75,75,75,75,75,75,75,75,75,75,75,75,75,82,82],"card_choices":[{"not_picked":["Slice","Reflex","Expertise"],"picked":"SKIP","floor":1.0},{"not_picked":["Crippling Poison","Deadly Poison"],"picked":"Dagger Spray","floor":2.0},{"not_picked":["Deadly Poison","Riddle With Holes"],"picked":"Setup","floor":4.0},{"not_picked":["Prepared","Cloak And Dagger"],"picked":"Skewer","floor":7.0},{"not_picked":["Poisoned Stab","Underhanded Strike"],"picked":"Dagger Throw","floor":8.0},{"not_picked":["Noxious Fumes","Deadly Poison","Bouncing Flask"],"picked":"SKIP","floor":12.0},{"not_picked":["Burst","Concentrate"],"picked":"Outmaneuver","floor":14},{"not_picked":["Unload","Burst"],"picked":"Adrenaline","floor":16},{"not_picked":["Prepared","Slice","Deadly Poison"],"picked":"SKIP","floor":18},{"not_picked":["Heel Hook","Dagger Throw+1","Calculated Gamble"],"picked":"SKIP","floor":19},{"not_picked":["Underhanded Strike+1","Distraction+1","Well Laid Plans+1"],"picked":"SKIP","floor":22},{"not_picked":["Sucker Punch","Prepared"],"picked":"Doppelganger","floor":24}],"player_experience":652186,"relics_obtained":[{"floor":8.0,"key":"Smiling Mask"},{"floor":14,"key":"Centennial Puzzle"},{"floor":24,"key":"Strawberry"}],"event_choices":[{"damage_healed":0.0,"max_hp_gain":0.0,"max_hp_loss":0.0,"gold_gain":0.0,"event_name":"Lab","player_choice":"Got Potions","floor":3.0,"gold_loss":0.0,"damage_taken":0.0},{"damage_healed":0.0,"max_hp_gain":5.0,"max_hp_loss":0.0,"gold_gain":0.0,"event_name":"Big Fish","player_choice":"Donut","floor":5.0,"gold_loss":0.0,"damage_taken":0.0},{"cards_removed":["Strike_G"],"damage_healed":0.0,"max_hp_gain":0.0,"max_hp_loss":0.0,"gold_gain":0.0,"event_name":"The Cleric","player_choice":"Card Removal","floor":11.0,"gold_loss":50.0,"damage_taken":0.0},{"damage_healed":0,"gold_gain":0,"player_choice":"Traded Relic","damage_taken":0,"relics_obtained":["Nloth\u0027s Gift"],"max_hp_gain":0,"max_hp_loss":0,"event_name":"N\u0027loth","floor":21,"relics_lost":["Smiling Mask"],"gold_loss":0}],"is_beta":false,"boss_relics":[{"not_picked":["Ectoplasm","Velvet Choker"],"picked":"Philosopher\u0027s Stone"}],"items_purged_floors":[],"is_endless":false,"potions_floor_spawned":[4,7,16,18,24],"killed_by":"Snecko","ascension_level":0}