{"gold_per_floor":[359,32,32,46,66,66,94,111,111,446,446,17,17,29,29,125,125,138,153,76,111,111,139,139,159,159,179,197,209,224,236,236,236],"floor_reached":33,"playtime":2830,"items_purged":[],"score":306,"play_id":"fde74144-7cd9-4d84-b43e-b547bceb7dc9","local_time":"20180708145158","is_ascension_mode":false,"campfire_choices":[{"data":"Armaments","floor":6,"key":"SMITH"},{"data":"Rampage","floor":11,"key":"SMITH"},{"data":"Bash","floor":15,"key":"SMITH"},{"floor":24,"key":"REST"},{"floor":32,"key":"REST"}],"neow_cost":"TEN_PERCENT_HP_LOSS","seed_source_timestamp":1105778946189166,"circlet_count":0,"master_deck":["Strike_R","Strike_R","Strike_R","Strike_R","Defend_R","Defend_R","Defend_R","Defend_R","Bash+1","Armaments+1","Rampage","Thunderclap","Rampage+1","Inflame","Twin Strike","Cleave","Apotheosis+1","Warcry+1","Immolate","Fire Breathing","Cleave","J.A.X.+1","Spot Weakness+1","Fire Breathing","Heavy Blade+1","Sword Boomerang+1","Dropkick","Pummel","Heavy Blade+1"],"relics":["Burning Blood","Letter Opener","Toxic Egg 2","Old Coin","Toy Ornithopter","Fusion Hammer","Red Mask","Nloth\u0027s Gift","Shuriken","Gremlin Horn"],"potions_floor_usage":[14,16,16,19,25,27,33,33,33],"damage_taken":[{"damage":1,"enemies":"Cultist","floor":1,"turns":3},{"damage":0,"enemies":"2 Louse","floor":4,"turns":3},{"damage":6,"enemies":"Jaw Worm","floor":5,"turns":3},{"damage":27,"enemies":"Gremlin Nob","floor":7,"turns":4},{"damage":7,"enemies":"Looter","floor":8,"turns":4},{"damage":22,"enemies":"Lagavulin","floor":10,"turns":6},{"damage":0,"enemies":"Lots of Slimes","floor":14,"turns":1},{"damage":43,"enemies":"The Guardian","floor":16,"turns":8},{"damage":22,"enemies":"2 Thieves","floor":18,"turns":4},{"damage":5,"enemies":"Chosen","floor":19,"turns":3},{"damage":3,"floor":21,"turns":2},{"damage":30,"enemies":"Gremlin Leader","floor":23,"turns":4},{"damage":11,"enemies":"Sentry and Sphere","floor":25,"turns":4},{"damage":31,"enemies":"Snake Plant","floor":27,"turns":4},{"damage":27,"enemies":"Slaver and Parasite","floor":28,"turns":3},{"damage":4,"enemies":"Centurion and Healer","floor":29,"turns":2},{"damage":15,"enemies":"Snecko","floor":30,"turns":4},{"damage":9,"enemies":"Cultist and Chosen","floor":31,"turns":3},{"damage":45,"enemies":"Champ","floor":33,"turns":5}],"seed_played":"5721336240636177275","potions_obtained":[{"floor":4,"key":"Ancient Potion"},{"floor":5,"key":"Explosive Potion"},{"floor":10,"key":"PowerPotion"},{"floor":14,"key":"Energy Potion"},{"floor":18,"key":"Ancient Potion"},{"floor":21,"key":"Regen Potion"},{"floor":23,"key":"EssenceOfSteel"},{"floor":27,"key":"FearPotion"},{"floor":31,"key":"Strength Potion"}],"is_trial":false,"path_per_floor":["M","$","?","M","M","R","E","M","T","E","R","$","?","M","R","B",null,"M","M","?","?","?","E","R","M","T","M","M","M","M","M","R"],"character_chosen":"IRONCLAD","items_purchased":["Calipers","Rampage","Toy Ornithopter","Apotheosis+1","Warcry+1"],"campfire_rested":2,"item_purchase_floors":[2,2,12,12,12],"current_hp_per_floor":[72,72,65,71,71,71,50,49,49,33,33,33,33,42,42,11,72,56,60,60,63,63,39,60,67,67,45,24,26,17,14,35,0],"gold":236,"neow_bonus":"TWO_FIFTY_GOLD","is_prod":false,"is_daily":false,"chose_seed":false,"campfire_upgraded":3,"win_rate":0,"timestamp":1531075918,"path_taken":["M","?","?","?","M","R","E","M","T","E","R","$","?","M","R","BOSS","M","M","?","?","?","E","R","M","T","M","M","M","?","M","R","BOSS"],"build_version":"2018-07-05","purchased_purges":0,"victory":false,"max_hp_per_floor":[72,72,72,72,72,72,72,72,72,72,72,72,72,72,72,72,72,72,72,72,72,72,72,72,72,72,72,72,72,72,72,72,72],"card_choices":[{"not_picked":["Wild Strike","Clothesline"],"picked":"Armaments","floor":1},{"not_picked":["Rupture","Perfected Strike"],"picked":"Thunderclap","floor":4},{"not_picked":["Intimidate","Anger"],"picked":"Rampage","floor":5},{"not_picked":["Pommel Strike","Anger"],"picked":"Inflame","floor":7},{"not_picked":["Clothesline","Hemokinesis"],"picked":"Twin Strike","floor":8},{"not_picked":["Berserk","Pommel Strike"],"picked":"Cleave","floor":10},{"not_picked":["Thunderclap","Hemokinesis","Wild Strike"],"picked":"SKIP","floor":14},{"not_picked":["Reaper","Dark Embrace"],"picked":"Immolate","floor":16},{"not_picked":["Feel No Pain+1","Perfected Strike+1"],"picked":"Fire Breathing","floor":18},{"not_picked":["Ghostly Armor+1","Evolve"],"picked":"Cleave","floor":19},{"not_picked":["Twin Strike","Clothesline+1"],"picked":"Spot Weakness+1","floor":23},{"not_picked":["Feel No Pain","Warcry+1"],"picked":"Fire Breathing","floor":25},{"not_picked":["Sword Boomerang+1","Wild Strike+1"],"picked":"Heavy Blade+1","floor":27},{"not_picked":["Heavy Blade","Entrench+1"],"picked":"Sword Boomerang+1","floor":28},{"not_picked":["Bludgeon","Clothesline"],"picked":"Dropkick","floor":29},{"not_picked":["Bloodletting+1","Entrench+1"],"picked":"Pummel","floor":30},{"not_picked":["Wild Strike","Bloodletting+1"],"picked":"Heavy Blade+1","floor":31}],"player_experience":106409,"relics_obtained":[{"floor":7,"key":"Letter Opener"},{"floor":9,"key":"Toxic Egg 2"},{"floor":10,"key":"Old Coin"},{"floor":21,"key":"Red Mask"},{"floor":23,"key":"Shuriken"},{"floor":26,"key":"Gremlin Horn"}],"event_choices":[{"event_name":"Golden Wing","player_choice":"Card Removal","floor":3,"damage_taken":0},{"event_name":"Shining Light","player_choice":"Ignored","floor":13,"damage_taken":0},{"event_name":"Drug Dealer","player_choice":"Got JAXXED","floor":20,"damage_taken":0},{"event_name":"Masked Bandits","player_choice":"Fought over 76 gold","floor":21,"damage_taken":0},{"event_name":"N\u0027loth","player_choice":"Traded a Calipers","floor":22,"damage_taken":0}],"boss_relics":[{"not_picked":["Runic Dome","Lizard Tail"],"picked":"Fusion Hammer"}],"items_purged_floors":[],"is_endless":false,"potions_floor_spawned":[4,5,10,14,18,21,23,27,31],"killed_by":"Champ","ascension_level":0}