{"gold_per_floor":[119,139,149,36,50,50,81,94,94,122,137,137,137,151,151,254,254,270,270,284,87,100,100,113,142,142,176,176,203,203,222,222,325,325,340,562,576,576,591,53,88,88,160,24,37,63,63,79,79,79],"floor_reached":51,"playtime":3375,"items_purged":["Strike_G","Normality"],"score":894,"play_id":"5f262b55-ddd3-460a-b9bc-d667e8e667d3","local_time":"20191014232238","is_ascension_mode":true,"campfire_choices":[{"data":"Caltrops","floor":6.0,"key":"SMITH"},{"data":"Glass Knife","floor":13.0,"key":"SMITH"},{"data":"Neutralize","floor":15.0,"key":"SMITH"},{"data":"Panache","floor":23.0,"key":"SMITH"},{"data":"Choke","floor":30.0,"key":"SMITH"},{"data":"After Image","floor":32.0,"key":"SMITH"},{"data":"Riddle With Holes","floor":42,"key":"SMITH"},{"data":"Cloak And Dagger","floor":47,"key":"SMITH"},{"data":"Backflip","floor":49,"key":"SMITH"}],"neow_cost":"NONE","seed_source_timestamp":0,"circlet_count":0,"master_deck":["Strike_G+1","Strike_G+1","Strike_G+1","Strike_G+1","Defend_G+1","Defend_G+1","Defend_G+1","Defend_G+1","Defend_G+1","Survivor","Neutralize+1","Glass Knife+1","Backflip+1","Caltrops+1","Terror","Backstab","Riddle With Holes+1","PiercingWail","Cloak And Dagger+1","Adrenaline","Prepared","After Image+1","Panache+1","Slice+1","Prepared+1","Necronomicurse","Choke+1","Well Laid Plans","Secret Technique+1","Dramatic Entrance","Terror+1","Finisher+1"],"special_seed":0,"relics":["Ring of the Snake","Unceasing Top","Nunchaku","Bird Faced Urn","Philosopher\u0027s Stone","Toxic Egg 2","Blood Vial","Red Mask","Necronomicon","Ninja Scroll","Cursed Key","Pantograph","Dream Catcher","Bottled Tornado","Oddly Smooth Stone"],"potions_floor_usage":[50,50,50],"damage_taken":[{"damage":0.0,"enemies":"2 Louse","floor":1.0,"turns":3.0},{"damage":1.0,"enemies":"Jaw Worm","floor":2.0,"turns":5.0},{"damage":7.0,"enemies":"Small Slimes","floor":3.0,"turns":3.0},{"damage":0.0,"enemies":"Blue Slaver","floor":5.0,"turns":2.0},{"damage":7.0,"enemies":"3 Sentries","floor":7.0,"turns":6.0},{"damage":2.0,"enemies":"3 Louse","floor":8.0,"turns":3.0},{"damage":12.0,"enemies":"Lagavulin","floor":10.0,"turns":7.0},{"damage":0.0,"enemies":"Looter","floor":11.0,"turns":2.0},{"damage":5.0,"enemies":"Gremlin Gang","floor":14.0,"turns":3.0},{"damage":18.0,"enemies":"Hexaghost","floor":16.0,"turns":9.0},{"damage":7.0,"enemies":"2 Thieves","floor":18.0,"turns":4.0},{"damage":0.0,"enemies":"3 Byrds","floor":20.0,"turns":3.0},{"damage":0.0,"enemies":"Centurion and Healer","floor":22.0,"turns":5.0},{"damage":0.0,"enemies":"Chosen and Byrds","floor":24.0,"turns":3.0},{"damage":9.0,"enemies":"Slavers","floor":25.0,"turns":3.0},{"damage":8.0,"enemies":"Masked Bandits","floor":27.0,"turns":3.0},{"damage":0.0,"enemies":"Gremlin Leader","floor":29.0,"turns":6.0},{"damage":0.0,"enemies":"Snecko","floor":31.0,"turns":3.0},{"damage":46.0,"enemies":"Collector","floor":33.0,"turns":8.0},{"damage":0,"enemies":"Orb Walker","floor":35,"turns":2},{"damage":0,"enemies":"3 Shapes","floor":37,"turns":3},{"damage":4,"enemies":"Jaw Worm Horde","floor":39,"turns":4},{"damage":5,"enemies":"Reptomancer","floor":41,"turns":4},{"damage":0,"enemies":"Transient","floor":45,"turns":5},{"damage":12,"enemies":"Nemesis","floor":46,"turns":3},{"damage":10,"enemies":"Maw","floor":48,"turns":4},{"damage":19,"enemies":"Donu and Deca","floor":50,"turns":5}],"seed_played":"-7614421168517905038","potions_obtained":[{"floor":2.0,"key":"SpeedPotion"},{"floor":5.0,"key":"AttackPotion"},{"floor":7.0,"key":"Energy Potion"},{"floor":10.0,"key":"EntropicBrew"},{"floor":11.0,"key":"SteroidPotion"},{"floor":20.0,"key":"GamblersBrew"},{"floor":27.0,"key":"GhostInAJar"},{"floor":29.0,"key":"Fruit Juice"},{"floor":41,"key":"SteroidPotion"},{"floor":48,"key":"Regen Potion"}],"is_trial":false,"path_per_floor":["M","M","M","$","M","R","E","M","T","E","M","?","R","M","R","B",null,"M","?","M","$","M","R","M","E","T","?","?","E","R","M","R","B",null,"M","?","M","?","M","$","E","R","T","$","M","E","R","M","R","B",null],"character_chosen":"THE_SILENT","items_purchased":["Backstab","Panache","Secret Technique+1","Dramatic Entrance","Pantograph","Terror+1"],"campfire_rested":0,"item_purchase_floors":[4,21,40,40,40,44],"current_hp_per_floor":[70,69,62,62,62,62,55,53,53,41,41,64,64,59,59,43,70,65,65,69,69,70,70,70,61,61,61,45,56,56,62,62,24,75,75,75,75,75,73,73,74,74,74,74,75,63,63,63,63,63],"gold":79,"neow_bonus":"ONE_RANDOM_RARE_CARD","is_prod":false,"is_daily":false,"chose_seed":false,"campfire_upgraded":9,"win_rate":0,"timestamp":1571109758,"path_taken":["M","M","M","$","M","R","E","M","T","E","M","?","R","M","R","BOSS","M","?","M","$","M","R","M","E","T","?","?","E","R","M","R","BOSS","M","?","M","?","M","$","E","R","T","$","M","E","R","M","R","BOSS"],"build_version":"2019-07-17","purchased_purges":2,"victory":true,"max_hp_per_floor":[70,70,70,70,70,70,70,70,70,70,70,70,70,70,70,70,70,70,70,70,70,70,70,70,70,70,70,70,75,75,75,75,75,75,75,75,75,75,75,75,75,75,75,75,75,75,75,75,75,75],"card_choices":[{"not_picked":["Blade Dance","Bane"],"picked":"Backflip","floor":1.0},{"not_picked":["Tactician","Slice"],"picked":"Caltrops","floor":2.0},{"not_picked":["Choke","Footwork"],"picked":"Terror","floor":3.0},{"not_picked":["PiercingWail","Dodge and Roll"],"picked":"Slice","floor":5.0},{"not_picked":["Burst","Heel Hook"],"picked":"Riddle With Holes","floor":7.0},{"not_picked":["Dagger Spray","Bane"],"picked":"PiercingWail","floor":8.0},{"not_picked":["Bane","Eviscerate"],"picked":"Cloak And Dagger","floor":10.0},{"not_picked":["Caltrops","Dagger Spray"],"picked":"Adrenaline","floor":11.0},{"not_picked":["Escape Plan","Blade Dance"],"picked":"Prepared","floor":14.0},{"not_picked":["Night Terror","Bullet Time"],"picked":"After Image","floor":16.0},{"not_picked":["Deadly Poison","Deflect+1","Catalyst"],"picked":"SKIP","floor":18.0},{"not_picked":["Blade Dance","Underhanded Strike+1","Backflip"],"picked":"SKIP","floor":20.0},{"not_picked":["Blade Dance","Bane"],"picked":"Slice+1","floor":22.0},{"not_picked":["Cloak And Dagger","Deadly Poison","Terror+1"],"picked":"SKIP","floor":24.0},{"not_picked":["Poisoned Stab","Blade Dance","Bane"],"picked":"SKIP","floor":25.0},{"not_picked":["Poisoned Stab","Flying Knee"],"picked":"Prepared+1","floor":27.0},{"not_picked":["Terror+1","Glass Knife"],"picked":"Choke","floor":29.0},{"not_picked":["Dagger Throw+1","Footwork","Blade Dance+1"],"picked":"SKIP","floor":31.0},{"not_picked":["Prepared+1","PiercingWail+1","Cloak And Dagger+1"],"picked":"SKIP","floor":35},{"not_picked":["Slice+1","Backflip+1","Underhanded Strike"],"picked":"SKIP","floor":37},{"not_picked":["Calculated Gamble+1","Slice"],"picked":"Well Laid Plans","floor":39},{"not_picked":["Dagger Throw+1","Die Die Die","Eviscerate"],"picked":"SKIP","floor":41},{"not_picked":["Accuracy+1","Dagger Throw","Riddle With Holes+1"],"picked":"SKIP","floor":45},{"not_picked":["Backstab","Blade Dance+1"],"picked":"Finisher+1","floor":46},{"not_picked":["Poisoned Stab+1","Underhanded Strike","Tactician+1"],"picked":"SKIP","floor":48}],"player_experience":383790,"relics_obtained":[{"floor":7.0,"key":"Unceasing Top"},{"floor":9.0,"key":"Nunchaku"},{"floor":10.0,"key":"Bird Faced Urn"},{"floor":25.0,"key":"Toxic Egg 2"},{"floor":26.0,"key":"Blood Vial"},{"floor":27.0,"key":"Red Mask"},{"floor":28.0,"key":"Necronomicon"},{"floor":29.0,"key":"Ninja Scroll"},{"floor":41,"key":"Dream Catcher"},{"floor":43,"key":"Bottled Tornado"},{"floor":46,"key":"Oddly Smooth Stone"}],"event_choices":[{"damage_healed":23.0,"max_hp_gain":0.0,"max_hp_loss":0.0,"gold_gain":0.0,"event_name":"Big Fish","player_choice":"Banana","floor":12.0,"gold_loss":0.0,"damage_taken":0.0},{"damage_healed":0.0,"max_hp_gain":0.0,"max_hp_loss":0.0,"gold_gain":0.0,"event_name":"Back to Basics","player_choice":"Simplicity","floor":19.0,"gold_loss":0.0,"damage_taken":0.0,"cards_upgraded":["Strike_G","Strike_G","Strike_G","Strike_G","Defend_G","Defend_G","Defend_G","Defend_G","Defend_G"]},{"damage_healed":0.0,"max_hp_gain":0.0,"max_hp_loss":0.0,"gold_gain":0.0,"event_name":"Masked Bandits","player_choice":"Fought Bandits","floor":27.0,"gold_loss":0.0,"damage_taken":0.0},{"damage_healed":0.0,"max_hp_gain":0.0,"max_hp_loss":0.0,"gold_gain":0.0,"event_name":"Cursed Tome","player_choice":"Obtained Book","floor":28.0,"gold_loss":0.0,"damage_taken":16.0},{"damage_healed":0,"gold_gain":222,"player_choice":"Wore Mask","damage_taken":0,"max_hp_gain":0,"max_hp_loss":0,"event_name":"Tomb of Lord Red Mask","floor":36,"gold_loss":0},{"cards_removed":["Slice"],"damage_healed":0,"gold_gain":0,"player_choice":"Removed Attack","damage_taken":0,"max_hp_gain":0,"max_hp_loss":0,"event_name":"Falling","floor":38,"gold_loss":0}],"is_beta":false,"boss_relics":[{"not_picked":["Empty Cage","White Beast Statue"],"picked":"Philosopher\u0027s Stone"},{"not_picked":["Pandora\u0027s Box","Lizard Tail"],"picked":"Cursed Key"}],"items_purged_floors":[4,44],"is_endless":false,"potions_floor_spawned":[2,5,7,10,11,20,27,29,41,46,48],"ascension_level":3}