{"gold_per_floor":[115,115,133,152,168,168,202,202,202,235,235,253,278,296,296,392,392,403,12,12,32,32,32,66,66,66,94,94,114,24,44,44,149,149,166,104,156,173,188,188,219,219,219,219,219,239,254,271,271,271,271,271,15,41,41],"floor_reached":56,"playtime":13544,"items_purged":["Strike_R","Strike_R"],"score":1262,"play_id":"c52d170f-2ce6-450d-8d49-74b05919effd","local_time":"20190407185722","is_ascension_mode":false,"campfire_choices":[{"data":"Body Slam","floor":6.0,"key":"SMITH"},{"data":"Rage","floor":8.0,"key":"SMITH"},{"data":"Pommel Strike","floor":11.0,"key":"SMITH"},{"data":"Cleave","floor":15.0,"key":"SMITH"},{"data":"Bash","floor":23.0,"key":"SMITH"},{"data":"Ghostly Armor","floor":25.0,"key":"SMITH"},{"data":"Body Slam","floor":28.0,"key":"SMITH"},{"data":"Iron Wave","floor":32.0,"key":"SMITH"},{"floor":40.0,"key":"RECALL"},{"floor":42.0,"key":"REST"},{"floor":45.0,"key":"REST"},{"floor":49.0,"key":"REST"},{"floor":52.0,"key":"REST"}],"neow_cost":"PERCENT_DAMAGE","seed_source_timestamp":163788291501418,"circlet_count":0,"master_deck":["Strike_R","Defend_R+1","Defend_R","Defend_R","Bash+1","Headbutt","Feed","Ghostly Armor+1","Body Slam+1","Rage+1","Cleave+1","Pommel Strike+1","Twin Strike","Flex+1","Barricade+1","Iron Wave+1","Rage+1","Flash of Steel","Entrench+1","Secret Technique+1","Inflame+1","Feed","Body Slam+1","Offering+1","Evolve+1","Battle Trance+1","Bloodletting+1","Offering+1","Juggernaut+1","Metallicize+1","Disarm+1"],"special_seed":0,"relics":["Burning Blood","Toxic Egg 2","Self Forming Clay","The Courier","Frozen Egg 2","Sozu","Bottled Flame","Omamori","Fusion Hammer","Incense Burner","Pear","Ornamental Fan","Bag of Preparation","Bottled Tornado"],"potions_floor_usage":[55,55,55],"damage_taken":[{"damage":1.0,"enemies":"Cultist","floor":1.0,"turns":3.0},{"damage":0.0,"enemies":"Small Slimes","floor":3.0,"turns":3.0},{"damage":6.0,"enemies":"Jaw Worm","floor":4.0,"turns":3.0},{"damage":12.0,"enemies":"Looter","floor":5.0,"turns":4.0},{"damage":28.0,"enemies":"Gremlin Nob","floor":7.0,"turns":4.0},{"damage":21.0,"enemies":"3 Sentries","floor":10.0,"turns":8.0},{"damage":3.0,"enemies":"Red Slaver","floor":12.0,"turns":2.0},{"damage":18.0,"enemies":"Lagavulin","floor":13.0,"turns":5.0},{"damage":0.0,"enemies":"Exordium Wildlife","floor":14.0,"turns":3.0},{"damage":36.0,"enemies":"Hexaghost","floor":16.0,"turns":11.0},{"damage":0.0,"enemies":"3 Byrds","floor":18.0,"turns":5.0},{"damage":5.0,"enemies":"Colosseum Slavers","floor":20.0,"turns":3.0},{"damage":10.0,"enemies":"Shell Parasite","floor":21.0,"turns":4.0},{"damage":17.0,"enemies":"Gremlin Leader","floor":24.0,"turns":4.0},{"damage":32.0,"enemies":"Slavers","floor":27.0,"turns":9.0},{"damage":5.0,"enemies":"Sentry and Sphere","floor":29.0,"turns":8.0},{"damage":8.0,"enemies":"Snake Plant","floor":31.0,"turns":4.0},{"damage":8.0,"enemies":"Champ","floor":33.0,"turns":12.0},{"damage":6.0,"enemies":"Orb Walker","floor":35.0,"turns":1.0},{"damage":6.0,"enemies":"2 Orb Walkers","floor":37.0,"turns":3.0},{"damage":6.0,"enemies":"3 Darklings","floor":38.0,"turns":7.0},{"damage":9.0,"enemies":"Transient","floor":39.0,"turns":5.0},{"damage":9.0,"enemies":"Nemesis","floor":41.0,"turns":1.0},{"damage":12.0,"enemies":"Writhing Mass","floor":46.0,"turns":5.0},{"damage":17.0,"enemies":"Jaw Worm Horde","floor":47.0,"turns":7.0},{"damage":0.0,"enemies":"4 Shapes","floor":48.0,"turns":5.0},{"damage":16.0,"enemies":"Awakened One","floor":50.0,"turns":10.0},{"damage":12.0,"enemies":"Shield and Spear","floor":54.0,"turns":11.0},{"damage":19,"enemies":"The Heart","floor":55,"turns":4}],"seed_played":"1315004360550315177","potions_obtained":[{"floor":7.0,"key":"Strength Potion"},{"floor":10.0,"key":"GamblersBrew"},{"floor":12.0,"key":"PowerPotion"},{"floor":14.0,"key":"Dexterity Potion"}],"is_trial":false,"path_per_floor":["M","?","M","M","M","R","E","R","T","E","R","M","E","M","R","B",null,"M","$","?","M","?","R","E","R","T","E","R","M","?","M","R","B",null,"M","$","?","M","M","R","E","R","T","?","R","M","M","M","R","B",null,"R","$","E","B",null],"character_chosen":"IRONCLAD","items_purchased":["Rage+1","Flash of Steel","Entrench+1","Secret Technique+1","Battle Trance+1","Bag of Preparation","Disarm+1"],"campfire_rested":4,"item_purchase_floors":[19,19,19,19,36,53,53],"current_hp_per_floor":[61,61,70,73,70,70,51,51,51,39,39,42,30,39,39,9,98,101,101,104,103,103,103,95,95,95,75,75,82,82,83,83,84,128,131,131,134,134,131,131,138,144,144,144,144,141,133,142,153,146,156,156,156,153,140],"gold":41,"neow_bonus":"REMOVE_TWO","is_prod":false,"is_daily":false,"chose_seed":false,"campfire_upgraded":8,"win_rate":0,"timestamp":1554677842,"path_taken":["M","?","M","M","?","R","E","R","T","E","R","M","E","M","R","BOSS","M","$","?","M","?","R","E","R","T","E","R","M","?","M","R","BOSS","M","?","?","M","M","R","E","R","T","?","R","?","M","M","R","BOSS","R","$","E","BOSS"],"build_version":"2019-01-23","purchased_purges":2,"victory":true,"max_hp_per_floor":[80,80,83,86,89,89,92,92,92,95,95,95,95,98,98,98,98,101,101,104,107,107,107,110,110,110,116,116,122,122,125,125,128,128,131,131,134,134,134,134,144,144,144,144,144,147,150,153,153,156,156,156,156,159,159],"card_choices":[{"not_picked":["Iron Wave","True Grit"],"picked":"Headbutt","floor":1.0},{"not_picked":["Flex","Dual Wield"],"picked":"Ghostly Armor","floor":3.0},{"not_picked":["Feel No Pain","Wild Strike"],"picked":"Body Slam","floor":4.0},{"not_picked":["Reckless Charge","Flame Barrier"],"picked":"Rage","floor":5.0},{"not_picked":["Armaments","Headbutt"],"picked":"Cleave","floor":7.0},{"not_picked":["Hemokinesis","Fiend Fire"],"picked":"Pommel Strike","floor":10.0},{"not_picked":["Heavy Blade","Wild Strike"],"picked":"Twin Strike","floor":12.0},{"not_picked":["Feel No Pain","Evolve"],"picked":"Flex+1","floor":13.0},{"not_picked":["Thunderclap","Wild Strike","Iron Wave"],"picked":"SKIP","floor":14.0},{"not_picked":["Exhume+1","Brutality+1"],"picked":"Barricade+1","floor":16.0},{"not_picked":["Cleave","Combust+1"],"picked":"Iron Wave","floor":18.0},{"not_picked":["Iron Wave","Carnage"],"picked":"Inflame+1","floor":21.0},{"not_picked":["True Grit+1","Havoc+1"],"picked":"Feed","floor":24.0},{"not_picked":["Pommel Strike+1","Headbutt"],"picked":"Body Slam","floor":27.0},{"not_picked":["Twin Strike","Heavy Blade","Reckless Charge"],"picked":"SKIP","floor":29.0},{"not_picked":["Searing Blow","Havoc+1","Hemokinesis+1"],"picked":"SKIP","floor":31.0},{"not_picked":["Juggernaut+1","Brutality+1"],"picked":"Offering+1","floor":33.0},{"not_picked":["Blood for Blood","Cleave+1"],"picked":"Evolve+1","floor":35.0},{"not_picked":["Warcry+1","Twin Strike+1"],"picked":"Bloodletting+1","floor":37.0},{"not_picked":["Wild Strike","Rampage","Armaments+1"],"picked":"SKIP","floor":38.0},{"not_picked":["Perfected Strike+1","Heavy Blade+1","Flex+1"],"picked":"SKIP","floor":39.0},{"not_picked":["Searing Blow+1","Headbutt+1","True Grit+1"],"picked":"SKIP","floor":41.0},{"not_picked":["Clothesline+1","Reckless Charge+1"],"picked":"Juggernaut+1","floor":46.0},{"not_picked":["Hemokinesis+1","True Grit+1"],"picked":"Metallicize+1","floor":47.0},{"not_picked":["Bloodletting+1","Sword Boomerang","Armaments+1"],"picked":"SKIP","floor":48.0},{"not_picked":["Wild Strike","Cleave","Evolve+1"],"picked":"SKIP","floor":54.0}],"player_experience":775041,"relics_obtained":[{"floor":7.0,"key":"Toxic Egg 2"},{"floor":9.0,"key":"Self Forming Clay"},{"floor":10.0,"key":"The Courier"},{"floor":13.0,"key":"Frozen Egg 2"},{"floor":24.0,"key":"Bottled Flame"},{"floor":27.0,"key":"Omamori"},{"floor":37.0,"key":"Incense Burner"},{"floor":41.0,"key":"Pear"},{"floor":43.0,"key":"Ornamental Fan"},{"floor":54.0,"key":"Bottled Tornado"}],"event_choices":[{"damage_healed":0.0,"max_hp_gain":0.0,"max_hp_loss":0.0,"gold_gain":0.0,"event_name":"Match and Keep!","player_choice":"1 cards matched","floor":2.0,"gold_loss":0.0,"damage_taken":0.0,"cards_obtained":["Feed"]},{"damage_healed":0.0,"max_hp_gain":0.0,"max_hp_loss":0.0,"gold_gain":0.0,"event_name":"Colosseum","player_choice":"Fight","floor":20.0,"gold_loss":0.0,"damage_taken":0.0},{"damage_healed":0.0,"max_hp_gain":0.0,"max_hp_loss":0.0,"gold_gain":0.0,"event_name":"Colosseum","player_choice":"Fled From Nobs","floor":20.0,"gold_loss":0.0,"damage_taken":0.0},{"damage_healed":0.0,"max_hp_gain":0.0,"max_hp_loss":0.0,"gold_gain":0.0,"event_name":"Beggar","player_choice":"Ignored","floor":22.0,"gold_loss":0.0,"damage_taken":0.0},{"cards_removed":["Strike_R"],"damage_healed":0.0,"max_hp_gain":0.0,"max_hp_loss":0.0,"gold_gain":0.0,"event_name":"Designer","player_choice":"Upgrade and Remove","floor":30.0,"gold_loss":90.0,"damage_taken":0.0,"cards_upgraded":["Defend_R"]},{"damage_healed":0.0,"max_hp_gain":0.0,"max_hp_loss":0.0,"gold_gain":0.0,"event_name":"Mysterious Sphere","player_choice":"Fight","floor":37.0,"gold_loss":0.0,"damage_taken":0.0},{"damage_healed":0.0,"max_hp_gain":0.0,"max_hp_loss":0.0,"gold_gain":0.0,"event_name":"Duplicator","player_choice":"Copied","floor":44.0,"gold_loss":0.0,"damage_taken":0.0,"cards_obtained":["Offering"]}],"is_beta":false,"boss_relics":[{"not_picked":["Snecko Eye","Velvet Choker"],"picked":"Sozu"},{"not_picked":["Calling Bell","Black Blood"],"picked":"Fusion Hammer"}],"items_purged_floors":[19,53],"is_endless":false,"potions_floor_spawned":[7,10,12,14,16,20,24,27,29,31,46,47,48,54],"ascension_level":0}