{"gold_per_floor":[118,45,45,58,72,106,106,170,197,197,214,8,8,28,28,131,131,148,148,159,8,41,70,70,89,89,89,101,101,129,141,141,141],"floor_reached":33,"playtime":1567,"items_purged":["Strike_R"],"score":285,"play_id":"e0086c2f-f497-46ce-9146-1ff492ed26f4","local_time":"20190403205125","is_ascension_mode":false,"campfire_choices":[{"data":"Uppercut","floor":7.0,"key":"SMITH"},{"data":"Uppercut","floor":10.0,"key":"SMITH"},{"data":"Flex","floor":13.0,"key":"SMITH"},{"data":"Shrug It Off","floor":15.0,"key":"SMITH"},{"data":"Rage","floor":24,"key":"SMITH"},{"data":"Limit Break","floor":27,"key":"SMITH"},{"floor":29,"key":"REST"},{"floor":32,"key":"REST"}],"neow_cost":"NONE","seed_source_timestamp":449223662198261,"circlet_count":0,"master_deck":["Strike_R+1","Strike_R","Strike_R+1","Defend_R","Defend_R","Defend_R","Defend_R","Bash","Limit Break+1","True Grit","Uppercut+1","Uppercut+1","Shrug It Off+1","Thunderclap","Shrug It Off","Sword Boomerang","Flex+1","Headbutt","Demon Form","Cleave","Rage+1","Sword Boomerang+1","Disarm"],"special_seed":0,"relics":["Burning Blood","Regal Pillow","Du-Vu Doll","Mark of Pain","Nloth\u0027s Gift","Red Mask","Vajra","Bag of Preparation","Red Skull"],"potions_floor_usage":[22,23,30],"damage_taken":[{"damage":5.0,"enemies":"Cultist","floor":1.0,"turns":4.0},{"damage":11.0,"enemies":"Jaw Worm","floor":4.0,"turns":5.0},{"damage":2.0,"enemies":"Small Slimes","floor":5.0,"turns":3.0},{"damage":16.0,"enemies":"3 Sentries","floor":6.0,"turns":7.0},{"damage":23.0,"enemies":"3 Sentries","floor":8.0,"turns":9.0},{"damage":0.0,"enemies":"Looter","floor":11.0,"turns":3.0},{"damage":14.0,"enemies":"Exordium Thugs","floor":14.0,"turns":4.0},{"damage":21.0,"enemies":"Hexaghost","floor":16.0,"turns":8.0},{"damage":10.0,"enemies":"Spheric Guardian","floor":18.0,"turns":3.0},{"damage":22.0,"enemies":"3 Byrds","floor":20.0,"turns":6.0},{"damage":0,"enemies":"Masked Bandits","floor":22,"turns":4},{"damage":34,"enemies":"Gremlin Leader","floor":23,"turns":7},{"damage":4,"enemies":"Snecko","floor":25,"turns":5},{"damage":14,"enemies":"Shelled Parasite and Fungi","floor":28,"turns":4},{"damage":33,"enemies":"Slavers","floor":30,"turns":6},{"damage":21,"enemies":"Snake Plant","floor":31,"turns":4},{"damage":75,"enemies":"Collector","floor":33,"turns":6}],"seed_played":"7810241332303846690","potions_obtained":[{"floor":1.0,"key":"Explosive Potion"},{"floor":4.0,"key":"AttackPotion"},{"floor":8.0,"key":"Strength Potion"},{"floor":11.0,"key":"Dexterity Potion"},{"floor":14.0,"key":"SkillPotion"},{"floor":22,"key":"Block Potion"},{"floor":25,"key":"Block Potion"}],"is_trial":false,"path_per_floor":["M","$","?","M","M","E","R","?","T","R","M","$","R","M","R","B",null,"M","?","M","$","?","E","R","M","T","R","M","R","E","M","R","B"],"character_chosen":"IRONCLAD","items_purchased":["Uppercut","Flex","Whetstone","Rage"],"campfire_rested":2,"item_purchase_floors":[2,12,12,21],"current_hp_per_floor":[80,80,80,75,79,69,69,52,52,52,58,58,58,50,50,35,80,76,76,60,60,66,38,38,40,40,40,32,71,44,29,68,0],"gold":141,"neow_bonus":"ONE_RANDOM_RARE_CARD","is_prod":false,"is_daily":false,"chose_seed":false,"campfire_upgraded":6,"win_rate":0,"timestamp":1554339085,"path_taken":["M","?","?","?","M","E","R","?","T","R","M","$","R","M","R","BOSS","M","?","M","?","?","E","R","M","T","R","M","R","E","M","R","BOSS"],"build_version":"2019-01-23","purchased_purges":1,"victory":false,"max_hp_per_floor":[80,80,80,80,80,80,80,80,80,80,80,80,80,80,80,80,80,80,80,80,80,80,80,80,80,80,80,80,80,80,80,80,80],"card_choices":[{"not_picked":["Body Slam","Entrench"],"picked":"True Grit","floor":1.0},{"not_picked":["Blood for Blood","Iron Wave"],"picked":"Shrug It Off","floor":4.0},{"not_picked":["Shrug It Off","True Grit"],"picked":"Thunderclap","floor":5.0},{"not_picked":["Armaments","Shockwave","Perfected Strike"],"picked":"SKIP","floor":6.0},{"not_picked":["Clothesline","Thunderclap"],"picked":"Shrug It Off","floor":8.0},{"not_picked":["Carnage","Evolve"],"picked":"Sword Boomerang","floor":11.0},{"not_picked":["Disarm","Pummel"],"picked":"Headbutt","floor":14.0},{"not_picked":["Brutality","Double Tap"],"picked":"Demon Form","floor":16.0},{"not_picked":["Warcry+1","True Grit+1"],"picked":"Cleave","floor":18.0},{"not_picked":["Anger","Evolve","Clash"],"picked":"SKIP","floor":20.0},{"not_picked":["Barricade","Pummel"],"picked":"Sword Boomerang+1","floor":23},{"not_picked":["Juggernaut","Clash+1","Thunderclap"],"picked":"SKIP","floor":25},{"not_picked":["Intimidate+1","Hemokinesis+1"],"picked":"Disarm","floor":28},{"not_picked":["Iron Wave","Sword Boomerang","Hemokinesis"],"picked":"SKIP","floor":30},{"not_picked":["Iron Wave","Thunderclap","Sword Boomerang"],"picked":"SKIP","floor":31}],"player_experience":758689,"relics_obtained":[{"floor":6.0,"key":"Regal Pillow"},{"floor":22,"key":"Red Mask"},{"floor":23,"key":"Vajra"},{"floor":26,"key":"Bag of Preparation"},{"floor":30,"key":"Red Skull"}],"event_choices":[{"damage_healed":0.0,"max_hp_gain":0.0,"max_hp_loss":0.0,"gold_gain":0.0,"cards_transformed":["Strike_R"],"event_name":"Transmorgrifier","player_choice":"Transformed","floor":3.0,"gold_loss":0.0,"damage_taken":0.0,"cards_obtained":["Uppercut"]},{"damage_healed":0.0,"max_hp_gain":0.0,"max_hp_loss":0.0,"gold_gain":0.0,"event_name":"Dead Adventurer","player_choice":"Searched \u00273\u0027 times","floor":8.0,"gold_loss":0.0,"damage_taken":0.0,"relics_obtained":["Du-Vu Doll"]},{"damage_healed":0.0,"max_hp_gain":0.0,"max_hp_loss":0.0,"gold_gain":0.0,"event_name":"N\u0027loth","player_choice":"Traded Relic","floor":19.0,"relics_lost":["Whetstone"],"gold_loss":0.0,"damage_taken":0.0,"relics_obtained":["Nloth\u0027s Gift"]},{"damage_healed":0,"gold_gain":0,"player_choice":"Fought Bandits","damage_taken":0,"max_hp_gain":0,"max_hp_loss":0,"event_name":"Masked Bandits","floor":22,"gold_loss":0}],"is_beta":false,"boss_relics":[{"not_picked":["Busted Crown","Black Star"],"picked":"Mark of Pain"}],"items_purged_floors":[21],"is_endless":false,"potions_floor_spawned":[1,4,8,11,14,22,25,28],"killed_by":"Collector","ascension_level":0}