{"gold_per_floor":[215,24,41,216,230,230,261,261,314,314,348,360,360,13,13,116,116,128,144,161,177,203,203,228,228,228,228,228],"floor_reached":28,"playtime":2333,"items_purged":["Doubt"],"score":336,"play_id":"0eb517c1-7917-4cb7-af0d-32e7acfd78ca","local_time":"20191014152916","is_ascension_mode":true,"campfire_choices":[{"data":"Zap","floor":6,"key":"SMITH"},{"data":"Apotheosis","floor":8,"key":"SMITH"},{"data":"Dualcast","floor":10,"key":"SMITH"},{"data":"Coolheaded","floor":13,"key":"SMITH"},{"data":"Secret Technique","floor":15,"key":"SMITH"},{"floor":23,"key":"REST"}],"neow_cost":"NONE","seed_source_timestamp":343629351808700,"circlet_count":0,"master_deck":["Strike_B","Strike_B","Strike_B","Defend_B","Defend_B","Defend_B","Defend_B","Zap+1","Dualcast+1","Conserve Battery","Apotheosis+1","Steam","Go for the Eyes","Loop","Chaos","Coolheaded+1","Secret Technique+1","Creative AI","Conserve Battery","Dualcast+1"],"relics":["Cracked Core","Smiling Mask","Centennial Puzzle","Sundial","Busted Crown","Red Mask","Dodecahedron","Mango"],"potions_floor_usage":[20,20,22,22],"damage_taken":[{"damage":1,"enemies":"Cultist","floor":1,"turns":4},{"damage":1,"enemies":"2 Louse","floor":3,"turns":3},{"damage":5,"enemies":"Jaw Worm","floor":5,"turns":4},{"damage":11,"enemies":"Lagavulin","floor":7,"turns":9},{"damage":3,"enemies":"3 Sentries","floor":11,"turns":10},{"damage":1,"enemies":"2 Fungi Beasts","floor":12,"turns":4},{"damage":0,"enemies":"The Guardian","floor":16,"turns":10},{"damage":11,"enemies":"2 Thieves","floor":18,"turns":5},{"damage":1,"enemies":"3 Byrds","floor":19,"turns":6},{"damage":9,"enemies":"Snake Plant","floor":20,"turns":4},{"damage":19,"enemies":"Shelled Parasite and Fungi","floor":21,"turns":5},{"damage":25,"enemies":"Masked Bandits","floor":22,"turns":6},{"damage":12,"enemies":"Book of Stabbing","floor":24,"turns":7},{"damage":54,"enemies":"Gremlin Leader","floor":28,"turns":4}],"seed_played":"-7759617641211067251","potions_obtained":[{"floor":11,"key":"Dexterity Potion"},{"floor":19,"key":"Block Potion"},{"floor":22,"key":"Fruit Juice"}],"is_trial":false,"path_per_floor":["M","$","M","?","M","R","E","R","T","R","E","M","R","$","R","B",null,"M","M","M","M","?","R","E","?","T","?","E"],"character_chosen":"DEFECT","items_purchased":["Apotheosis","Secret Technique","Regen Potion","PowerPotion"],"campfire_rested":1,"item_purchase_floors":[2,14,14,14],"current_hp_per_floor":[74,74,73,73,68,68,57,57,57,57,54,53,53,53,53,53,75,64,63,66,47,27,51,39,39,53,53,0],"gold":228,"neow_bonus":"HUNDRED_GOLD","is_prod":false,"is_daily":false,"chose_seed":false,"campfire_upgraded":5,"win_rate":0,"timestamp":1571081356,"path_taken":["M","$","M","?","M","R","E","R","T","R","E","M","R","$","R","BOSS","M","M","M","M","?","R","E","?","T","?","E"],"build_version":"2019-07-17","purchased_purges":1,"victory":false,"max_hp_per_floor":[75,75,75,75,75,75,75,75,75,75,75,75,75,75,75,75,75,75,75,75,75,80,80,80,80,94,94,94],"card_choices":[{"not_picked":["Skim","Turbo"],"picked":"Conserve Battery","floor":1},{"not_picked":["Chill","Conserve Battery"],"picked":"Steam","floor":3},{"not_picked":["Barrage","Skim"],"picked":"Go for the Eyes","floor":5},{"not_picked":["Barrage","Compile Driver"],"picked":"Loop","floor":7},{"not_picked":["Hello World","Turbo"],"picked":"Chaos","floor":11},{"not_picked":["Rebound","Force Field"],"picked":"Coolheaded","floor":12},{"not_picked":["Fission","Echo Form"],"picked":"Creative AI","floor":16},{"not_picked":["Sweeping Beam+1"],"picked":"SKIP","floor":18},{"not_picked":["Cold Snap"],"picked":"SKIP","floor":19},{"not_picked":["Undo"],"picked":"SKIP","floor":20},{"not_picked":[],"picked":"Conserve Battery","floor":21},{"not_picked":["Compile Driver+1"],"picked":"SKIP","floor":24}],"player_experience":79415,"relics_obtained":[{"floor":7,"key":"Smiling Mask"},{"floor":9,"key":"Centennial Puzzle"},{"floor":11,"key":"Sundial"},{"floor":22,"key":"Red Mask"},{"floor":24,"key":"Dodecahedron"},{"floor":26,"key":"Mango"}],"event_choices":[{"damage_healed":0,"gold_gain":175,"player_choice":"AGREE","damage_taken":0,"max_hp_gain":0,"max_hp_loss":0,"event_name":"Liars Game","floor":4,"gold_loss":0,"cards_obtained":["Doubt"]},{"damage_healed":0,"gold_gain":0,"player_choice":"Fought Bandits","damage_taken":0,"max_hp_gain":0,"max_hp_loss":0,"event_name":"Masked Bandits","floor":22,"gold_loss":0},{"cards_removed":["Strike_B"],"damage_healed":0,"gold_gain":0,"player_choice":"Elegance","damage_taken":0,"max_hp_gain":0,"max_hp_loss":0,"event_name":"Back to Basics","floor":25,"gold_loss":0},{"damage_healed":0,"gold_gain":0,"player_choice":"Copied","damage_taken":0,"max_hp_gain":0,"max_hp_loss":0,"event_name":"Duplicator","floor":27,"gold_loss":0,"cards_obtained":["Dualcast"]}],"is_beta":false,"boss_relics":[{"not_picked":["Orrery","Snecko Eye"],"picked":"Busted Crown"}],"items_purged_floors":[14],"is_endless":false,"potions_floor_spawned":[11,16,18,19,22],"killed_by":"Gremlin Leader","ascension_level":1}