{"gold_per_floor":[110,185,165,183,202,202,86,86,86,103,103,114,114,131,131,205,205,219,234,252,270,85,85,116,132,157,183,183,15,15,33,33,112,112,125,155,172,190,290,290,306,306,306,306,306,316,316,371,371,371],"floor_reached":51,"playtime":3119,"items_purged":["Strike_G"],"score":1157,"play_id":"739d40aa-7912-4fa5-8565-f7447866b7ab","local_time":"20190530210526","is_ascension_mode":true,"campfire_choices":[{"data":"Glass Knife","floor":6.0,"key":"SMITH"},{"data":"Skewer","floor":8.0,"key":"SMITH"},{"data":"Dash","floor":11.0,"key":"SMITH"},{"data":"Neutralize","floor":13.0,"key":"SMITH"},{"data":"Envenom","floor":15.0,"key":"SMITH"},{"floor":23.0,"key":"REST"},{"floor":28.0,"key":"REST"},{"floor":30.0,"key":"REST"},{"floor":32.0,"key":"REST"},{"data":"Wraith Form v2","floor":40.0,"key":"SMITH"},{"data":"Wraith Form v2","floor":45,"key":"SMITH"},{"data":"Caltrops","floor":47,"key":"SMITH"},{"data":"Noxious Fumes","floor":49,"key":"SMITH"}],"neow_cost":"NONE","seed_source_timestamp":169161193341900,"circlet_count":0,"master_deck":["AscendersBane","Defend_G","Defend_G","Defend_G","Defend_G","Defend_G","Strike_G","Strike_G","Survivor","Flechettes","Skewer+1","Glass Knife+1","Dash+1","Caltrops+1","Calculated Gamble","Envenom+1","Corpse Explosion","Prepared+1","Backflip","Crippling Poison","Blur+1","Wraith Form v2+1","Wraith Form v2+1","PiercingWail+1","Noxious Fumes+1"],"special_seed":0,"relics":["Ring of the Snake","Lantern","Blood Vial","Empty Cage","Snake Skull","Kunai","Happy Flower","Art of War","Cursed Key","Tiny Chest","Gambling Chip","Thread and Needle"],"potions_floor_usage":[50],"damage_taken":[{"damage":0.0,"enemies":"2 Louse","floor":1.0,"turns":3.0},{"damage":2.0,"enemies":"Cultist","floor":4.0,"turns":4.0},{"damage":3.0,"enemies":"Jaw Worm","floor":5.0,"turns":6.0},{"damage":0.0,"enemies":"Red Slaver","floor":10.0,"turns":3.0},{"damage":0.0,"enemies":"Blue Slaver","floor":12.0,"turns":3.0},{"damage":0.0,"enemies":"3 Louse","floor":14.0,"turns":3.0},{"damage":13.0,"enemies":"The Guardian","floor":16.0,"turns":9.0},{"damage":3.0,"enemies":"3 Byrds","floor":18.0,"turns":4.0},{"damage":10.0,"enemies":"Spheric Guardian","floor":19.0,"turns":4.0},{"damage":5.0,"enemies":"Centurion and Healer","floor":20.0,"turns":6.0},{"damage":23.0,"enemies":"Snake Plant","floor":21.0,"turns":5.0},{"damage":23.0,"enemies":"Slavers","floor":24.0,"turns":8.0},{"damage":14.0,"enemies":"Chosen and Byrds","floor":25.0,"turns":5.0},{"damage":21.0,"enemies":"Book of Stabbing","floor":27.0,"turns":5.0},{"damage":12.0,"enemies":"3 Cultists","floor":31.0,"turns":4.0},{"damage":50.0,"enemies":"Automaton","floor":33.0,"turns":13.0},{"damage":0.0,"enemies":"3 Shapes","floor":35.0,"turns":5.0},{"damage":11.0,"enemies":"Orb Walker","floor":37.0,"turns":4.0},{"damage":0.0,"enemies":"4 Shapes","floor":38.0,"turns":2.0},{"damage":11.0,"enemies":"Mind Bloom Boss Battle","floor":39.0,"turns":7.0},{"damage":23.0,"enemies":"Spire Growth","floor":41.0,"turns":6.0},{"damage":0,"enemies":"3 Darklings","floor":46,"turns":3},{"damage":4,"enemies":"2 Orb Walkers","floor":48,"turns":5},{"damage":36,"enemies":"Time Eater","floor":50,"turns":12}],"seed_played":"-3864780254502525028","potions_obtained":[{"floor":1.0,"key":"AttackPotion"},{"floor":3.0,"key":"GamblersBrew"},{"floor":10.0,"key":"PowerPotion"},{"floor":14.0,"key":"Fire Potion"},{"floor":18.0,"key":"Strength Potion"},{"floor":24.0,"key":"Regen Potion"},{"floor":33.0,"key":"LiquidBronze"},{"floor":37.0,"key":"Energy Potion"},{"floor":38.0,"key":"SkillPotion"},{"floor":48,"key":"GhostInAJar"}],"is_trial":false,"path_per_floor":["M","?","?","M","M","R","$","R","T","M","R","M","R","M","R","B",null,"M","M","M","M","$","R","E","M","T","E","R","$","R","M","R","B",null,"M","?","M","M","?","R","M","?","T","?","R","M","R","?","R","B",null],"character_chosen":"THE_SILENT","items_purchased":["Dash","Snake Skull","Dodge and Roll","Wraith Form v2","GhostInAJar"],"campfire_rested":4,"item_purchase_floors":[7,22,22,29,29],"current_hp_per_floor":[59,48,48,46,43,43,43,43,43,45,45,47,47,49,49,38,59,58,50,47,26,26,45,24,26,26,7,26,26,45,35,54,6,51,53,53,44,46,37,37,16,54,54,54,54,54,54,50,50,16],"gold":371,"neow_bonus":"RANDOM_COMMON_RELIC","is_prod":false,"is_daily":false,"chose_seed":false,"campfire_upgraded":9,"win_rate":0,"timestamp":1559243126,"path_taken":["M","?","?","M","?","R","$","R","T","M","R","M","R","M","R","BOSS","M","?","M","M","$","R","E","M","T","E","R","?","R","M","R","BOSS","M","?","?","M","?","R","M","?","T","?","R","M","R","?","R","BOSS"],"build_version":"2019-01-23","purchased_purges":1,"victory":true,"max_hp_per_floor":[66,66,66,66,66,66,66,66,66,66,66,66,66,66,66,66,66,66,66,66,66,66,66,66,66,66,66,66,66,66,66,66,66,66,66,66,66,66,66,66,66,54,54,54,54,54,54,54,54,54],"card_choices":[{"not_picked":["Infinite Blades","Underhanded Strike"],"picked":"Flechettes","floor":1.0},{"not_picked":["Prepared","Dodge and Roll"],"picked":"Skewer","floor":4.0},{"not_picked":["Slice","Accuracy"],"picked":"Glass Knife","floor":5.0},{"not_picked":["Skewer","Poisoned Stab"],"picked":"Caltrops","floor":10.0},{"not_picked":["Choke","Infinite Blades"],"picked":"Calculated Gamble","floor":12.0},{"not_picked":["Dagger Throw","Outmaneuver"],"picked":"Envenom","floor":14.0},{"not_picked":["Tools of the Trade","Unload"],"picked":"Corpse Explosion","floor":16.0},{"not_picked":["Underhanded Strike","Choke","Dagger Spray"],"picked":"SKIP","floor":18.0},{"not_picked":["Phantasmal Killer","Blade Dance"],"picked":"Prepared+1","floor":19.0},{"not_picked":["Masterful Stab","Outmaneuver"],"picked":"Backflip","floor":20.0},{"not_picked":["Dodge and Roll","Blur"],"picked":"Crippling Poison","floor":21.0},{"not_picked":["Terror","Flying Knee+1","Poisoned Stab"],"picked":"SKIP","floor":24.0},{"not_picked":["Poisoned Stab","Outmaneuver+1","Deflect"],"picked":"SKIP","floor":25.0},{"not_picked":["Outmaneuver","Dagger Throw+1"],"picked":"Blur+1","floor":27.0},{"not_picked":["Setup","Sucker Punch+1","Deadly Poison"],"picked":"SKIP","floor":31.0},{"not_picked":["Corpse Explosion","After Image"],"picked":"Wraith Form v2","floor":33.0},{"not_picked":["Quick Slash","Choke+1","Deflect"],"picked":"SKIP","floor":35.0},{"not_picked":["Acrobatics","Flying Knee+1"],"picked":"PiercingWail+1","floor":37.0},{"not_picked":["Finisher","Quick Slash","Deflect"],"picked":"SKIP","floor":38.0},{"not_picked":["Setup","Dagger Throw","A Thousand Cuts"],"picked":"SKIP","floor":41.0},{"not_picked":["Dagger Spray","Predator","Blade Dance"],"picked":"SKIP","floor":46},{"not_picked":["Calculated Gamble+1","Deadly Poison+1"],"picked":"Noxious Fumes","floor":48}],"player_experience":390340,"relics_obtained":[{"floor":9.0,"key":"Blood Vial"},{"floor":24.0,"key":"Kunai"},{"floor":26.0,"key":"Happy Flower"},{"floor":27.0,"key":"Art of War"},{"floor":39.0,"key":"Gambling Chip"},{"floor":48,"key":"Thread and Needle"}],"event_choices":[{"damage_healed":0.0,"max_hp_gain":0.0,"max_hp_loss":0.0,"gold_gain":75.0,"event_name":"World of Goop","player_choice":"Gather Gold","floor":2.0,"gold_loss":0.0,"damage_taken":11.0},{"damage_healed":0.0,"max_hp_gain":0.0,"max_hp_loss":0.0,"gold_gain":0.0,"event_name":"The Woman in Blue","player_choice":"Bought 1 Potion","floor":3.0,"gold_loss":0.0,"damage_taken":0.0},{"cards_removed":["Dodge and Roll"],"damage_healed":0.0,"max_hp_gain":0.0,"max_hp_loss":0.0,"gold_gain":0.0,"event_name":"WeMeetAgain","player_choice":"Gave Card","floor":36.0,"gold_loss":0.0,"damage_taken":0.0,"relics_obtained":["Tiny Chest"]},{"damage_healed":0.0,"max_hp_gain":0.0,"max_hp_loss":0.0,"gold_gain":0.0,"event_name":"MindBloom","player_choice":"Fight","floor":39.0,"gold_loss":0.0,"damage_taken":0.0},{"damage_healed":54.0,"max_hp_gain":0.0,"max_hp_loss":12.0,"gold_gain":0.0,"event_name":"The Moai Head","player_choice":"Heal","floor":42.0,"gold_loss":0.0,"damage_taken":0.0},{"cards_removed":["Neutralize"],"damage_healed":0,"gold_gain":0,"player_choice":"Removed Attack","damage_taken":0,"max_hp_gain":0,"max_hp_loss":0,"event_name":"Falling","floor":44,"gold_loss":0},{"damage_healed":0,"gold_gain":0,"player_choice":"Fight","damage_taken":0,"max_hp_gain":0,"max_hp_loss":0,"event_name":"Mysterious Sphere","floor":48,"gold_loss":0}],"is_beta":false,"boss_relics":[{"not_picked":["Calling Bell","Black Star"],"picked":"Empty Cage"},{"not_picked":["Lizard Tail","HoveringKite"],"picked":"Cursed Key"}],"items_purged_floors":[7],"is_endless":false,"potions_floor_spawned":[1,10,14,18,20,24,33,37,38,39,48],"ascension_level":16}