{"gold_per_floor":[118,118,5,5,29,73,73,104,104,139,159,60,84,124,124,215,215,228,228,228,247,172,211,226,262,262,26,26,49,72,115,115,211,211,231,131,146,146,91,91,132,132,132,151,151,276,53,73,73,73,73],"floor_reached":52,"playtime":4586,"items_purged":["Doubt","Battle Trance"],"score":1907,"play_id":"137d3b7f-7b20-48c9-870c-0f2542ce7c8c","local_time":"20190728212133","is_ascension_mode":true,"campfire_choices":[{"floor":7.0,"key":"REST"},{"floor":15.0,"key":"REST"},{"data":"Shockwave","floor":28,"key":"SMITH"},{"data":"Offering","floor":32,"key":"SMITH"},{"data":"True Grit","floor":40,"key":"SMITH"},{"data":"Impervious","floor":42,"key":"SMITH"},{"data":"Inflame","floor":45,"key":"SMITH"},{"data":"Armaments","floor":49,"key":"SMITH"}],"neow_cost":"NONE","seed_source_timestamp":524905711188209,"circlet_count":0,"master_deck":["AscendersBane","Defend_R","Defend_R","Defend_R","Bash+1","Twin Strike","Anger","Thunderclap","Twin Strike","Sword Boomerang","Shockwave+1","Shrug It Off","Inflame+1","Disarm","Power Through","Impervious+1","Bite","Bite","Bite","Bite","Shrug It Off","Shrug It Off","Offering+1","Reaper","True Grit+1","Limit Break","Writhe","Bloodletting+1","Armaments+1","Fiend Fire"],"special_seed":0,"relics":["Burning Blood","Golden Idol","Shuriken","Juzu Bracelet","Ornamental Fan","Strawberry","Singing Bowl","Cursed Key","MutagenicStrength","Pen Nib","Bottled Flame","Gambling Chip","Frozen Egg 2","Runic Pyramid","Turnip","Ginger","Charon\u0027s Ashes","Calipers","Lantern"],"potions_floor_usage":[25,25,33,33,41,50,51],"damage_taken":[{"damage":10.0,"enemies":"2 Louse","floor":1.0,"turns":2.0},{"damage":3.0,"enemies":"Small Slimes","floor":5.0,"turns":3.0},{"damage":45.0,"enemies":"3 Sentries","floor":6.0,"turns":9.0},{"damage":8.0,"enemies":"Gremlin Nob","floor":8.0,"turns":3.0},{"damage":27.0,"enemies":"Lagavulin","floor":10.0,"turns":6.0},{"damage":2.0,"enemies":"Jaw Worm","floor":11.0,"turns":3.0},{"damage":7.0,"enemies":"Exordium Thugs","floor":13.0,"turns":4.0},{"damage":28.0,"enemies":"Gremlin Nob","floor":14.0,"turns":4.0},{"damage":20.0,"enemies":"Hexaghost","floor":16.0,"turns":9.0},{"damage":14.0,"enemies":"3 Byrds","floor":18.0,"turns":6.0},{"damage":15.0,"enemies":"2 Thieves","floor":21.0,"turns":4.0},{"damage":30.0,"enemies":"Book of Stabbing","floor":23.0,"turns":5.0},{"damage":17.0,"enemies":"Cultist and Chosen","floor":24.0,"turns":5.0},{"damage":12,"enemies":"Slavers","floor":25,"turns":6},{"damage":6,"enemies":"Snecko","floor":29,"turns":3},{"damage":7,"enemies":"Centurion and Healer","floor":30,"turns":4},{"damage":6,"enemies":"Gremlin Leader","floor":31,"turns":5},{"damage":71,"enemies":"Automaton","floor":33,"turns":9},{"damage":13,"enemies":"3 Darklings","floor":35,"turns":4},{"damage":19,"enemies":"3 Shapes","floor":37,"turns":8},{"damage":20,"enemies":"Nemesis","floor":41,"turns":7},{"damage":17,"enemies":"Jaw Worm Horde","floor":44,"turns":4},{"damage":0,"enemies":"Mind Bloom Boss Battle","floor":46,"turns":6},{"damage":6,"enemies":"Maw","floor":48,"turns":4},{"damage":84,"enemies":"Donu and Deca","floor":50,"turns":10},{"damage":45,"enemies":"Awakened One","floor":51,"turns":9}],"seed_played":"-3610119743827071577","potions_obtained":[{"floor":6.0,"key":"Strength Potion"},{"floor":11.0,"key":"EssenceOfSteel"},{"floor":14.0,"key":"SteroidPotion"},{"floor":16.0,"key":"Energy Potion"},{"floor":23.0,"key":"Swift Potion"},{"floor":24.0,"key":"Fire Potion"},{"floor":25,"key":"Swift Potion"},{"floor":31,"key":"Energy Potion"},{"floor":35,"key":"GamblersBrew"},{"floor":44,"key":"FearPotion"}],"is_trial":false,"path_per_floor":["M","?","$","?","M","E","R","E","T","E","M","$","M","E","R","B",null,"M","?","?","M","?","E","M","E","T","$","R","M","M","E","R","B",null,"M","$","M","?","$","R","E","R","T","M","R","?","$","M","R","B","B",null],"character_chosen":"IRONCLAD","items_purchased":["Anger","Strength Potion","Shrug It Off","Inflame","Offering","SpeedPotion","Armaments","Lantern"],"campfire_rested":2,"item_purchase_floors":[3,3,12,12,27,39,47,47],"current_hp_per_floor":[64,64,64,69,72,33,54,52,52,38,42,42,41,19,43,29,67,59,56,56,50,50,42,43,47,47,47,47,57,64,66,66,21,55,66,66,68,68,68,68,66,66,66,68,68,70,70,70,70,41,70],"gold":73,"neow_bonus":"UPGRADE_CARD","is_prod":false,"is_daily":false,"chose_seed":false,"campfire_upgraded":6,"win_rate":0,"timestamp":1564363293,"path_taken":["M","?","$","?","M","E","R","E","T","E","M","$","M","E","R","BOSS","M","?","?","M","?","E","M","E","T","$","R","M","M","E","R","BOSS","M","$","M","?","?","R","E","R","T","M","R","?","$","M","R","BOSS","BOSS"],"build_version":"2019-07-17","purchased_purges":2,"victory":true,"max_hp_per_floor":[75,68,68,73,73,73,73,73,73,80,80,80,80,80,80,80,80,80,56,56,56,56,58,60,60,60,60,60,62,64,66,66,66,66,66,66,68,68,68,68,68,68,68,68,68,70,70,70,70,70,70],"card_choices":[{"not_picked":["Flex","Havoc"],"picked":"Twin Strike","floor":1.0},{"not_picked":["Clothesline","Armaments"],"picked":"Thunderclap","floor":5.0},{"not_picked":["Sentinel","Headbutt"],"picked":"Twin Strike","floor":6.0},{"not_picked":["Blood for Blood","Wild Strike"],"picked":"Sword Boomerang","floor":8.0},{"not_picked":["Carnage","Fire Breathing","Uppercut"],"picked":"SKIP","floor":10.0},{"not_picked":["Berserk","Rupture"],"picked":"Shockwave","floor":11.0},{"not_picked":["Warcry","Metallicize"],"picked":"Disarm","floor":13.0},{"not_picked":["Searing Blow","Intimidate"],"picked":"Power Through","floor":14.0},{"not_picked":["Dark Embrace","Brutality"],"picked":"Impervious","floor":16.0},{"not_picked":["Pommel Strike","Anger"],"picked":"Battle Trance","floor":18.0},{"not_picked":["True Grit","Body Slam"],"picked":"Shrug It Off","floor":21.0},{"not_picked":["Flame Barrier","Blood for Blood","Cleave"],"picked":"Singing Bowl","floor":23.0},{"not_picked":["Evolve","Body Slam","Heavy Blade"],"picked":"Singing Bowl","floor":24.0},{"not_picked":["Flame Barrier","Inflame"],"picked":"Shrug It Off","floor":25},{"not_picked":["Pommel Strike","Perfected Strike","Brutality"],"picked":"Singing Bowl","floor":29},{"not_picked":["True Grit","Cleave","Twin Strike"],"picked":"Singing Bowl","floor":30},{"not_picked":["Shrug It Off","Corruption+1","Second Wind+1"],"picked":"Singing Bowl","floor":31},{"not_picked":["Impervious","Bludgeon"],"picked":"Reaper","floor":33},{"not_picked":["Shockwave+1","Hemokinesis"],"picked":"True Grit","floor":35},{"not_picked":["Body Slam","True Grit","Flex+1"],"picked":"Singing Bowl","floor":37},{"not_picked":["Thunderclap","Shrug It Off"],"picked":"Limit Break","floor":41},{"not_picked":["Wild Strike","Hemokinesis"],"picked":"Bloodletting+1","floor":44},{"not_picked":["Shrug It Off","Flex","Searing Blow+1"],"picked":"Singing Bowl","floor":46},{"not_picked":["Heavy Blade+1","Whirlwind"],"picked":"Fiend Fire","floor":48}],"player_experience":1170394,"relics_obtained":[{"floor":6.0,"key":"Shuriken"},{"floor":8.0,"key":"Juzu Bracelet"},{"floor":9.0,"key":"Ornamental Fan"},{"floor":10.0,"key":"Strawberry"},{"floor":14.0,"key":"Singing Bowl"},{"floor":23.0,"key":"Pen Nib"},{"floor":25,"key":"Bottled Flame"},{"floor":26,"key":"Gambling Chip"},{"floor":31,"key":"Frozen Egg 2"},{"floor":41,"key":"Ginger"},{"floor":43,"key":"Charon\u0027s Ashes"},{"floor":46,"key":"Calipers"}],"event_choices":[{"damage_healed":0.0,"max_hp_gain":0.0,"max_hp_loss":7.0,"gold_gain":0.0,"event_name":"Golden Idol","player_choice":"Lose Max HP","floor":2.0,"gold_loss":0.0,"damage_taken":0.0,"relics_obtained":["Golden Idol"]},{"damage_healed":0.0,"max_hp_gain":5.0,"max_hp_loss":0.0,"gold_gain":0.0,"event_name":"Big Fish","player_choice":"Donut","floor":4.0,"gold_loss":0.0,"damage_taken":0.0},{"damage_healed":0.0,"max_hp_gain":0.0,"max_hp_loss":24.0,"gold_gain":0.0,"event_name":"Vampires","player_choice":"Became a vampire","floor":19.0,"gold_loss":0.0,"damage_taken":0.0,"cards_obtained":["Bite","Bite","Bite","Bite","Bite"]},{"damage_healed":0.0,"max_hp_gain":0.0,"max_hp_loss":0.0,"gold_gain":0.0,"event_name":"Drug Dealer","player_choice":"Inject Mutagens","floor":20.0,"gold_loss":0.0,"damage_taken":0.0,"relics_obtained":["MutagenicStrength"]},{"cards_removed":["Defend_R"],"damage_healed":0.0,"max_hp_gain":0.0,"max_hp_loss":0.0,"gold_gain":0.0,"event_name":"Beggar","player_choice":"Gave Gold","floor":22.0,"gold_loss":75.0,"damage_taken":0.0},{"cards_removed":["Bite"],"damage_healed":0,"gold_gain":0,"player_choice":"Gave Card","damage_taken":0,"relics_obtained":["Turnip"],"max_hp_gain":0,"max_hp_loss":0,"event_name":"WeMeetAgain","floor":38,"gold_loss":0},{"damage_healed":0,"gold_gain":0,"player_choice":"Fight","damage_taken":0,"max_hp_gain":0,"max_hp_loss":0,"event_name":"MindBloom","floor":46,"gold_loss":0}],"is_beta":false,"boss_relics":[{"not_picked":["Eternal Feather","Orrery"],"picked":"Cursed Key"},{"not_picked":["Runic Cube","Sozu"],"picked":"Runic Pyramid"}],"items_purged_floors":[27,36],"is_endless":false,"potions_floor_spawned":[6,11,14,16,21,23,24,25,31,35,44,46],"ascension_level":20}