{"gold_per_floor":[116,130,130,142,142,142,186,200,226,247,280,304,304,323,323,442,442,456,471,486,486,505,505,521,521,547,573,585,618,630],"floor_reached":30,"playtime":2409,"items_purged":[],"score":313,"play_id":"09cd1179-09e7-4cff-98d8-3a97a4b84da5","local_time":"20180812172207","is_ascension_mode":true,"campfire_choices":[{"floor":6,"key":"REST"},{"data":"Envenom","floor":13,"key":"SMITH"},{"data":"Neutralize","floor":15,"key":"SMITH"},{"floor":23,"key":"REST"},{"floor":25,"key":"REST"}],"neow_cost":"NONE","seed_source_timestamp":514176446194557,"circlet_count":0,"master_deck":["Defend_G","Defend_G","Defend_G","Defend_G","Defend_G","Strike_G","Strike_G","Strike_G","Strike_G","Survivor","Neutralize+1","Riddle With Holes","Bouncing Flask","Sucker Punch","Dash","Deadly Poison","Envenom+1","Infinite Blades","Malaise","Flying Knee","Footwork","Corpse Explosion","Dodge and Roll+1","Bane+1","Infinite Blades","Necronomicurse","Prepared","Bullet Time","Injury","Backflip","Prepared+1"],"relics":["White Beast Statue","Golden Idol","Blood Vial","Vajra","Art of War","Cursed Key","Necronomicon","MawBank"],"potions_floor_usage":[7,11,14,19,20,22,24,27,28,30,30,30],"damage_taken":[{"damage":9,"enemies":"Small Slimes","floor":1,"turns":5},{"damage":0,"enemies":"Cultist","floor":2,"turns":3},{"damage":2,"enemies":"2 Louse","floor":4,"turns":3},{"damage":7,"enemies":"Lagavulin","floor":7,"turns":5},{"damage":0,"enemies":"Looter","floor":8,"turns":3},{"damage":5,"enemies":"2 Fungi Beasts","floor":10,"turns":3},{"damage":20,"enemies":"3 Sentries","floor":11,"turns":6},{"damage":3,"enemies":"Large Slime","floor":12,"turns":5},{"damage":0,"enemies":"Lots of Slimes","floor":14,"turns":2},{"damage":2,"enemies":"Hexaghost","floor":16,"turns":9},{"damage":4,"enemies":"Chosen","floor":18,"turns":4},{"damage":9,"enemies":"Shell Parasite","floor":19,"turns":4},{"damage":9,"enemies":"Centurion and Healer","floor":20,"turns":5},{"damage":23,"enemies":"3 Cultists","floor":22,"turns":4},{"damage":23,"enemies":"Snecko","floor":24,"turns":4},{"damage":16,"enemies":"Centurion and Healer","floor":27,"turns":4},{"damage":0,"enemies":"Snake Plant","floor":28,"turns":1},{"damage":9,"enemies":"Snecko","floor":29,"turns":5},{"damage":20,"enemies":"Slavers","floor":30,"turns":1}],"seed_played":"-6253493889559161257","potions_obtained":[{"floor":1,"key":"Poison Potion"},{"floor":2,"key":"Fire Potion"},{"floor":4,"key":"Dexterity Potion"},{"floor":7,"key":"AttackPotion"},{"floor":11,"key":"SkillPotion"},{"floor":14,"key":"Regen Potion"},{"floor":16,"key":"Block Potion"},{"floor":19,"key":"Dexterity Potion"},{"floor":20,"key":"SkillPotion"},{"floor":22,"key":"SkillPotion"},{"floor":24,"key":"PowerPotion"},{"floor":27,"key":"SmokeBomb"},{"floor":29,"key":"Explosive Potion"}],"is_trial":false,"path_per_floor":["M","M","?","M","?","R","E","M","T","M","E","M","R","M","R","B",null,"M","M","M","?","M","R","M","R","T","M","M","M"],"character_chosen":"THE_SILENT","items_purchased":[],"campfire_rested":3,"item_purchase_floors":[],"current_hp_per_floor":[61,61,61,59,42,63,56,58,58,55,37,36,36,38,38,38,62,60,53,46,30,9,30,9,30,30,16,18,11,0],"gold":630,"neow_bonus":"BOSS_RELIC","is_prod":false,"is_daily":false,"chose_seed":false,"campfire_upgraded":2,"win_rate":0,"timestamp":1534108927,"path_taken":["M","M","?","M","?","R","E","M","T","M","E","M","R","M","R","BOSS","M","M","M","?","M","R","M","R","T","M","M","?","E"],"build_version":"2018-08-09","purchased_purges":0,"victory":false,"max_hp_per_floor":[70,70,70,70,70,70,70,70,70,70,70,70,70,70,70,70,70,70,70,70,70,70,70,70,70,70,70,70,70,70],"card_choices":[{"not_picked":["Flechettes","Underhanded Strike"],"picked":"Riddle With Holes","floor":1},{"not_picked":["Reflex","Slice"],"picked":"Bouncing Flask","floor":2},{"not_picked":["Distraction","Backflip"],"picked":"Dash","floor":4},{"not_picked":["PiercingWail","Cloak And Dagger"],"picked":"Deadly Poison","floor":7},{"not_picked":["Bouncing Flask","Flying Knee"],"picked":"Envenom","floor":8},{"not_picked":["Poisoned Stab","Flying Knee"],"picked":"Infinite Blades","floor":10},{"not_picked":["Bouncing Flask","Well Laid Plans"],"picked":"Malaise","floor":11},{"not_picked":["Blur","Flechettes"],"picked":"Flying Knee","floor":12},{"not_picked":["Deflect","Endless Agony"],"picked":"Footwork","floor":14},{"not_picked":["Malaise","Wraith Form v2"],"picked":"Corpse Explosion","floor":16},{"not_picked":["Cloak And Dagger","Poisoned Stab"],"picked":"Dodge and Roll+1","floor":18},{"not_picked":["Slice","PiercingWail"],"picked":"Bane+1","floor":19},{"not_picked":["Masterful Stab","Dagger Throw"],"picked":"Infinite Blades","floor":20},{"not_picked":["Outmaneuver","Bane"],"picked":"Prepared","floor":22},{"not_picked":["Sucker Punch","Bane"],"picked":"Bullet Time","floor":24},{"not_picked":["Sucker Punch","Deflect+1"],"picked":"Backflip","floor":27},{"not_picked":["Flying Knee","Underhanded Strike"],"picked":"Prepared+1","floor":29}],"player_experience":273106,"relics_obtained":[{"floor":7,"key":"Blood Vial"},{"floor":9,"key":"Vajra"},{"floor":11,"key":"Art of War"},{"floor":21,"key":"Necronomicon"},{"floor":26,"key":"MawBank"}],"event_choices":[{"event_name":"Transmorgrifier","player_choice":"Transform","floor":3,"damage_taken":0},{"event_name":"Golden Idol","player_choice":"Take Damage","floor":5,"damage_taken":0},{"event_name":"Cursed Tome","player_choice":"Obtained Book","floor":21,"damage_taken":0}],"is_beta":false,"boss_relics":[{"not_picked":["Sozu","Eternal Feather"],"picked":"Cursed Key"}],"items_purged_floors":[],"is_endless":false,"potions_floor_spawned":[1,2,4,7,8,10,11,12,14,16,18,19,20,22,24,27,28,29],"killed_by":"Slavers","ascension_level":5}