{"gold_per_floor":[15,15,34,34,34,69,69,109,176,188,225,237,264,296,308,320],"floor_reached":16,"playtime":683,"items_purged":[],"score":193,"play_id":"91a310b3-8281-4a27-a609-22d3e8c61969","local_time":"20190702133259","is_ascension_mode":true,"campfire_choices":[{"floor":7,"key":"REST"},{"data":"Bash","floor":10,"key":"SMITH"},{"data":"True Grit","floor":12,"key":"SMITH"},{"data":"Corruption","floor":15,"key":"SMITH"}],"neow_cost":"NO_GOLD","seed_source_timestamp":737265689017192,"circlet_count":0,"master_deck":["AscendersBane","Strike_R","Strike_R","Strike_R","Strike_R","Defend_R","Defend_R","Defend_R","Defend_R","Bash+1","Feel No Pain","Anger","Corruption+1","True Grit+1","Clothesline","Combust"],"relics":["Burning Blood","Pocketwatch","Golden Idol","Bag of Marbles","MawBank","Omamori"],"potions_floor_usage":[],"damage_taken":[{"damage":0,"enemies":"2 Louse","floor":1,"turns":4},{"damage":1,"enemies":"Cultist","floor":3,"turns":3},{"damage":32,"enemies":"Gremlin Nob","floor":6,"turns":4},{"damage":20,"enemies":"Lagavulin","floor":8,"turns":6},{"damage":0,"enemies":"Small Slimes","floor":11,"turns":2},{"damage":11,"enemies":"3 Louse","floor":13,"turns":6},{"damage":1,"enemies":"2 Fungi Beasts","floor":14,"turns":4},{"damage":46,"enemies":"Slime Boss","floor":16,"turns":10}],"seed_played":"-2561773992355104542","potions_obtained":[{"floor":1,"key":"Swift Potion"},{"floor":14,"key":"Dexterity Potion"}],"is_trial":false,"path_per_floor":["M","?","M","?","$","E","R","E","T","R","M","R","M","M","R","B"],"character_chosen":"IRONCLAD","items_purchased":[],"campfire_rested":1,"item_purchase_floors":[],"current_hp_per_floor":[74,48,53,53,53,27,49,35,35,35,41,41,36,41,41,0],"gold":320,"neow_bonus":"ONE_RARE_RELIC","is_prod":false,"is_daily":false,"chose_seed":false,"campfire_upgraded":3,"win_rate":0,"timestamp":1562067179,"path_taken":["M","?","M","?","$","E","R","E","T","R","M","R","?","M","R","BOSS"],"build_version":"2019-07-01","purchased_purges":0,"victory":false,"max_hp_per_floor":[75,75,75,75,75,75,75,75,75,75,75,75,75,75,75,75],"card_choices":[{"not_picked":["Headbutt","True Grit"],"picked":"Feel No Pain","floor":1},{"not_picked":["Flex","Warcry"],"picked":"Anger","floor":3},{"not_picked":["Sentinel","Rupture"],"picked":"Corruption","floor":6},{"not_picked":["Havoc","Sword Boomerang","Combust"],"picked":"SKIP","floor":8},{"not_picked":["Rage","Warcry"],"picked":"True Grit","floor":11},{"not_picked":["Ghostly Armor","Metallicize"],"picked":"Clothesline","floor":13},{"not_picked":["Disarm","Cleave"],"picked":"Combust","floor":14}],"player_experience":607934,"relics_obtained":[{"floor":6,"key":"Bag of Marbles"},{"floor":8,"key":"MawBank"},{"floor":9,"key":"Omamori"}],"event_choices":[{"damage_healed":0,"gold_gain":0,"player_choice":"Take Damage","damage_taken":26,"relics_obtained":["Golden Idol"],"max_hp_gain":0,"max_hp_loss":0,"event_name":"Golden Idol","floor":2,"gold_loss":0},{"cards_removed":["Strike_R"],"damage_healed":0,"gold_gain":0,"player_choice":"Offered Basic","damage_taken":0,"max_hp_gain":0,"max_hp_loss":0,"event_name":"Bonfire Elementals","floor":4,"gold_loss":0}],"is_beta":false,"boss_relics":[],"items_purged_floors":[],"is_endless":false,"potions_floor_spawned":[1,14],"killed_by":"Slime Boss","ascension_level":15}