{"gold_per_floor":[110,125,200,213,163,190,190,190,215,226,226,226,226,250,250,374,374,387,408,428,449,69,69,94,94,94,94,115,129,228,266,266,391,391,416,416,437,453,340,375,375,299,299,299,299,330,330,348,348,348,348,348,1,44,44],"floor_reached":56,"playtime":3294,"items_purged":["Strike_G","Strike_G"],"score":1202,"play_id":"18efb389-4ea7-45cb-9af0-a6cca0e8ccac","local_time":"20190429215730","is_ascension_mode":false,"campfire_choices":[{"data":"Neutralize","floor":8,"key":"SMITH"},{"data":"Dagger Spray","floor":11,"key":"SMITH"},{"floor":13,"key":"REST"},{"data":"Corpse Explosion","floor":15,"key":"SMITH"},{"data":"Catalyst","floor":23,"key":"SMITH"},{"data":"Phantasmal Killer","floor":25,"key":"SMITH"},{"floor":27,"key":"REST"},{"floor":32,"key":"REST"},{"floor":41,"key":"REST"},{"floor":47,"key":"RECALL"},{"floor":49,"key":"REST"},{"floor":52,"key":"REST"}],"neow_cost":"NONE","seed_source_timestamp":2085868015547315,"circlet_count":0,"master_deck":["Defend_G","Defend_G","Defend_G","Defend_G","Strike_G","Strike_G","Survivor","Neutralize+1","Dramatic Entrance","Well Laid Plans","Dodge and Roll","Blur","Outmaneuver","Dagger Spray+1","Corpse Explosion+1","Phantasmal Killer+1","PiercingWail","Noxious Fumes+1","Catalyst+1","Malaise","Deflect","Catalyst","Catalyst","Calculated Gamble+1","Footwork","Bouncing Flask+1","Escape Plan","Chrysalis","Caltrops","Deflect","Apotheosis","PiercingWail+1"],"relics":["Ring of the Snake","Regal Pillow","Bag of Marbles","Golden Idol","Black Star","TwistedFunnel","Shuriken","Darkstone Periapt","Bottled Tornado","Fusion Hammer","Bag of Preparation","Dead Branch","Snake Skull","Orichalcum","Calipers","Happy Flower"],"potions_floor_usage":[6,18,18,18,20,33,40,50,55,55,55],"damage_taken":[{"damage":0,"enemies":"Small Slimes","floor":1,"turns":2},{"damage":0,"enemies":"Cultist","floor":2,"turns":3},{"damage":2,"enemies":"Jaw Worm","floor":4,"turns":4},{"damage":39,"enemies":"Lagavulin","floor":6,"turns":8},{"damage":3,"enemies":"Large Slime","floor":10,"turns":11},{"damage":0,"enemies":"Gremlin Gang","floor":14,"turns":1},{"damage":25,"enemies":"Slime Boss","floor":16,"turns":11},{"damage":15,"enemies":"Spheric Guardian","floor":18,"turns":5},{"damage":1,"enemies":"3 Byrds","floor":19,"turns":3},{"damage":0,"enemies":"3 Cultists","floor":20,"turns":2},{"damage":13,"enemies":"Centurion and Healer","floor":21,"turns":4},{"damage":3,"enemies":"Cultist and Chosen","floor":24,"turns":5},{"damage":8,"enemies":"Snecko","floor":28,"turns":5},{"damage":0,"enemies":"3 Cultists","floor":29,"turns":2},{"damage":23,"enemies":"Slavers","floor":31,"turns":2},{"damage":22,"enemies":"Champ","floor":33,"turns":6},{"damage":0,"enemies":"3 Shapes","floor":35,"turns":3},{"damage":4,"enemies":"Orb Walker","floor":37,"turns":4},{"damage":2,"enemies":"4 Shapes","floor":38,"turns":3},{"damage":16,"enemies":"Reptomancer","floor":40,"turns":5},{"damage":8,"enemies":"Nemesis","floor":46,"turns":5},{"damage":12,"enemies":"Maw","floor":48,"turns":4},{"damage":64,"enemies":"Awakened One","floor":50,"turns":13},{"damage":9,"enemies":"Shield and Spear","floor":54,"turns":5},{"damage":20,"enemies":"The Heart","floor":55,"turns":7}],"seed_played":"8377589826648759613","potions_obtained":[{"floor":2,"key":"AttackPotion"},{"floor":4,"key":"Poison Potion"},{"floor":6,"key":"EntropicBrew"},{"floor":16,"key":"Dexterity Potion"},{"floor":19,"key":"GamblersBrew"},{"floor":21,"key":"Poison Potion"},{"floor":33,"key":"Fire Potion"},{"floor":46,"key":"Regen Potion"}],"is_trial":false,"path_per_floor":["M","M","?","M","?","E","?","R","T","M","R","?","R","M","R","B",null,"M","M","M","M","$","R","M","R","T","R","M","M","?","E","R","B",null,"M","?","M","M","$","E","R","$","T","?","?","E","R","M","R","B",null,"R","$","E","B",null],"character_chosen":"THE_SILENT","items_purchased":["Catalyst","TwistedFunnel","Malaise","Escape Plan","GhostInAJar","Apotheosis","Weak Potion"],"campfire_rested":6,"item_purchase_floors":[22,22,22,39,42,53,53],"current_hp_per_floor":[70,70,63,61,61,22,22,22,22,19,19,2,38,38,38,13,70,55,54,54,41,41,41,38,38,38,70,62,62,62,39,70,48,70,70,70,66,64,64,48,70,70,70,70,70,62,62,50,70,21,70,70,70,61,41],"gold":44,"neow_bonus":"RANDOM_COLORLESS","is_prod":false,"is_daily":false,"chose_seed":false,"campfire_upgraded":5,"win_rate":0,"timestamp":1556589450,"path_taken":["M","M","?","?","?","E","?","R","T","?","R","?","R","M","R","BOSS","M","M","M","M","$","R","M","R","T","R","M","M","?","E","R","BOSS","M","?","?","M","$","E","R","$","T","?","?","E","R","?","R","BOSS","R","$","E","BOSS"],"build_version":"2019-01-23","purchased_purges":2,"victory":true,"max_hp_per_floor":[70,70,70,70,70,70,70,70,70,70,70,70,70,70,70,70,70,70,70,70,70,70,70,70,70,70,70,70,70,70,70,70,70,70,70,70,70,70,70,70,70,70,70,70,70,70,70,70,70,70,70,70,70,70,70],"card_choices":[{"not_picked":["Tactician","Bane"],"picked":"Well Laid Plans","floor":1},{"not_picked":["Acrobatics","Outmaneuver"],"picked":"Dodge and Roll","floor":2},{"not_picked":["Blade Dance","Quick Slash"],"picked":"Blur","floor":4},{"not_picked":["Dagger Throw","Acrobatics"],"picked":"Outmaneuver","floor":6},{"not_picked":["PiercingWail","Dodge and Roll"],"picked":"Dagger Spray","floor":10},{"not_picked":["Catalyst","Backflip"],"picked":"Corpse Explosion","floor":14},{"not_picked":["Glass Knife","Venomology"],"picked":"Phantasmal Killer","floor":16},{"not_picked":["Masterful Stab+1","Slice+1","Dodge and Roll"],"picked":"SKIP","floor":18},{"not_picked":["Endless Agony+1","Outmaneuver","Reflex"],"picked":"SKIP","floor":19},{"not_picked":["Prepared","Poisoned Stab"],"picked":"PiercingWail","floor":20},{"not_picked":["Wraith Form v2","Deadly Poison"],"picked":"Noxious Fumes+1","floor":21},{"not_picked":["Outmaneuver","Dagger Spray+1"],"picked":"Deflect","floor":24},{"not_picked":["Cloak And Dagger","Tactician"],"picked":"Catalyst","floor":28},{"not_picked":["Deflect","Poisoned Stab+1","Slice"],"picked":"SKIP","floor":29},{"not_picked":["Cloak And Dagger","Venomology"],"picked":"Catalyst","floor":31},{"not_picked":["Flying Knee","Dagger Spray+1"],"picked":"Calculated Gamble+1","floor":35},{"not_picked":["Acrobatics+1","Dagger Throw"],"picked":"Footwork","floor":37},{"not_picked":["Leg Sweep+1","Crippling Poison"],"picked":"Bouncing Flask+1","floor":38},{"not_picked":["Acrobatics+1","Backstab","Underhanded Strike"],"picked":"SKIP","floor":40},{"not_picked":["Mind Blast","Enlightenment"],"picked":"Chrysalis","floor":44},{"not_picked":["Outmaneuver+1","Bane+1"],"picked":"Deflect","floor":46},{"not_picked":["Flying Knee+1","Reflex","Cloak And Dagger+1"],"picked":"SKIP","floor":48},{"not_picked":["Masterful Stab+1","Dagger Throw"],"picked":"PiercingWail+1","floor":54}],"player_experience":835946,"relics_obtained":[{"floor":6,"key":"Regal Pillow"},{"floor":9,"key":"Bag of Marbles"},{"floor":26,"key":"Shuriken"},{"floor":31,"key":"Darkstone Periapt"},{"floor":31,"key":"Bottled Tornado"},{"floor":40,"key":"Bag of Preparation"},{"floor":40,"key":"Dead Branch"},{"floor":46,"key":"Snake Skull"},{"floor":46,"key":"Orichalcum"},{"floor":54,"key":"Calipers"},{"floor":54,"key":"Happy Flower"}],"event_choices":[{"damage_healed":0,"gold_gain":75,"player_choice":"Touch","damage_taken":7,"max_hp_gain":0,"max_hp_loss":0,"event_name":"FaceTrader","floor":3,"gold_loss":0},{"cards_removed":["Defend_G"],"damage_healed":0,"gold_gain":0,"player_choice":"Card Removal","damage_taken":0,"max_hp_gain":0,"max_hp_loss":0,"event_name":"The Cleric","floor":5,"gold_loss":50},{"damage_healed":0,"gold_gain":0,"player_choice":"0 cards matched","damage_taken":0,"max_hp_gain":0,"max_hp_loss":0,"event_name":"Match and Keep!","floor":7,"gold_loss":0,"cards_obtained":[]},{"damage_healed":0,"gold_gain":0,"player_choice":"Take Damage","damage_taken":17,"relics_obtained":["Golden Idol"],"max_hp_gain":0,"max_hp_loss":0,"event_name":"Golden Idol","floor":12,"gold_loss":0},{"damage_healed":0,"gold_gain":99,"player_choice":"Stole From Cult","damage_taken":0,"max_hp_gain":0,"max_hp_loss":0,"event_name":"Nest","floor":30,"gold_loss":0},{"damage_healed":0,"gold_gain":0,"player_choice":"Ignored","damage_taken":0,"max_hp_gain":0,"max_hp_loss":0,"event_name":"NoteForYourself","floor":36,"gold_loss":0},{"damage_healed":0,"gold_gain":0,"player_choice":"Memory 1","damage_taken":0,"max_hp_gain":0,"max_hp_loss":0,"event_name":"SensoryStone","floor":44,"gold_loss":0},{"damage_healed":0,"gold_gain":0,"cards_transformed":["Strike_G"],"player_choice":"Transformed","damage_taken":0,"max_hp_gain":0,"max_hp_loss":0,"event_name":"Transmorgrifier","floor":45,"gold_loss":0,"cards_obtained":["Caltrops"]}],"is_beta":false,"boss_relics":[{"not_picked":["Pandora\u0027s Box","Philosopher\u0027s Stone"],"picked":"Black Star"},{"not_picked":["Astrolabe","Snecko Eye"],"picked":"Fusion Hammer"}],"items_purged_floors":[39,53],"is_endless":false,"potions_floor_spawned":[2,4,6,16,19,21,28,31,33,46],"ascension_level":0}