{"gold_per_floor":[111,11,11,27,44,71,71,82,136,150,150,177,205,220,220,220],"floor_reached":16,"playtime":509,"items_purged":[],"score":196,"play_id":"da0aefec-baf5-4521-8852-c46231bee74a","local_time":"20190611200045","is_ascension_mode":true,"campfire_choices":[{"floor":7,"key":"REST"},{"floor":11,"key":"REST"},{"floor":15,"key":"REST"}],"neow_cost":"NONE","seed_source_timestamp":942472830527057,"circlet_count":0,"master_deck":["AscendersBane","Strike_B","Strike_B","Strike_B","Strike_B","Defend_B","Defend_B","Defend_B","Defend_B+1","Zap+1","Dualcast","Coolheaded","Loop","Sweeping Beam","Barrage","Chill","Echo Form","Leap","Capacitor"],"relics":["Cracked Core","NeowsBlessing","Boot","Tiny Chest","Pen Nib","Dream Catcher"],"potions_floor_usage":[13,13],"damage_taken":[{"damage":0,"enemies":"Small Slimes","floor":1,"turns":1},{"damage":0,"enemies":"Jaw Worm","floor":4,"turns":1},{"damage":0,"enemies":"2 Louse","floor":5,"turns":1},{"damage":27,"enemies":"3 Sentries","floor":6,"turns":7},{"damage":15,"enemies":"Looter","floor":8,"turns":3},{"damage":10,"enemies":"Exordium Wildlife","floor":10,"turns":4},{"damage":27,"enemies":"Gremlin Nob","floor":13,"turns":5},{"damage":2,"enemies":"Blue Slaver","floor":14,"turns":4},{"damage":26,"enemies":"Slime Boss","floor":16,"turns":3}],"seed_played":"3065256764135025178","potions_obtained":[{"floor":5,"key":"Block Potion"},{"floor":10,"key":"EssenceOfSteel"}],"is_trial":false,"path_per_floor":["M","$","?","M","M","E","R","M","T","M","R","T","E","M","R","B"],"character_chosen":"DEFECT","items_purchased":["Loop","Sweeping Beam"],"campfire_rested":3,"item_purchase_floors":[2,2],"current_hp_per_floor":[64,64,43,43,43,16,37,22,22,12,33,33,6,4,25,0],"gold":220,"neow_bonus":"THREE_ENEMY_KILL","is_prod":false,"is_daily":false,"chose_seed":false,"campfire_upgraded":0,"win_rate":0,"timestamp":1560276045,"path_taken":["M","$","?","M","M","E","R","M","T","M","R","?","E","M","R","BOSS"],"build_version":"2019-01-23","purchased_purges":0,"victory":false,"max_hp_per_floor":[71,71,71,71,71,71,71,71,71,71,71,71,71,71,71,71],"card_choices":[{"not_picked":["Conserve Battery","Melter"],"picked":"Coolheaded","floor":1},{"not_picked":["Force Field","Auto Shields"],"picked":"Barrage","floor":4},{"not_picked":["Reprogram","Force Field","Blizzard"],"picked":"SKIP","floor":5},{"not_picked":["Turbo","Auto Shields"],"picked":"Chill","floor":6},{"not_picked":["Go for the Eyes","Turbo"],"picked":"Echo Form","floor":8},{"not_picked":["Turbo","Scrape","Tempest"],"picked":"SKIP","floor":10},{"not_picked":["Reboot","Scrape"],"picked":"Leap","floor":13},{"not_picked":["Stack","Barrage","Multi-Cast"],"picked":"SKIP","floor":14},{"not_picked":["Gash","Go for the Eyes"],"picked":"Capacitor","floor":15}],"player_experience":507391,"relics_obtained":[{"floor":6,"key":"Boot"},{"floor":9,"key":"Tiny Chest"},{"floor":12,"key":"Pen Nib"},{"floor":13,"key":"Dream Catcher"}],"event_choices":[{"damage_healed":0,"gold_gain":0,"player_choice":"Entered Light","damage_taken":21,"max_hp_gain":0,"max_hp_loss":0,"event_name":"Shining Light","floor":3,"gold_loss":0,"cards_upgraded":["Defend_B","Zap"]}],"is_beta":false,"boss_relics":[],"items_purged_floors":[],"is_endless":false,"potions_floor_spawned":[5,10],"killed_by":"Slime Boss","ascension_level":15}