{"gold_per_floor":[15,34,34,34,34,34,66,66,146,146,158,171,25,41,41,142,142,154,154,2,19,19,19,19,46,46,46,63,88,88,105,105,200,200,219,189,141,153,204,204,230,241,241,93,108,8,8,26,26,26],"floor_reached":51,"playtime":3703,"items_purged":["Regret","Strike_R"],"score":1070,"play_id":"9a607f5a-3bc4-4a3f-bd8f-b9883c93ec93","local_time":"20180910221529","is_ascension_mode":true,"campfire_choices":[{"data":"Barricade","floor":6,"key":"SMITH"},{"floor":10,"key":"REST"},{"data":"Body Slam","floor":15,"key":"SMITH"},{"data":"Body Slam","floor":23,"key":"SMITH"},{"data":"Double Tap","floor":27,"key":"SMITH"},{"data":"Immolate","floor":30,"key":"SMITH"},{"floor":32,"key":"REST"},{"floor":40,"key":"REST"},{"floor":47,"key":"REST"},{"data":"Impervious","floor":49,"key":"SMITH"}],"neow_cost":"NO_GOLD","seed_source_timestamp":353411261881000,"circlet_count":0,"master_deck":["Strike_R","Strike_R","Defend_R","Defend_R","Defend_R","Defend_R","Bash","Barricade+1","Disarm","Body Slam+1","Shrug It Off","Iron Wave","Impervious+1","Uppercut+1","Immolate+1","Metallicize","Body Slam+1","Inflame","Double Tap+1","Battle Trance","Body Slam+1","Whirlwind+1","Intimidate+1","Metallicize+1","Headbutt","Burning Pact"],"relics":["Burning Blood","Ginger","Pocketwatch","Paper Frog","Runic Dome","Art of War","Potion Belt","Happy Flower","PreservedInsect","Busted Crown","Ice Cream","Sundial","Bottled Flame"],"potions_floor_usage":[29,33,33,36,39,39,42,45,50,50,50,50,50],"damage_taken":[{"damage":2,"enemies":"Small Slimes","floor":1,"turns":4},{"damage":4,"enemies":"Jaw Worm","floor":2,"turns":5},{"damage":50,"enemies":"3 Sentries","floor":7,"turns":14},{"damage":11,"enemies":"2 Louse","floor":11,"turns":4},{"damage":9,"enemies":"Looter","floor":12,"turns":3},{"damage":5,"enemies":"2 Fungi Beasts","floor":14,"turns":5},{"damage":19,"enemies":"Hexaghost","floor":16,"turns":8},{"damage":0,"enemies":"Chosen","floor":18,"turns":4},{"damage":0,"enemies":"3 Byrds","floor":21,"turns":5},{"damage":8,"enemies":"Gremlin Leader","floor":25,"turns":5},{"damage":11,"enemies":"Centurion and Healer","floor":28,"turns":5},{"damage":17,"enemies":"Slavers","floor":29,"turns":5},{"damage":10,"enemies":"Shelled Parasite and Fungi","floor":31,"turns":2},{"damage":26,"enemies":"Collector","floor":33,"turns":4},{"damage":15,"enemies":"3 Darklings","floor":35,"turns":6},{"damage":19,"enemies":"3 Shapes","floor":38,"turns":3},{"damage":20,"enemies":"Mysterious Sphere","floor":39,"turns":4},{"damage":27,"enemies":"2 Orb Walkers","floor":41,"turns":2},{"damage":13,"enemies":"Spire Growth","floor":42,"turns":5},{"damage":0,"enemies":"3 Darklings","floor":45,"turns":1},{"damage":16,"enemies":"Maw","floor":48,"turns":5},{"damage":0,"enemies":"Time Eater","floor":50,"turns":5}],"seed_played":"9149435259654668154","potions_obtained":[{"floor":7,"key":"GamblersBrew"},{"floor":16,"key":"Block Potion"},{"floor":25,"key":"Swift Potion"},{"floor":28,"key":"Dexterity Potion"},{"floor":33,"key":"SkillPotion"},{"floor":36,"key":"Fruit Juice"},{"floor":36,"key":"AttackPotion"},{"floor":39,"key":"SkillPotion"},{"floor":41,"key":"SkillPotion"}],"is_trial":false,"path_per_floor":["M","M","?","?","?","R","E","?","T","R","M","M","$","M","R","B",null,"M","?","$","M","$","R","?","E","T","R","M","E","R","M","R","B",null,"M","?","$","M","?","R","E","M","T","$","M","$","R","M","R","B"],"character_chosen":"IRONCLAD","items_purchased":["Impervious","Art of War","Weak Potion","SteroidPotion","Dexterity Potion","Block Potion"],"campfire_rested":4,"item_purchase_floors":[13,20,37,44,46,46],"current_hp_per_floor":[76,78,78,71,71,71,27,27,27,51,46,43,43,44,44,31,68,74,74,74,80,80,80,80,78,78,78,73,62,62,58,80,60,75,66,71,71,58,52,77,56,49,49,49,55,55,80,70,70,76],"gold":26,"neow_bonus":"THREE_RARE_CARDS","is_prod":false,"is_daily":false,"chose_seed":false,"campfire_upgraded":6,"win_rate":0,"timestamp":1536632129,"path_taken":["M","M","?","?","?","R","E","?","T","R","?","M","$","M","R","BOSS","M","?","$","M","$","R","?","E","T","R","?","E","R","M","R","BOSS","M","?","$","M","?","R","E","M","T","$","M","?","R","M","R","BOSS"],"build_version":"2018-09-06","purchased_purges":2,"victory":true,"max_hp_per_floor":[80,80,80,80,80,80,80,80,80,80,80,80,80,80,80,80,80,80,80,80,80,80,80,80,80,80,80,80,80,80,80,80,80,80,80,85,85,85,85,85,85,85,85,85,85,85,85,85,85,85],"card_choices":[{"not_picked":["Exhume","Offering"],"picked":"Barricade","floor":0},{"not_picked":["Armaments","Dropkick"],"picked":"Disarm","floor":1},{"not_picked":["Anger","Thunderclap"],"picked":"Body Slam","floor":2},{"not_picked":["Carnage","Flex"],"picked":"Shrug It Off","floor":7},{"not_picked":["True Grit","Dropkick"],"picked":"Iron Wave","floor":11},{"not_picked":["Combust","Clash","Flex"],"picked":"SKIP","floor":12},{"not_picked":["Wild Strike","Armaments"],"picked":"Uppercut","floor":14},{"not_picked":["Demon Form","Impervious"],"picked":"Immolate","floor":16},{"not_picked":["Cleave+1","Twin Strike"],"picked":"Metallicize","floor":18},{"not_picked":["Disarm","Headbutt"],"picked":"Body Slam","floor":21},{"not_picked":["Dark Embrace","Body Slam"],"picked":"Double Tap","floor":25},{"not_picked":["Thunderclap","Pommel Strike"],"picked":"Battle Trance","floor":28},{"not_picked":["Burning Pact+1","Dropkick"],"picked":"Body Slam+1","floor":29},{"not_picked":["Blood for Blood","Shrug It Off","Reckless Charge"],"picked":"SKIP","floor":31},{"not_picked":["Cleave+1"],"picked":"SKIP","floor":35},{"not_picked":[],"picked":"Whirlwind+1","floor":38},{"not_picked":[],"picked":"Intimidate+1","floor":39},{"not_picked":["Feed"],"picked":"SKIP","floor":41},{"not_picked":[],"picked":"Metallicize+1","floor":42},{"not_picked":[],"picked":"Headbutt","floor":45},{"not_picked":[],"picked":"Burning Pact","floor":48}],"player_experience":410792,"relics_obtained":[{"floor":7,"key":"Ginger"},{"floor":9,"key":"Paper Frog"},{"floor":25,"key":"Potion Belt"},{"floor":26,"key":"Happy Flower"},{"floor":29,"key":"PreservedInsect"},{"floor":39,"key":"Ice Cream"},{"floor":41,"key":"Sundial"},{"floor":43,"key":"Bottled Flame"}],"event_choices":[{"event_name":"Liars Game","player_choice":"disagreed","floor":3,"damage_taken":0},{"event_name":"Golden Wing","player_choice":"Card Removal","floor":4,"damage_taken":0},{"event_name":"The Cleric","player_choice":"Leave","floor":5,"damage_taken":0},{"event_name":"Big Fish","player_choice":"Box","floor":8,"damage_taken":0},{"event_name":"Accursed Blacksmith","player_choice":"Forge","floor":19,"damage_taken":0},{"event_name":"Transmorgrifier","player_choice":"Transform","floor":24,"damage_taken":0},{"event_name":"The Woman in Blue","player_choice":"Bought 2 Potions","floor":36,"damage_taken":0},{"event_name":"Mysterious Sphere","player_choice":"Fight","floor":39,"damage_taken":0}],"is_beta":false,"boss_relics":[{"not_picked":["Lizard Tail","White Beast Statue"],"picked":"Runic Dome"},{"not_picked":["Runic Pyramid","Velvet Choker"],"picked":"Busted Crown"}],"items_purged_floors":[13,44],"is_endless":false,"potions_floor_spawned":[7,16,25,28,33,39,41],"ascension_level":9}