{"gold_per_floor":[109,109,136,61,85,126,26,65,65,104,104,104,104,118,118,216,216,185,204,217,242,74,117,132,171,194,238,238,262,262,285,285,381,381,399,419,419,419,432,475,475,496,496,529,529,544,582,602,602,602,602,602,87,126,126],"floor_reached":55,"playtime":3996,"items_purged":["Injury","Strike_R","Strike_R"],"score":1727,"play_id":"e515d3b4-bebf-45a7-a120-4a668495842f","local_time":"20190915153256","is_ascension_mode":true,"campfire_choices":[{"data":"Flame Barrier","floor":11.0,"key":"SMITH"},{"data":"Barricade","floor":13.0,"key":"SMITH"},{"floor":15.0,"key":"REST"},{"data":"Offering","floor":32.0,"key":"SMITH"},{"data":"Metallicize","floor":41.0,"key":"SMITH"},{"floor":45.0,"key":"RECALL"},{"data":"Metallicize","floor":49.0,"key":"SMITH"},{"data":"Dual Wield","floor":52.0,"key":"SMITH"}],"neow_cost":"PERCENT_DAMAGE","seed_source_timestamp":221774442229700,"circlet_count":0,"master_deck":["AscendersBane","Strike_R","Strike_R","Strike_R","Defend_R","Defend_R+1","Defend_R","Defend_R","Bash","Metallicize+1","Flame Barrier+1","Sword Boomerang","Barricade+1","Metallicize+1","Armaments","Body Slam","Offering+1","Apotheosis+1","Shrug It Off+1","True Grit+1","Headbutt+1","Dual Wield+1","Flame Barrier","Juggernaut+1","Good Instincts","Spot Weakness"],"special_seed":0,"relics":["Burning Blood","Prayer Wheel","Golden Idol","Bag of Preparation","Oddly Smooth Stone","Matryoshka","Anchor","Ornamental Fan","Pantograph","Regal Pillow","Busted Crown","Frozen Egg 2","Thread and Needle","Omamori","War Paint","Bronze Scales","Eternal Feather","SacredBark","TungstenRod","Pocketwatch","Boot","HandDrill","Bag of Marbles","Centennial Puzzle"],"potions_floor_usage":[55,55],"damage_taken":[{"damage":4.0,"enemies":"Small Slimes","floor":1.0,"turns":3.0},{"damage":0.0,"enemies":"Jaw Worm","floor":5.0,"turns":5.0},{"damage":53.0,"enemies":"Gremlin Nob","floor":6.0,"turns":6.0},{"damage":10.0,"enemies":"3 Sentries","floor":8.0,"turns":19.0},{"damage":0.0,"enemies":"Lagavulin","floor":10.0,"turns":10.0},{"damage":4.0,"enemies":"Cultist","floor":14.0,"turns":5.0},{"damage":4.0,"enemies":"The Guardian","floor":16.0,"turns":10.0},{"damage":14.0,"enemies":"2 Thieves","floor":18.0,"turns":5.0},{"damage":6.0,"enemies":"Spheric Guardian","floor":19.0,"turns":4.0},{"damage":6.0,"enemies":"Cultist and Chosen","floor":20.0,"turns":8.0},{"damage":6.0,"enemies":"3 Cultists","floor":21.0,"turns":7.0},{"damage":23.0,"enemies":"Book of Stabbing","floor":23.0,"turns":6.0},{"damage":25.0,"enemies":"Sentry and Sphere","floor":24.0,"turns":11.0},{"damage":6.0,"enemies":"Gremlin Leader","floor":25.0,"turns":9.0},{"damage":0.0,"enemies":"Book of Stabbing","floor":27.0,"turns":6.0},{"damage":0.0,"enemies":"Cultist and Chosen","floor":29.0,"turns":8.0},{"damage":0.0,"enemies":"Snake Plant","floor":31.0,"turns":4.0},{"damage":6.0,"enemies":"Champ","floor":33.0,"turns":9.0},{"damage":6.0,"enemies":"3 Shapes","floor":35.0,"turns":7.0},{"damage":6.0,"enemies":"Orb Walker","floor":36.0,"turns":5.0},{"damage":6.0,"enemies":"Maw","floor":39.0,"turns":8.0},{"damage":6.0,"enemies":"Nemesis","floor":40.0,"turns":7.0},{"damage":0.0,"enemies":"Writhing Mass","floor":42.0,"turns":8.0},{"damage":5.0,"enemies":"Giant Head","floor":44.0,"turns":7.0},{"damage":5.0,"enemies":"4 Shapes","floor":46.0,"turns":5.0},{"damage":30.0,"enemies":"Reptomancer","floor":47.0,"turns":7.0},{"damage":0.0,"enemies":"Sphere and 2 Shapes","floor":48.0,"turns":7.0},{"damage":34.0,"enemies":"Awakened One","floor":50.0,"turns":14.0},{"damage":17.0,"enemies":"Shield and Spear","floor":54.0,"turns":6.0},{"damage":75,"enemies":"The Heart","floor":55,"turns":12}],"seed_played":"509095328270880086","potions_obtained":[{"floor":1.0,"key":"Dexterity Potion"},{"floor":6.0,"key":"Dexterity Potion"},{"floor":10.0,"key":"Ancient Potion"},{"floor":16.0,"key":"SteroidPotion"},{"floor":47.0,"key":"EssenceOfSteel"}],"is_trial":false,"path_per_floor":["M","?","T","$","M","E","$","E","T","E","R","?","R","M","R","B",null,"M","M","M","M","$","E","M","E","T","E","?","M","?","M","R","B",null,"M","M","?","?","M","E","R","M","T","E","R","M","E","M","R","B",null,"R","$","E","B"],"character_chosen":"IRONCLAD","items_purchased":["Apotheosis","HandDrill","Bag of Marbles","Good Instincts"],"campfire_rested":1,"item_purchase_floors":[22,53,53,53],"current_hp_per_floor":[52,52,52,52,58,11,11,7,7,13,13,13,13,15,52,75,75,67,67,67,67,67,50,31,31,31,37,37,43,39,45,57,75,75,75,75,71,71,71,71,71,71,71,71,71,71,47,53,68,43,64,71,71,60,0],"gold":126,"neow_bonus":"ONE_RARE_RELIC","is_prod":false,"is_daily":false,"chose_seed":false,"campfire_upgraded":6,"win_rate":0,"timestamp":1568554376,"path_taken":["M","?","?","$","M","E","?","E","T","E","R","?","R","M","R","BOSS","M","M","M","M","$","E","M","E","T","E","?","M","?","?","R","BOSS","M","M","?","?","M","E","R","M","T","E","R","M","E","M","R","BOSS","R","$","E","BOSS"],"build_version":"2019-09-12","purchased_purges":3,"victory":false,"max_hp_per_floor":[75,75,75,75,75,75,75,75,75,75,75,75,75,75,75,75,75,75,75,75,75,75,75,75,75,75,75,75,75,75,75,75,75,75,75,75,71,71,71,71,71,71,71,71,71,71,71,71,71,71,71,71,71,71,71],"card_choices":[{"not_picked":["True Grit","Pommel Strike"],"picked":"Metallicize","floor":1.0},{"not_picked":["Twin Strike","Sword Boomerang"],"picked":"Flame Barrier","floor":1.0},{"not_picked":["Sword Boomerang","Perfected Strike","Heavy Blade"],"picked":"SKIP","floor":5.0},{"not_picked":["Wild Strike","Pummel","Heavy Blade"],"picked":"SKIP","floor":5.0},{"not_picked":["Perfected Strike","Heavy Blade"],"picked":"Sword Boomerang","floor":5.0},{"not_picked":["Wild Strike","Pummel","Heavy Blade"],"picked":"SKIP","floor":5.0},{"not_picked":["Body Slam","Sentinel"],"picked":"Barricade","floor":6.0},{"not_picked":["Searing Blow","Clash"],"picked":"Metallicize","floor":8.0},{"not_picked":["Heavy Blade","Corruption"],"picked":"Armaments","floor":10.0},{"not_picked":["Pommel Strike","Blood for Blood"],"picked":"Body Slam","floor":14.0},{"not_picked":["Warcry","Clash","Evolve"],"picked":"SKIP","floor":14.0},{"not_picked":["Barricade","Immolate"],"picked":"Offering","floor":16.0},{"not_picked":["Wild Strike"],"picked":"SKIP","floor":18.0},{"not_picked":["Warcry"],"picked":"SKIP","floor":18.0},{"not_picked":["Anger"],"picked":"SKIP","floor":19.0},{"not_picked":["Wild Strike+1"],"picked":"SKIP","floor":19.0},{"not_picked":["Anger"],"picked":"SKIP","floor":20.0},{"not_picked":["Perfected Strike+1"],"picked":"SKIP","floor":20.0},{"not_picked":["Clash+1"],"picked":"SKIP","floor":21.0},{"not_picked":["Clash"],"picked":"SKIP","floor":21.0},{"not_picked":["Second Wind"],"picked":"SKIP","floor":23.0},{"not_picked":[],"picked":"Shrug It Off+1","floor":24.0},{"not_picked":["Dropkick"],"picked":"SKIP","floor":24.0},{"not_picked":["Heavy Blade"],"picked":"SKIP","floor":25.0},{"not_picked":["Heavy Blade"],"picked":"SKIP","floor":27.0},{"not_picked":["Pummel"],"picked":"SKIP","floor":29.0},{"not_picked":["Ghostly Armor"],"picked":"SKIP","floor":29.0},{"not_picked":["Clothesline"],"picked":"SKIP","floor":31.0},{"not_picked":["Ghostly Armor"],"picked":"SKIP","floor":31.0},{"not_picked":["Rupture+1"],"picked":"SKIP","floor":35.0},{"not_picked":["Warcry"],"picked":"SKIP","floor":35.0},{"not_picked":[],"picked":"True Grit+1","floor":36.0},{"not_picked":["Pommel Strike"],"picked":"SKIP","floor":36.0},{"not_picked":["Anger"],"picked":"SKIP","floor":39.0},{"not_picked":["Wild Strike"],"picked":"SKIP","floor":39.0},{"not_picked":[],"picked":"Headbutt+1","floor":40.0},{"not_picked":[],"picked":"Dual Wield","floor":42.0},{"not_picked":[],"picked":"Flame Barrier","floor":42.0},{"not_picked":[],"picked":"Juggernaut+1","floor":44.0},{"not_picked":["Sword Boomerang+1"],"picked":"SKIP","floor":46.0},{"not_picked":["Dual Wield+1"],"picked":"SKIP","floor":46.0},{"not_picked":["Intimidate"],"picked":"SKIP","floor":47.0},{"not_picked":["Thunderclap+1"],"picked":"SKIP","floor":48.0},{"not_picked":["Rupture+1"],"picked":"SKIP","floor":48.0},{"not_picked":[],"picked":"Spot Weakness","floor":54.0}],"player_experience":832910,"relics_obtained":[{"floor":3.0,"key":"Bag of Preparation"},{"floor":6.0,"key":"Oddly Smooth Stone"},{"floor":8.0,"key":"Matryoshka"},{"floor":9.0,"key":"Anchor"},{"floor":9.0,"key":"Ornamental Fan"},{"floor":10.0,"key":"Pantograph"},{"floor":23.0,"key":"Frozen Egg 2"},{"floor":25.0,"key":"Thread and Needle"},{"floor":26.0,"key":"Omamori"},{"floor":26.0,"key":"War Paint"},{"floor":27.0,"key":"Bronze Scales"},{"floor":40.0,"key":"TungstenRod"},{"floor":44.0,"key":"Pocketwatch"},{"floor":47.0,"key":"Boot"},{"floor":54.0,"key":"Centennial Puzzle"}],"event_choices":[{"damage_healed":0.0,"max_hp_gain":0.0,"max_hp_loss":0.0,"gold_gain":0.0,"event_name":"Golden Idol","player_choice":"Take Wound","floor":2.0,"gold_loss":0.0,"damage_taken":0.0,"relics_obtained":["Golden Idol"],"cards_obtained":["Injury"]},{"damage_healed":0.0,"max_hp_gain":0.0,"max_hp_loss":0.0,"gold_gain":0.0,"event_name":"WeMeetAgain","player_choice":"Gave Potion","floor":12.0,"gold_loss":0.0,"damage_taken":0.0,"relics_obtained":["Regal Pillow"]},{"damage_healed":0.0,"max_hp_gain":0.0,"max_hp_loss":0.0,"gold_gain":0.0,"event_name":"The Mausoleum","player_choice":"Opened","floor":28.0,"gold_loss":0.0,"damage_taken":0.0,"relics_obtained":["Eternal Feather"],"cards_obtained":["Writhe"]},{"damage_healed":0.0,"max_hp_gain":0.0,"max_hp_loss":0.0,"gold_gain":0.0,"event_name":"The Woman in Blue","player_choice":"Bought 0 Potions","floor":30.0,"gold_loss":0.0,"damage_taken":0.0},{"damage_healed":0.0,"max_hp_gain":0.0,"max_hp_loss":4.0,"gold_gain":0.0,"event_name":"Winding Halls","player_choice":"Max HP","floor":37.0,"gold_loss":0.0,"damage_taken":0.0},{"damage_healed":0.0,"max_hp_gain":0.0,"max_hp_loss":0.0,"gold_gain":0.0,"event_name":"Lab","player_choice":"Got Potions","floor":38.0,"gold_loss":0.0,"damage_taken":0.0}],"is_beta":true,"boss_relics":[{"not_picked":["Ectoplasm","SlaversCollar"],"picked":"Busted Crown"},{"not_picked":["Fusion Hammer","Snecko Eye"],"picked":"SacredBark"}],"items_purged_floors":[4,7,53],"is_endless":false,"potions_floor_spawned":[1,6,10,16,18,21,23,24,31,35,44,47,48],"killed_by":"The Heart","ascension_level":15}