{"gold_per_floor":[115,132,132,150,2,34,34,34,34,51,132,160,179,195,195,266,266,277,288,304,321,321,321,338,338,338,338,354,385,385,385,385,463,463,474,491,508,520,520,553,565,565],"floor_reached":42,"playtime":1950,"items_purged":["Strike_B"],"score":812,"play_id":"b0520cb0-b793-42b4-9f5a-741a8d41529c","local_time":"20191004214512","is_ascension_mode":true,"campfire_choices":[{"data":"Defragment","floor":7.0,"key":"SMITH"},{"data":"Ball Lightning","floor":15.0,"key":"SMITH"},{"data":"Coolheaded","floor":23.0,"key":"SMITH"},{"data":"Coolheaded","floor":25.0,"key":"SMITH"},{"data":"FTL","floor":27.0,"key":"SMITH"},{"floor":30.0,"key":"REST"},{"floor":32.0,"key":"REST"}],"neow_cost":"NONE","seed_source_timestamp":970816535508600,"circlet_count":0,"master_deck":["AscendersBane","Strike_B","Strike_B","Defend_B","Defend_B","Defend_B","Zap+1","Dualcast","Ball Lightning+1","Genetic Algorithm","Coolheaded+1","Defragment+1","Sweeping Beam","Gash","Gash","Biased Cognition+1","Loop+1","Coolheaded+1","FTL+1","Decay","Electrodynamics+1","Undo+1","Hologram","Cold Snap"],"special_seed":0,"relics":["Cracked Core","NeowsBlessing","Frozen Egg 2","Ancient Tea Set","Cables","Anchor","Cursed Key","DataDisk","Pocketwatch","Enchiridion","Fusion Hammer","Lantern"],"potions_floor_usage":[42],"damage_taken":[{"damage":0.0,"enemies":"Jaw Worm","floor":1.0,"turns":1.0},{"damage":0.0,"enemies":"Cultist","floor":2.0,"turns":1.0},{"damage":0.0,"enemies":"2 Louse","floor":4.0,"turns":1.0},{"damage":24.0,"enemies":"Lagavulin","floor":6.0,"turns":5.0},{"damage":2.0,"enemies":"Blue Slaver","floor":10.0,"turns":4.0},{"damage":7.0,"enemies":"3 Sentries","floor":12.0,"turns":5.0},{"damage":15.0,"enemies":"Gremlin Gang","floor":13.0,"turns":4.0},{"damage":0.0,"enemies":"3 Louse","floor":14.0,"turns":3.0},{"damage":7.0,"enemies":"Hexaghost","floor":16.0,"turns":8.0},{"damage":0.0,"enemies":"Chosen","floor":18.0,"turns":3.0},{"damage":0.0,"enemies":"Spheric Guardian","floor":19.0,"turns":3.0},{"damage":5.0,"enemies":"Snecko","floor":20.0,"turns":4.0},{"damage":11.0,"enemies":"Sentry and Sphere","floor":21.0,"turns":4.0},{"damage":2.0,"enemies":"Cultist and Chosen","floor":24.0,"turns":4.0},{"damage":0.0,"enemies":"Snecko","floor":28.0,"turns":3.0},{"damage":10.0,"enemies":"Book of Stabbing","floor":29.0,"turns":5.0},{"damage":4.0,"enemies":"Champ","floor":33.0,"turns":8.0},{"damage":3.0,"enemies":"Orb Walker","floor":35.0,"turns":2.0},{"damage":14.0,"enemies":"3 Darklings","floor":36.0,"turns":2.0},{"damage":0.0,"enemies":"Sphere and 2 Shapes","floor":37.0,"turns":3.0},{"damage":0.0,"enemies":"4 Shapes","floor":38.0,"turns":2.0},{"damage":31.0,"enemies":"Nemesis","floor":40.0,"turns":11.0},{"damage":0.0,"enemies":"Maw","floor":41.0,"turns":5.0},{"damage":24,"enemies":"Reptomancer","floor":42,"turns":2}],"seed_played":"-4973701735393807671","potions_obtained":[{"floor":1.0,"key":"DuplicationPotion"},{"floor":12.0,"key":"SkillPotion"},{"floor":40.0,"key":"FocusPotion"}],"is_trial":false,"path_per_floor":["M","M","?","M","$","E","R","?","T","M","T","E","M","M","R","B",null,"M","M","M","M","?","R","M","R","T","R","M","E","R","?","R","B",null,"M","M","M","M","?","E","M","E"],"character_chosen":"DEFECT","items_purchased":["Defragment"],"campfire_rested":2,"item_purchase_floors":[5],"current_hp_per_floor":[64,64,64,64,64,40,40,33,33,31,31,24,9,9,9,2,54,54,54,49,38,38,38,36,36,36,36,36,26,47,26,47,43,64,61,47,47,47,47,16,16,0],"gold":565,"neow_bonus":"THREE_ENEMY_KILL","is_prod":false,"is_daily":false,"chose_seed":false,"campfire_upgraded":5,"win_rate":0,"timestamp":1570218312,"path_taken":["M","M","?","?","$","E","R","?","T","M","?","E","M","M","R","BOSS","M","M","M","M","?","R","?","R","T","R","M","E","R","?","R","BOSS","M","M","M","M","?","E","M","E"],"build_version":"2019-10-03","purchased_purges":1,"victory":false,"max_hp_per_floor":[71,71,71,71,71,71,71,71,71,71,71,71,71,71,71,71,71,71,71,71,71,71,71,71,71,71,71,71,71,71,71,71,71,71,71,71,71,71,67,67,67,67],"card_choices":[{"not_picked":["Force Field","Lockon"],"picked":"Ball Lightning","floor":1.0},{"not_picked":["White Noise","Fusion"],"picked":"Genetic Algorithm","floor":2.0},{"not_picked":["Sunder","Cold Snap"],"picked":"Coolheaded","floor":4.0},{"not_picked":["Scrape","Consume"],"picked":"Sweeping Beam","floor":6.0},{"not_picked":["Storm+1","Leap"],"picked":"Gash","floor":10.0},{"not_picked":["Steam Power","Blizzard"],"picked":"Gash","floor":12.0},{"not_picked":["Sunder","Multi-Cast","Force Field"],"picked":"SKIP","floor":13.0},{"not_picked":["Compile Driver","Double Energy","Self Repair+1"],"picked":"SKIP","floor":14.0},{"not_picked":["Buffer+1","Echo Form+1"],"picked":"Biased Cognition+1","floor":16.0},{"not_picked":["Streamline","Leap","Chaos"],"picked":"SKIP","floor":18.0},{"not_picked":["Barrage","Melter"],"picked":"Loop+1","floor":19.0},{"not_picked":["Stack+1","Fusion"],"picked":"Coolheaded","floor":20.0},{"not_picked":["Fusion","Compile Driver","Barrage"],"picked":"SKIP","floor":21.0},{"not_picked":["Barrage","Steam"],"picked":"FTL","floor":24.0},{"not_picked":["Hello World+1","Go for the Eyes","Streamline"],"picked":"SKIP","floor":28.0},{"not_picked":["Hyperbeam","Multi-Cast","Turbo"],"picked":"SKIP","floor":29.0},{"not_picked":["Amplify","Echo Form+1"],"picked":"Electrodynamics+1","floor":33.0},{"not_picked":["Rebound","Double Energy+1"],"picked":"Undo+1","floor":35.0},{"not_picked":["White Noise","Redo+1"],"picked":"Hologram","floor":36.0},{"not_picked":["Hologram","Meteor Strike","Genetic Algorithm"],"picked":"SKIP","floor":37.0},{"not_picked":["Chill","Steam","Force Field"],"picked":"SKIP","floor":38.0},{"not_picked":["Conserve Battery","FTL"],"picked":"Cold Snap","floor":40.0},{"not_picked":["Hologram","Genetic Algorithm","Steam"],"picked":"SKIP","floor":41.0}],"player_experience":924326,"relics_obtained":[{"floor":6.0,"key":"Frozen Egg 2"},{"floor":9.0,"key":"Ancient Tea Set"},{"floor":11.0,"key":"Cables"},{"floor":12.0,"key":"Anchor"},{"floor":26.0,"key":"DataDisk"},{"floor":29.0,"key":"Pocketwatch"},{"floor":31.0,"key":"Enchiridion"},{"floor":40.0,"key":"Lantern"}],"event_choices":[{"damage_healed":0.0,"max_hp_gain":0.0,"max_hp_loss":0.0,"gold_gain":0.0,"event_name":"Upgrade Shrine","player_choice":"Upgraded","floor":3.0,"gold_loss":0.0,"damage_taken":0.0,"cards_upgraded":["Zap"]},{"cards_removed":["Strike_B"],"damage_healed":0.0,"max_hp_gain":0.0,"max_hp_loss":0.0,"gold_gain":0.0,"event_name":"Golden Wing","player_choice":"Card Removal","floor":8.0,"gold_loss":0.0,"damage_taken":7.0},{"cards_removed":["Defend_B"],"damage_healed":0.0,"max_hp_gain":0.0,"max_hp_loss":0.0,"gold_gain":0.0,"event_name":"Bonfire Elementals","player_choice":"Offered Basic","floor":22.0,"gold_loss":0.0,"damage_taken":0.0},{"damage_healed":0.0,"max_hp_gain":0.0,"max_hp_loss":0.0,"gold_gain":0.0,"event_name":"Cursed Tome","player_choice":"Obtained Book","floor":31.0,"gold_loss":0.0,"damage_taken":21.0},{"damage_healed":0.0,"max_hp_gain":0.0,"max_hp_loss":4.0,"gold_gain":0.0,"event_name":"Winding Halls","player_choice":"Max HP","floor":39.0,"gold_loss":0.0,"damage_taken":0.0}],"is_beta":true,"boss_relics":[{"not_picked":["Coffee Dripper","Busted Crown"],"picked":"Cursed Key"},{"not_picked":["FrozenCore","Runic Pyramid"],"picked":"Fusion Hammer"}],"items_purged_floors":[5],"is_endless":false,"potions_floor_spawned":[1,12,14,16,29,38,40],"killed_by":"Reptomancer","ascension_level":15}