{"gold_per_floor":[119,133,133,146,165,195,195,210,279,229,243,243,87,112,112,216,216,230,247,261,293,293,293,328,340,352,381,406,418,91,91,91,191,191,204,214,231,36,36,36,54,72,98,108,138,138,171,189,189,189,189,189,139,172,172],"floor_reached":56,"playtime":4329,"items_purged":["Strike_G","Defend_G","Defend_G","Defend_G"],"score":1416,"play_id":"1494682d-2697-4b09-b4a5-51ebb3270920","local_time":"20190910225037","is_ascension_mode":false,"campfire_choices":[{"data":"Neutralize","floor":7,"key":"SMITH"},{"data":"Survivor","floor":12,"key":"SMITH"},{"data":"Deadly Poison","floor":15,"key":"SMITH"},{"data":"A Thousand Cuts","floor":23,"key":"SMITH"},{"data":"Well Laid Plans","floor":29,"key":"SMITH"},{"data":"Dash","floor":32,"key":"SMITH"},{"floor":40,"key":"RECALL"},{"floor":49,"key":"REST"},{"floor":52,"key":"REST"}],"neow_cost":"NONE","seed_source_timestamp":1345097856029434,"circlet_count":0,"master_deck":["Defend_G","Survivor+1","Neutralize+1","Deadly Poison+1","Quick Slash","Dash+1","Deadly Poison+1","Backflip+1","Dodge and Roll+1","Crippling Poison+1","Escape Plan+1","Blur+1","A Thousand Cuts+1","Wraith Form v2+1","Tools of the Trade+1","Bouncing Flask+1","Well Laid Plans+1","Dagger Spray+1","Deflect+1","Tactician+1","Catalyst+1","Good Instincts+1","Adrenaline+1","Dodge and Roll+1","Bouncing Flask+1","PiercingWail+1","Footwork","Backflip+1","Acrobatics+1","Catalyst+1","Catalyst+1","Prepared+1"],"relics":["Ring of the Snake","Strawberry","Toxic Egg 2","Gambling Chip","Anchor","Astrolabe","Red Mask","MawBank","Omamori","The Specimen","Happy Flower","Fusion Hammer","Blood Vial","Smiling Mask","Torii","The Courier","Pear"],"potions_floor_usage":[24,55,55],"damage_taken":[{"damage":0,"enemies":"2 Louse","floor":1,"turns":4},{"damage":5,"enemies":"Small Slimes","floor":2,"turns":4},{"damage":0,"enemies":"Jaw Worm","floor":4,"turns":4},{"damage":4,"enemies":"2 Fungi Beasts","floor":5,"turns":4},{"damage":28,"enemies":"3 Sentries","floor":6,"turns":10},{"damage":0,"enemies":"Blue Slaver","floor":8,"turns":3},{"damage":0,"enemies":"Exordium Wildlife","floor":11,"turns":3},{"damage":0,"enemies":"Gremlin Nob","floor":14,"turns":4},{"damage":3,"enemies":"The Guardian","floor":16,"turns":9},{"damage":0,"enemies":"3 Byrds","floor":18,"turns":4},{"damage":0,"enemies":"Chosen","floor":19,"turns":4},{"damage":14,"enemies":"Sentry and Sphere","floor":20,"turns":7},{"damage":4,"enemies":"Masked Bandits","floor":21,"turns":5},{"damage":0,"enemies":"Slavers","floor":24,"turns":4},{"damage":0,"enemies":"Snecko","floor":27,"turns":4},{"damage":0,"enemies":"Cultist and Chosen","floor":28,"turns":4},{"damage":3,"enemies":"Champ","floor":33,"turns":7},{"damage":0,"enemies":"3 Darklings","floor":35,"turns":3},{"damage":0,"enemies":"3 Shapes","floor":36,"turns":2},{"damage":0,"enemies":"Writhing Mass","floor":37,"turns":3},{"damage":0,"enemies":"Maw","floor":41,"turns":4},{"damage":0,"enemies":"4 Shapes","floor":42,"turns":4},{"damage":0,"enemies":"Sphere and 2 Shapes","floor":44,"turns":4},{"damage":0,"enemies":"Giant Head","floor":45,"turns":4},{"damage":1,"enemies":"Nemesis","floor":47,"turns":3},{"damage":0,"enemies":"Writhing Mass","floor":48,"turns":2},{"damage":0,"enemies":"Donu and Deca","floor":50,"turns":4},{"damage":0,"enemies":"Shield and Spear","floor":54,"turns":3},{"damage":0,"enemies":"The Heart","floor":55,"turns":5}],"seed_played":"3866614173029934969","potions_obtained":[{"floor":5,"key":"SpeedPotion"},{"floor":11,"key":"GamblersBrew"},{"floor":14,"key":"Energy Potion"},{"floor":18,"key":"Fire Potion"},{"floor":24,"key":"Weak Potion"},{"floor":35,"key":"Poison Potion"}],"is_trial":false,"path_per_floor":["M","M","?","M","M","E","R","M","T","?","M","R","$","E","R","B",null,"M","M","M","?","?","R","E","T","T","M","M","R","$","?","R","B",null,"M","M","M","$","T","R","M","M","T","M","E","?","E","M","R","B",null,"R","$","E","B",null],"character_chosen":"THE_SILENT","items_purchased":["Escape Plan+1","Happy Flower","Good Instincts+1","Footwork"],"campfire_rested":2,"item_purchase_floors":[13,30,30,38],"current_hp_per_floor":[77,72,69,69,65,37,37,37,37,37,37,37,37,37,37,34,77,77,77,63,59,45,45,45,45,45,45,45,45,45,45,45,42,82,82,82,82,82,82,82,82,82,82,82,82,78,77,78,78,78,78,78,78,88,88],"gold":172,"neow_bonus":"RANDOM_COMMON_RELIC","is_prod":false,"is_daily":false,"chose_seed":false,"campfire_upgraded":6,"win_rate":0,"timestamp":1568170237,"path_taken":["M","M","?","M","M","E","R","M","T","?","M","R","$","E","R","BOSS","M","M","M","?","?","R","E","?","T","M","?","R","$","?","R","BOSS","M","M","?","$","?","R","?","M","T","M","E","?","E","M","R","BOSS","R","$","E","BOSS"],"build_version":"2019-07-17","purchased_purges":4,"victory":true,"max_hp_per_floor":[77,77,77,77,77,77,77,77,77,77,77,77,77,77,77,77,77,77,77,77,77,82,82,82,82,82,82,82,82,82,82,82,82,82,82,82,82,82,82,82,82,82,82,82,82,78,78,78,78,78,78,78,78,88,88],"card_choices":[{"not_picked":["Dodge and Roll","Slice"],"picked":"Deadly Poison","floor":1},{"not_picked":["Prepared","Acrobatics"],"picked":"Quick Slash","floor":2},{"not_picked":["Underhanded Strike","Dodge and Roll+1"],"picked":"Dash","floor":4},{"not_picked":["Terror+1","Prepared+1"],"picked":"Deadly Poison+1","floor":5},{"not_picked":["Masterful Stab","Underhanded Strike"],"picked":"Backflip+1","floor":6},{"not_picked":["Calculated Gamble+1","Underhanded Strike"],"picked":"Dodge and Roll+1","floor":8},{"not_picked":["Infinite Blades","Grand Finale"],"picked":"Crippling Poison+1","floor":11},{"not_picked":["Reflex+1","Leg Sweep+1"],"picked":"Blur+1","floor":14},{"not_picked":["Grand Finale","Phantasmal Killer+1"],"picked":"A Thousand Cuts","floor":16},{"not_picked":["Concentrate+1","Poisoned Stab","Bane"],"picked":"SKIP","floor":18},{"not_picked":["Backstab+1","Underhanded Strike"],"picked":"Well Laid Plans","floor":19},{"not_picked":["All Out Attack+1","Eviscerate"],"picked":"Dagger Spray+1","floor":20},{"not_picked":["Eviscerate","Blade Dance+1"],"picked":"Deflect+1","floor":21},{"not_picked":["Poisoned Stab","Accuracy","Envenom"],"picked":"SKIP","floor":24},{"not_picked":["PiercingWail+1","Blade Dance+1"],"picked":"Tactician+1","floor":27},{"not_picked":["Setup+1","Flying Knee+1"],"picked":"Catalyst+1","floor":28},{"not_picked":["Venomology+1","Envenom"],"picked":"Adrenaline+1","floor":33},{"not_picked":["Deadly Poison+1","Skewer+1","Dodge and Roll+1"],"picked":"SKIP","floor":35},{"not_picked":["Deadly Poison+1","Skewer+1"],"picked":"Dodge and Roll+1","floor":35},{"not_picked":["Accuracy","Distraction+1"],"picked":"Bouncing Flask+1","floor":36},{"not_picked":["Underhanded Strike","Accuracy"],"picked":"PiercingWail+1","floor":37},{"not_picked":["Sucker Punch","Deadly Poison+1"],"picked":"Backflip+1","floor":41},{"not_picked":["Sucker Punch+1","Concentrate+1"],"picked":"Acrobatics+1","floor":42},{"not_picked":["Bullet Time+1","Blur+1"],"picked":"Catalyst+1","floor":44},{"not_picked":["Blade Dance+1","Underhanded Strike","Crippling Poison+1"],"picked":"SKIP","floor":45},{"not_picked":["Heel Hook+1","Acrobatics+1","Backstab+1"],"picked":"SKIP","floor":47},{"not_picked":["Escape Plan+1","Backflip+1"],"picked":"Catalyst+1","floor":48},{"not_picked":["Tools of the Trade","Cloak And Dagger+1"],"picked":"Prepared+1","floor":54}],"player_experience":1270500,"relics_obtained":[{"floor":6,"key":"Gambling Chip"},{"floor":14,"key":"Anchor"},{"floor":21,"key":"Red Mask"},{"floor":24,"key":"MawBank"},{"floor":25,"key":"Omamori"},{"floor":26,"key":"The Specimen"},{"floor":39,"key":"Blood Vial"},{"floor":43,"key":"Smiling Mask"},{"floor":45,"key":"Torii"},{"floor":47,"key":"The Courier"},{"floor":54,"key":"Pear"}],"event_choices":[{"damage_healed":0,"gold_gain":0,"player_choice":"Success","damage_taken":3,"relics_obtained":["Toxic Egg 2"],"max_hp_gain":0,"max_hp_loss":0,"event_name":"Scrap Ooze","floor":3,"gold_loss":0},{"cards_removed":["Strike_G"],"damage_healed":0,"gold_gain":0,"player_choice":"Card Removal","damage_taken":0,"max_hp_gain":0,"max_hp_loss":0,"event_name":"The Cleric","floor":10,"gold_loss":50},{"damage_healed":0,"gold_gain":0,"player_choice":"Fought Bandits","damage_taken":0,"max_hp_gain":0,"max_hp_loss":0,"event_name":"Masked Bandits","floor":21,"gold_loss":0},{"damage_healed":0,"gold_gain":0,"player_choice":"Shed Blood","damage_taken":19,"max_hp_gain":5,"max_hp_loss":0,"event_name":"Forgotten Altar","floor":22,"gold_loss":0},{"cards_removed":["Defend_G"],"damage_healed":0,"gold_gain":0,"player_choice":"Card Removal","damage_taken":0,"max_hp_gain":0,"max_hp_loss":0,"event_name":"Wheel of Change","floor":31,"gold_loss":0},{"damage_healed":0,"gold_gain":0,"player_choice":"Max HP","damage_taken":0,"max_hp_gain":0,"max_hp_loss":4,"event_name":"Winding Halls","floor":46,"gold_loss":0}],"is_beta":false,"boss_relics":[{"not_picked":["Velvet Choker","Snecko Eye"],"picked":"Astrolabe"},{"not_picked":["Cursed Key","Orrery"],"picked":"Fusion Hammer"}],"items_purged_floors":[13,30,38,53],"is_endless":false,"potions_floor_spawned":[5,11,14,16,18,24,28,33,35,41,42,45],"ascension_level":0}