{"gold_per_floor":[119,269,194,212,212,247,247,260,284,284],"floor_reached":10,"playtime":239,"items_purged":[],"score":182,"play_id":"81a732de-845c-4899-8854-4521670adf54","local_time":"20190617182209","is_ascension_mode":true,"campfire_choices":[{"data":"Neutralize","floor":7,"key":"SMITH"}],"neow_cost":"NONE","seed_source_timestamp":440958486345469,"circlet_count":0,"master_deck":["AscendersBane","Defend_G","Defend_G","Defend_G","Defend_G","Defend_G","Strike_G","Strike_G","Strike_G","Strike_G","Strike_G","Survivor","Neutralize+1","Footwork","Cloak And Dagger","Regret","Backflip","Noxious Fumes"],"relics":["Ring of the Snake","NeowsBlessing","Art of War","Paper Crane","Ancient Tea Set"],"potions_floor_usage":[10],"damage_taken":[{"damage":0,"enemies":"Small Slimes","floor":1,"turns":1},{"damage":0,"enemies":"2 Louse","floor":4,"turns":1},{"damage":0,"enemies":"Lagavulin","floor":6,"turns":1},{"damage":6,"enemies":"Jaw Worm","floor":8,"turns":8},{"damage":53,"enemies":"Gremlin Nob","floor":10,"turns":5}],"seed_played":"6716472109318565788","potions_obtained":[{"floor":6,"key":"SpeedPotion"},{"floor":8,"key":"Strength Potion"}],"is_trial":false,"path_per_floor":["M","?","?","M","?","E","R","M","T","E"],"character_chosen":"THE_SILENT","items_purchased":[],"campfire_rested":0,"item_purchase_floors":[],"current_hp_per_floor":[59,59,59,59,59,59,59,53,53,0],"gold":284,"neow_bonus":"THREE_ENEMY_KILL","is_prod":false,"is_daily":false,"chose_seed":false,"campfire_upgraded":1,"win_rate":0,"timestamp":1560788529,"path_taken":["M","?","?","M","?","E","R","M","T","E"],"build_version":"2019-01-23","purchased_purges":0,"victory":false,"max_hp_per_floor":[66,66,66,66,66,66,66,66,66,66],"card_choices":[{"not_picked":["Quick Slash","PiercingWail"],"picked":"Footwork","floor":1},{"not_picked":["Sucker Punch","Distraction"],"picked":"Cloak And Dagger","floor":4},{"not_picked":["PiercingWail","Cloak And Dagger"],"picked":"Backflip","floor":6},{"not_picked":["Sucker Punch","Flying Knee"],"picked":"Noxious Fumes","floor":8}],"player_experience":544896,"relics_obtained":[{"floor":6,"key":"Paper Crane"},{"floor":9,"key":"Ancient Tea Set"}],"event_choices":[{"damage_healed":0,"gold_gain":150,"player_choice":"AGREE","damage_taken":0,"max_hp_gain":0,"max_hp_loss":0,"event_name":"Liars Game","floor":2,"gold_loss":0,"cards_obtained":["Doubt"]},{"cards_removed":["Doubt"],"damage_healed":0,"gold_gain":0,"player_choice":"Card Removal","damage_taken":0,"max_hp_gain":0,"max_hp_loss":0,"event_name":"The Cleric","floor":3,"gold_loss":75},{"damage_healed":0,"gold_gain":0,"player_choice":"Box","damage_taken":0,"relics_obtained":["Art of War"],"max_hp_gain":0,"max_hp_loss":0,"event_name":"Big Fish","floor":5,"gold_loss":0,"cards_obtained":["Regret"]}],"is_beta":false,"boss_relics":[],"items_purged_floors":[],"is_endless":false,"potions_floor_spawned":[6,8],"killed_by":"Gremlin Nob","ascension_level":20}