{"gold_per_floor":[112,129,129,139,103,129,139,172,209,246,268,280,16,32,32,134,134,144,161,176,188,188,188,220,220],"floor_reached":25,"playtime":1384,"items_purged":["Parasite"],"score":270,"play_id":"ab0f8c79-20ad-4c1c-a511-39af5eee1b69","local_time":"20191008045324","is_ascension_mode":true,"campfire_choices":[{"floor":15,"key":"RECALL"},{"data":"Armaments","floor":23,"key":"SMITH"}],"neow_cost":"NONE","seed_source_timestamp":308611479833600,"circlet_count":0,"master_deck":["Strike_R","Strike_R","Strike_R","Strike_R","Strike_R","Defend_R","Defend_R","Defend_R","Defend_R","Bash","Iron Wave","Iron Wave","Inflame","Inflame","Whirlwind","Cleave","Offering","Juggernaut","Rage","Twin Strike","Barricade","Shrug It Off","Pommel Strike","Armaments+1","Warcry+1","Exhume"],"relics":["Burning Blood","NeowsBlessing","NlothsMask","Matryoshka","MawBank","Dodecahedron","Chemical X","Eternal Feather","Thread and Needle"],"potions_floor_usage":[10,10,16,16,24],"damage_taken":[{"damage":0,"enemies":"Cultist","floor":1,"turns":1},{"damage":0,"enemies":"2 Louse","floor":2,"turns":1},{"damage":0,"enemies":"Jaw Worm","floor":4,"turns":1},{"damage":19,"enemies":"Gremlin Nob","floor":6,"turns":5},{"damage":12,"enemies":"Looter","floor":7,"turns":3},{"damage":26,"enemies":"3 Sentries","floor":8,"turns":5},{"damage":9,"enemies":"Gremlin Nob","floor":10,"turns":3},{"damage":27,"enemies":"Exordium Wildlife","floor":11,"turns":5},{"damage":0,"enemies":"2 Fungi Beasts","floor":14,"turns":2},{"damage":32,"enemies":"Hexaghost","floor":16,"turns":10},{"damage":1,"enemies":"3 Byrds","floor":18,"turns":4},{"damage":32,"enemies":"2 Thieves","floor":19,"turns":5},{"damage":42,"enemies":"Shelled Parasite and Fungi","floor":20,"turns":6},{"damage":7,"enemies":"3 Cultists","floor":21,"turns":3},{"damage":52,"enemies":"Slavers","floor":24,"turns":5},{"damage":13,"enemies":"Snake Plant","floor":25,"turns":2}],"seed_played":"8340997400395519680","potions_obtained":[{"floor":2,"key":"BloodPotion"},{"floor":4,"key":"SpeedPotion"},{"floor":6,"key":"Fire Potion"},{"floor":14,"key":"Dexterity Potion"},{"floor":18,"key":"LiquidBronze"}],"is_trial":false,"path_per_floor":["M","M","?","M","$","E","M","E","T","E","M","?","$","M","R","B",null,"M","M","M","M","?","R","E","M"],"character_chosen":"IRONCLAD","items_purchased":["Inflame","Chemical X"],"campfire_rested":0,"item_purchase_floors":[5,13],"current_hp_per_floor":[80,80,80,80,80,67,61,41,41,58,37,57,57,63,63,37,77,77,51,15,14,39,54,8,0],"gold":220,"neow_bonus":"THREE_ENEMY_KILL","is_prod":false,"is_daily":false,"chose_seed":false,"campfire_upgraded":1,"win_rate":0,"timestamp":1570524804,"path_taken":["M","?","?","M","$","E","M","E","T","E","?","?","?","M","R","BOSS","M","M","M","M","?","R","E","M"],"build_version":"2019-07-17","purchased_purges":1,"victory":false,"max_hp_per_floor":[80,80,80,80,80,80,80,80,80,80,80,80,77,77,77,77,77,77,77,77,77,77,77,77,77],"card_choices":[{"not_picked":["True Grit","Havoc"],"picked":"Iron Wave","floor":1},{"not_picked":["Clash","Anger"],"picked":"Iron Wave","floor":2},{"not_picked":["Cleave","Clothesline"],"picked":"Inflame","floor":4},{"not_picked":["Second Wind","Combust"],"picked":"Whirlwind","floor":6},{"not_picked":["Flex","Clothesline"],"picked":"Cleave","floor":7},{"not_picked":["Bludgeon","Headbutt"],"picked":"Offering","floor":8},{"not_picked":["Twin Strike","Feel No Pain"],"picked":"Juggernaut","floor":10},{"not_picked":["Heavy Blade","Twin Strike"],"picked":"Rage","floor":11},{"not_picked":["Wild Strike","Offering"],"picked":"Twin Strike","floor":14},{"not_picked":["Impervious","Juggernaut"],"picked":"Barricade","floor":16},{"not_picked":["Pommel Strike+1","Reckless Charge"],"picked":"Shrug It Off","floor":18},{"not_picked":["Burning Pact","Flex"],"picked":"Pommel Strike","floor":19},{"not_picked":["Reckless Charge","Iron Wave"],"picked":"Armaments","floor":20},{"not_picked":["Clothesline","Cleave"],"picked":"Warcry+1","floor":21},{"not_picked":["Clash","Perfected Strike"],"picked":"Exhume","floor":24}],"player_experience":58881,"relics_obtained":[{"floor":6,"key":"Matryoshka"},{"floor":8,"key":"MawBank"},{"floor":10,"key":"Dodecahedron"},{"floor":24,"key":"Thread and Needle"}],"event_choices":[{"damage_healed":0,"gold_gain":0,"player_choice":"Trade","damage_taken":0,"relics_obtained":["NlothsMask"],"max_hp_gain":0,"max_hp_loss":0,"event_name":"FaceTrader","floor":3,"gold_loss":0},{"damage_healed":20,"gold_gain":0,"player_choice":"Healed and dodged fight","damage_taken":0,"max_hp_gain":0,"max_hp_loss":0,"event_name":"Mushrooms","floor":12,"gold_loss":0,"cards_obtained":["Parasite"]},{"damage_healed":25,"gold_gain":0,"player_choice":"Heal","damage_taken":0,"max_hp_gain":0,"max_hp_loss":0,"event_name":"The Library","floor":22,"gold_loss":0}],"is_beta":false,"boss_relics":[{"not_picked":["Fusion Hammer","Orrery"],"picked":"Eternal Feather"}],"items_purged_floors":[13],"is_endless":false,"potions_floor_spawned":[2,4,6,14,18],"killed_by":"Snake Plant","ascension_level":2}