{"gold_per_floor":[411,391,410,189,200,200,234,234,258,270,345,345,380,394,394,394],"floor_reached":16,"playtime":734,"items_purged":["Defend_G"],"score":110,"play_id":"1e21006b-fc1e-4fca-98c4-0ea3d54b5873","local_time":"20190415215504","is_ascension_mode":false,"campfire_choices":[{"data":"Neutralize","floor":6,"key":"SMITH"},{"data":"Sucker Punch","floor":8,"key":"SMITH"},{"data":"Dodge and Roll","floor":15,"key":"SMITH"}],"neow_cost":"TEN_PERCENT_HP_LOSS","seed_source_timestamp":878712226958771,"circlet_count":0,"master_deck":["Defend_G","Defend_G","Defend_G","Strike_G","Strike_G","Strike_G","Strike_G","Strike_G","Survivor","Neutralize+1","Sucker Punch+1","Dodge and Roll+1","Well Laid Plans","Backflip","Backstab","Blur+1","Deflect+1"],"relics":["Ring of the Snake","Old Coin","PreservedInsect","Bag of Marbles","Art of War","Toxic Egg 2"],"potions_floor_usage":[16,16],"damage_taken":[{"damage":1,"enemies":"Jaw Worm","floor":1,"turns":5},{"damage":0,"enemies":"Cultist","floor":3,"turns":4},{"damage":0,"enemies":"Small Slimes","floor":5,"turns":3},{"damage":13,"enemies":"Lagavulin","floor":7,"turns":7},{"damage":2,"enemies":"Red Slaver","floor":10,"turns":4},{"damage":2,"enemies":"3 Sentries","floor":13,"turns":7},{"damage":1,"enemies":"Looter","floor":14,"turns":3},{"damage":34,"enemies":"Hexaghost","floor":16,"turns":14}],"seed_played":"-4388505604673424359","potions_obtained":[{"floor":2,"key":"FearPotion"},{"floor":10,"key":"Weak Potion"},{"floor":13,"key":"AttackPotion"}],"is_trial":false,"path_per_floor":["M","?","M","$","M","R","E","R","T","M","?","?","E","M","R","B"],"character_chosen":"THE_SILENT","items_purchased":["PreservedInsect"],"campfire_rested":0,"item_purchase_floors":[4],"current_hp_per_floor":[62,62,62,62,62,62,49,49,49,47,36,36,34,33,33,0],"gold":394,"neow_bonus":"ONE_RARE_RELIC","is_prod":false,"is_daily":false,"chose_seed":false,"campfire_upgraded":3,"win_rate":0,"timestamp":1555379704,"path_taken":["M","?","?","$","M","R","E","R","T","M","?","?","E","?","R","BOSS"],"build_version":"2019-01-23","purchased_purges":1,"victory":false,"max_hp_per_floor":[63,63,63,63,63,63,63,63,63,63,63,63,63,63,63,63],"card_choices":[{"not_picked":["Outmaneuver","Blade Dance"],"picked":"Sucker Punch","floor":1},{"not_picked":["Underhanded Strike","Finisher"],"picked":"Dodge and Roll","floor":3},{"not_picked":["Backflip","Footwork"],"picked":"Well Laid Plans","floor":5},{"not_picked":["Outmaneuver","Infinite Blades"],"picked":"Backflip","floor":7},{"not_picked":["All Out Attack","Backflip"],"picked":"Backstab","floor":10},{"not_picked":["Choke","Expertise"],"picked":"Blur","floor":13},{"not_picked":["Prepared+1","Underhanded Strike"],"picked":"Deflect+1","floor":14}],"player_experience":810785,"relics_obtained":[{"floor":7,"key":"Bag of Marbles"},{"floor":9,"key":"Art of War"},{"floor":13,"key":"Toxic Egg 2"}],"event_choices":[{"damage_healed":0,"gold_gain":0,"player_choice":"Bought 1 Potion","damage_taken":0,"max_hp_gain":0,"max_hp_loss":0,"event_name":"The Woman in Blue","floor":2,"gold_loss":0},{"damage_healed":0,"gold_gain":75,"player_choice":"Gather Gold","damage_taken":11,"max_hp_gain":0,"max_hp_loss":0,"event_name":"World of Goop","floor":11,"gold_loss":0},{"cards_removed":["Defend_G"],"damage_healed":0,"gold_gain":0,"player_choice":"Offered Basic","damage_taken":0,"max_hp_gain":0,"max_hp_loss":0,"event_name":"Bonfire Elementals","floor":12,"gold_loss":0}],"is_beta":false,"boss_relics":[],"items_purged_floors":[4],"is_endless":false,"potions_floor_spawned":[10,13],"killed_by":"Hexaghost","ascension_level":0}