{"gold_per_floor":[118,131,131,144,144,183,195,221,256,278,290,330,342,629,641,752,764,791,803,476,486,486],"floor_reached":22,"playtime":1336,"items_purged":["Regret"],"score":262,"play_id":"8e6e2e13-19ef-48b3-a9ed-3d7d9b4a99f0","local_time":"20180827194131","is_ascension_mode":true,"campfire_choices":[{"floor":7,"key":"REST"},{"floor":11,"key":"REST"},{"data":"Zap","floor":13,"key":"SMITH"},{"floor":15,"key":"REST"}],"neow_cost":"NONE","seed_source_timestamp":1015418217886164,"circlet_count":0,"master_deck":["Strike_B","Strike_B","Strike_B","Strike_B","Defend_B","Defend_B","Defend_B","Defend_B","Zap+1","Dualcast","Leap","Lockon","Streamline","Loop","Steam","Reboot","Seek","Hologram","Hologram"],"relics":["Cracked Core","Bag of Preparation","MawBank","Blood Vial","Vajra","Darkstone Periapt","Philosopher\u0027s Stone","GremlinMask","Pen Nib"],"potions_floor_usage":[6,16],"damage_taken":[{"damage":0,"enemies":"Small Slimes","floor":1,"turns":2},{"damage":0,"enemies":"Cultist","floor":2,"turns":3},{"damage":2,"enemies":"Jaw Worm","floor":4,"turns":4},{"damage":27,"enemies":"3 Sentries","floor":6,"turns":7},{"damage":21,"enemies":"Exordium Wildlife","floor":8,"turns":6},{"damage":4,"enemies":"3 Louse","floor":10,"turns":5},{"damage":12,"enemies":"Gremlin Nob","floor":12,"turns":3},{"damage":26,"enemies":"Slime Boss","floor":16,"turns":9},{"damage":26,"enemies":"Shell Parasite","floor":18,"turns":4},{"damage":32,"enemies":"2 Thieves","floor":21,"turns":5},{"damage":23,"enemies":"Sentry and Sphere","floor":22,"turns":3}],"seed_played":"6564256421362677052","potions_obtained":[{"floor":2,"key":"FairyPotion"},{"floor":4,"key":"Poison Potion"},{"floor":12,"key":"SteroidPotion"},{"floor":16,"key":"LiquidBronze"}],"is_trial":false,"path_per_floor":["M","M","?","M","?","E","R","M","T","M","R","E","R","?","R","B",null,"M","?","$","M"],"character_chosen":"DEFECT","items_purchased":["Ancient Potion","SteroidPotion","Pen Nib"],"campfire_rested":3,"item_purchase_floors":[20,20,20],"current_hp_per_floor":[68,68,68,66,59,32,54,35,35,33,55,45,45,51,75,51,74,50,50,50,20,0],"gold":486,"neow_bonus":"RANDOM_COMMON_RELIC","is_prod":false,"is_daily":false,"chose_seed":false,"campfire_upgraded":1,"win_rate":0,"timestamp":1535413291,"path_taken":["M","M","?","M","?","E","R","M","T","M","R","E","R","?","R","BOSS","M","?","$","M","M"],"build_version":"2018-08-23v2","purchased_purges":1,"victory":false,"max_hp_per_floor":[75,75,75,75,75,75,75,75,75,75,75,75,75,81,81,81,81,81,81,81,81,81],"card_choices":[{"not_picked":["Gash","Fusion"],"picked":"Leap","floor":1},{"not_picked":["Compile Driver","Glacier"],"picked":"Lockon","floor":2},{"not_picked":["Go for the Eyes","Fission"],"picked":"Streamline","floor":4},{"not_picked":["Amplify","Coolheaded","Stack"],"picked":"SKIP","floor":6},{"not_picked":["Go for the Eyes","Undo"],"picked":"Loop","floor":8},{"not_picked":["Hello World","Ball Lightning"],"picked":"Steam","floor":10},{"not_picked":["Steam","Ball Lightning"],"picked":"Reboot","floor":12},{"not_picked":["Buffer","Hyperbeam"],"picked":"Seek","floor":16},{"not_picked":["Recycle+1","Gash+1"],"picked":"Hologram","floor":18},{"not_picked":["Scrape","Ball Lightning"],"picked":"Hologram","floor":21}],"player_experience":316589,"relics_obtained":[{"floor":6,"key":"Blood Vial"},{"floor":9,"key":"Vajra"},{"floor":12,"key":"Darkstone Periapt"}],"event_choices":[{"event_name":"Match and Keep!","player_choice":"0 cards matched","floor":3,"damage_taken":0},{"event_name":"Scrap Ooze","player_choice":"success","floor":5,"damage_taken":7},{"event_name":"Golden Shrine","player_choice":"Desecrate","floor":14,"damage_taken":0},{"event_name":"FaceTrader","player_choice":"Trade","floor":19,"damage_taken":0}],"is_beta":false,"boss_relics":[{"not_picked":["Busted Crown","Coffee Dripper"],"picked":"Philosopher\u0027s Stone"}],"items_purged_floors":[20],"is_endless":false,"potions_floor_spawned":[2,4,12,16],"killed_by":"Sentry and Sphere","ascension_level":7}