{"gold_per_floor":[114,114,134,147,147,181,151,151,151,185,197,223,243,418,418,517,517,533,547,561,134,134,134,49,49,49,49,81,95,113,140,140,236,236,253,253,272,283,283,283,301,92,92,92,118,118,133,144,144,144],"floor_reached":51,"playtime":5636,"items_purged":["Doubt"],"score":882,"play_id":"2abe7bb5-3710-4b5c-9d1b-b8cdfa48787b","local_time":"20180720191609","is_ascension_mode":false,"campfire_choices":[{"floor":8,"key":"REST"},{"data":"Choke","floor":15,"key":"SMITH"},{"floor":23,"key":"REST"},{"floor":25,"key":"REST"},{"floor":27,"key":"REST"},{"floor":32,"key":"REST"},{"data":"1","floor":40,"key":"LIFT"},{"data":"2","floor":44,"key":"LIFT"},{"floor":49,"key":"REST"}],"neow_cost":"NONE","seed_source_timestamp":291970754726867,"circlet_count":0,"master_deck":["Defend_G","Defend_G","Defend_G","Defend_G","Survivor","Neutralize+1","Dagger Throw","Choke+1","Unload","Dagger Spray+1","Bouncing Flask","Cloak And Dagger","Adrenaline","Eviscerate","Unload","Finisher","Backflip+1","Dash","Trip","Choke+1","Quick Slash+1","Dash","Doppelganger","Venomology","Backstab+1","Crippling Poison+1","Well Laid Plans+1","Poisoned Stab+1","Deadly Poison+1","Riddle With Holes","Skewer","Panache","Madness","Madness","Deadly Poison+1","Catalyst"],"relics":["Velvet Choker","Bottled Lightning","Kunai","Orichalcum","Potion Belt","Fusion Hammer","Letter Opener","Gremlin Horn","Dodecahedron","Girya","Whetstone","Astrolabe","Tingsha","Juzu Bracelet","Strawberry"],"potions_floor_usage":[28,29,33,36,38,50,50,50,50],"damage_taken":[{"damage":3,"enemies":"Jaw Worm","floor":1,"turns":4},{"damage":0,"enemies":"Small Slimes","floor":3,"turns":3},{"damage":0,"enemies":"Cultist","floor":4,"turns":3},{"damage":22,"enemies":"3 Sentries","floor":6,"turns":7},{"damage":13,"enemies":"Gremlin Nob","floor":10,"turns":4},{"damage":5,"enemies":"Exordium Thugs","floor":11,"turns":4},{"damage":1,"enemies":"3 Sentries","floor":12,"turns":6},{"damage":0,"enemies":"2 Fungi Beasts","floor":13,"turns":2},{"damage":22,"enemies":"Hexaghost","floor":16,"turns":9},{"damage":14,"enemies":"2 Thieves","floor":18,"turns":3},{"damage":0,"enemies":"Chosen","floor":19,"turns":3},{"damage":4,"enemies":"Centurion and Healer","floor":20,"turns":5},{"damage":20,"enemies":"Gremlin Leader","floor":28,"turns":6},{"damage":0,"enemies":"Snecko","floor":29,"turns":3},{"damage":1,"enemies":"Sentry and Sphere","floor":30,"turns":3},{"damage":24,"enemies":"Slavers","floor":31,"turns":4},{"damage":12,"enemies":"Automaton","floor":33,"turns":9},{"damage":0,"enemies":"Flame Bruiser 1 Orb","floor":35,"turns":3},{"damage":4,"floor":36,"turns":6},{"damage":3,"enemies":"3 Shapes","floor":37,"turns":3},{"damage":0,"enemies":"Sphere and 2 Shapes","floor":38,"turns":4},{"damage":10,"enemies":"Flame Bruiser 2 Orb","floor":41,"turns":3},{"damage":0,"enemies":"3 Darklings","floor":47,"turns":2},{"damage":9,"enemies":"Maw","floor":48,"turns":6},{"damage":76,"enemies":"Time Eater","floor":50,"turns":10}],"seed_played":"8545884553412183155","potions_obtained":[{"floor":7,"key":"SkillPotion"},{"floor":7,"key":"Ancient Potion"},{"floor":10,"key":"SkillPotion"},{"floor":11,"key":"Block Potion"},{"floor":16,"key":"GhostInAJar"},{"floor":19,"key":"LiquidBronze"},{"floor":28,"key":"AttackPotion"},{"floor":31,"key":"FearPotion"},{"floor":33,"key":"Swift Potion"},{"floor":47,"key":"FairyPotion"}],"is_trial":false,"path_per_floor":["M","?","M","M","?","E","?","R","T","E","M","E","M","?","R","B",null,"M","M","M","$","?","R","?","R","T","R","E","M","M","E","R","B",null,"M","?","M","M","?","R","M","$","T","R","T","?","M","M","R","B"],"character_chosen":"THE_SILENT","items_purchased":["Trip","Letter Opener","Panache"],"campfire_rested":6,"item_purchase_floors":[21,21,42],"current_hp_per_floor":[67,67,67,67,60,38,38,59,59,46,41,40,40,40,40,18,70,56,56,52,52,52,70,70,70,70,70,50,50,49,25,46,34,70,70,66,63,63,63,63,53,53,53,53,60,50,50,41,64,7],"gold":144,"neow_bonus":"BOSS_RELIC","is_prod":false,"is_daily":false,"chose_seed":false,"campfire_upgraded":1,"win_rate":0,"timestamp":1532128569,"path_taken":["M","?","M","M","?","E","?","R","T","E","M","E","M","?","R","BOSS","M","M","M","$","?","R","?","R","T","R","E","?","M","E","R","BOSS","M","?","M","M","?","R","M","$","T","R","?","?","M","M","R","BOSS"],"build_version":"2018-07-19v2","purchased_purges":1,"victory":true,"max_hp_per_floor":[70,70,70,70,70,70,70,70,70,70,70,70,70,70,70,70,70,70,70,70,70,70,70,70,70,70,70,70,70,70,70,70,70,70,70,70,70,70,70,70,70,70,70,70,77,77,77,77,77,77],"card_choices":[{"not_picked":["Outmaneuver","Backflip"],"picked":"Dagger Throw","floor":1},{"not_picked":["Slice","PiercingWail"],"picked":"Choke","floor":3},{"not_picked":["Flying Knee","Slice"],"picked":"Unload","floor":4},{"not_picked":["Storm of Steel","Flying Knee"],"picked":"Dagger Spray","floor":6},{"not_picked":["Tactician","Deadly Poison"],"picked":"Bouncing Flask","floor":10},{"not_picked":["Accuracy","Outmaneuver"],"picked":"Cloak And Dagger","floor":11},{"not_picked":["Flying Knee","Slice"],"picked":"Adrenaline","floor":12},{"not_picked":["Flechettes","Flying Knee"],"picked":"Eviscerate","floor":13},{"not_picked":["A Thousand Cuts","Adrenaline"],"picked":"Unload","floor":16},{"not_picked":["Dagger Spray+1","Eviscerate"],"picked":"Finisher","floor":18},{"not_picked":["Underhanded Strike","Flying Knee+1"],"picked":"Backflip+1","floor":19},{"not_picked":["PiercingWail","Deflect"],"picked":"Dash","floor":20},{"not_picked":["Dagger Spray","Deflect"],"picked":"Choke+1","floor":28},{"not_picked":["Reflex","Deadly Poison"],"picked":"Quick Slash+1","floor":29},{"not_picked":["Poisoned Stab","Tactician"],"picked":"Dash","floor":30},{"not_picked":["Flechettes","Choke"],"picked":"Doppelganger","floor":31},{"not_picked":["Malaise","Wraith Form v2"],"picked":"Venomology","floor":33},{"not_picked":["Footwork","Outmaneuver+1"],"picked":"Poisoned Stab+1","floor":35},{"not_picked":["Accuracy","Prepared+1","Flechettes"],"picked":"SKIP","floor":37},{"not_picked":["Flying Knee","Dodge and Roll+1"],"picked":"Deadly Poison+1","floor":38},{"not_picked":["Skewer","Dodge and Roll+1","Cloak And Dagger"],"picked":"SKIP","floor":41},{"not_picked":["Dodge and Roll+1","Cloak And Dagger"],"picked":"Skewer","floor":41},{"not_picked":["Underhanded Strike","Backflip"],"picked":"Deadly Poison+1","floor":47},{"not_picked":["Leg Sweep","Outmaneuver"],"picked":"Catalyst","floor":48}],"player_experience":156692,"relics_obtained":[{"floor":6,"key":"Bottled Lightning"},{"floor":9,"key":"Kunai"},{"floor":10,"key":"Orichalcum"},{"floor":12,"key":"Potion Belt"},{"floor":26,"key":"Dodecahedron"},{"floor":28,"key":"Girya"},{"floor":31,"key":"Whetstone"},{"floor":36,"key":"Tingsha"},{"floor":43,"key":"Juzu Bracelet"},{"floor":45,"key":"Strawberry"}],"event_choices":[{"event_name":"Living Wall","player_choice":"Forget","floor":2,"damage_taken":0},{"event_name":"Golden Wing","player_choice":"Card Removal","floor":5,"damage_taken":0},{"event_name":"The Woman in Blue","player_choice":"Bought 2 Potions","floor":7,"damage_taken":0},{"event_name":"Liars Game","player_choice":"agreed","floor":14,"damage_taken":0},{"event_name":"Bonfire Elementals","player_choice":"BASIC","floor":22,"damage_taken":0},{"event_name":"Addict","player_choice":"Obtained Relic","floor":24,"damage_taken":0},{"event_name":"MindBloom","player_choice":"Fight","floor":36,"damage_taken":0},{"event_name":"Match and Keep!","player_choice":"1 cards matched","floor":39,"damage_taken":0},{"event_name":"Winding Halls","player_choice":"Embrace Madness","floor":46,"damage_taken":0}],"is_beta":false,"boss_relics":[{"not_picked":["Coffee Dripper","Philosopher\u0027s Stone"],"picked":"Fusion Hammer"},{"not_picked":["Runic Dome","WristBlade"],"picked":"Astrolabe"}],"items_purged_floors":[21],"is_endless":false,"potions_floor_spawned":[10,11,16,19,28,31,33,47,48],"ascension_level":0}