{"gold_per_floor":[114,114,78,96,110,110,142,156,156,156,180,180,200,211,211,310,310,310,310,260,190,190,190,105,105,105,105,105,105,105],"floor_reached":30,"playtime":1934,"items_purged":[],"score":272,"play_id":"95da1eac-f164-43af-a0b8-8eb3fb13f182","local_time":"20190523201527","is_ascension_mode":false,"campfire_choices":[{"data":"Barricade","floor":6,"key":"SMITH"},{"data":"Bash","floor":10,"key":"SMITH"},{"floor":12,"key":"DIG"},{"data":"Uppercut","floor":15,"key":"SMITH"},{"data":"Entrench","floor":25,"key":"SMITH"}],"neow_cost":"CURSE","seed_source_timestamp":236303013714691,"circlet_count":0,"master_deck":["Strike_R","Strike_R","Strike_R","Strike_R","Defend_R","Defend_R","Defend_R","Defend_R","Bash+1","Decay","Flex","Barricade+1","Ghostly Armor","Seeing Red","True Grit","Ghostly Armor","Burning Pact","Shrug It Off","Uppercut+1","Twin Strike","Juggernaut","Corruption+1","Sentinel","Shrug It Off","Entrench+1","Rampage","Power Through","Demon Form","Sword Boomerang+1"],"relics":["Burning Blood","Torii","Mango","Shovel","Prayer Wheel","Ectoplasm","PreservedInsect","Art of War","Centennial Puzzle","Unceasing Top"],"potions_floor_usage":[18,22,28,28,30],"damage_taken":[{"damage":3,"enemies":"Cultist","floor":1,"turns":3},{"damage":2,"enemies":"Jaw Worm","floor":4,"turns":4},{"damage":4,"enemies":"Small Slimes","floor":5,"turns":5},{"damage":43,"enemies":"Lagavulin","floor":7,"turns":11},{"damage":3,"enemies":"2 Fungi Beasts","floor":8,"turns":7},{"damage":2,"enemies":"Looter","floor":13,"turns":3},{"damage":11,"enemies":"Gremlin Gang","floor":14,"turns":8},{"damage":31,"enemies":"Hexaghost","floor":16,"turns":17},{"damage":8,"enemies":"3 Byrds","floor":18,"turns":4},{"damage":11,"enemies":"Spheric Guardian","floor":19,"turns":5},{"damage":9,"enemies":"Snake Plant","floor":22,"turns":5},{"damage":28,"enemies":"Book of Stabbing","floor":23,"turns":8},{"damage":20,"enemies":"Shelled Parasite and Fungi","floor":27,"turns":6},{"damage":46,"enemies":"Slavers","floor":28,"turns":7},{"damage":6,"enemies":"Snecko","floor":29,"turns":4},{"damage":25,"enemies":"Masked Bandits","floor":30,"turns":3}],"seed_played":"-3102508399888083537","potions_obtained":[{"floor":1,"key":"Strength Potion"},{"floor":5,"key":"BloodPotion"},{"floor":13,"key":"LiquidBronze"},{"floor":16,"key":"SkillPotion"},{"floor":19,"key":"GamblersBrew"},{"floor":23,"key":"Poison Potion"},{"floor":28,"key":"Energy Potion"}],"is_trial":false,"path_per_floor":["M","?","$","M","M","R","E","M","T","R","T","R","M","M","R","B",null,"M","M","?","$","M","E","?","R","T","M","E","M","?"],"character_chosen":"IRONCLAD","items_purchased":["Ghostly Armor","Entrench"],"campfire_rested":0,"item_purchase_floors":[3,21],"current_hp_per_floor":[80,80,80,80,80,80,57,60,60,60,60,60,64,59,59,34,94,92,87,87,87,84,62,62,62,62,48,8,8,0],"gold":105,"neow_bonus":"ONE_RARE_RELIC","is_prod":false,"is_daily":false,"chose_seed":false,"campfire_upgraded":4,"win_rate":0,"timestamp":1558656927,"path_taken":["M","?","$","M","M","R","E","?","T","R","?","R","M","M","R","BOSS","M","M","?","?","M","E","?","R","T","M","E","M","?"],"build_version":"2019-01-23","purchased_purges":0,"victory":false,"max_hp_per_floor":[80,80,80,80,80,80,94,94,94,94,94,94,94,94,94,94,94,94,94,94,94,94,94,94,94,94,94,94,94,94],"card_choices":[{"not_picked":["True Grit","Armaments"],"picked":"Flex","floor":1},{"not_picked":["Hemokinesis","Flex"],"picked":"Seeing Red","floor":4},{"not_picked":["Havoc","Thunderclap"],"picked":"True Grit","floor":5},{"not_picked":["Infernal Blade","True Grit"],"picked":"Ghostly Armor","floor":7},{"not_picked":["Brutality","Pummel"],"picked":"Burning Pact","floor":8},{"not_picked":["Heavy Blade","Havoc"],"picked":"Shrug It Off","floor":13},{"not_picked":["Twin Strike","Armaments"],"picked":"Uppercut","floor":13},{"not_picked":["Combust","Anger"],"picked":"Twin Strike","floor":14},{"not_picked":["Havoc","Rupture","Flex"],"picked":"SKIP","floor":14},{"not_picked":["Offering","Impervious"],"picked":"Juggernaut","floor":16},{"not_picked":["Bloodletting","Havoc"],"picked":"Corruption+1","floor":18},{"not_picked":["Evolve+1","Whirlwind"],"picked":"Sentinel","floor":18},{"not_picked":["Flex","True Grit+1"],"picked":"Shrug It Off","floor":19},{"not_picked":["True Grit+1","Pommel Strike","Sever Soul"],"picked":"SKIP","floor":19},{"not_picked":["Sever Soul","Iron Wave","Rage"],"picked":"SKIP","floor":22},{"not_picked":["Armaments","Clothesline+1","Anger"],"picked":"SKIP","floor":22},{"not_picked":["Rage","Berserk"],"picked":"Rampage","floor":23},{"not_picked":["Flex","Shrug It Off+1"],"picked":"Power Through","floor":27},{"not_picked":["Anger","Seeing Red","Whirlwind"],"picked":"SKIP","floor":27},{"not_picked":["Armaments","Clash+1"],"picked":"Demon Form","floor":28},{"not_picked":["Bloodletting","Clothesline"],"picked":"Sword Boomerang+1","floor":29},{"not_picked":["Headbutt","Cleave","Seeing Red"],"picked":"SKIP","floor":29}],"player_experience":928718,"relics_obtained":[{"floor":7,"key":"Mango"},{"floor":9,"key":"Shovel"},{"floor":12,"key":"Prayer Wheel"},{"floor":23,"key":"PreservedInsect"},{"floor":26,"key":"Centennial Puzzle"},{"floor":28,"key":"Unceasing Top"}],"event_choices":[{"damage_healed":0,"gold_gain":0,"cards_transformed":["Strike_R"],"player_choice":"Transformed","damage_taken":0,"max_hp_gain":0,"max_hp_loss":0,"event_name":"Transmorgrifier","floor":2,"gold_loss":0,"cards_obtained":["Barricade"]},{"damage_healed":0,"gold_gain":100,"player_choice":"Bet on Murderer","damage_taken":0,"max_hp_gain":0,"max_hp_loss":0,"event_name":"The Joust","floor":20,"gold_loss":50},{"damage_healed":0,"gold_gain":0,"player_choice":"Obtained Relic","damage_taken":0,"relics_obtained":["Art of War"],"max_hp_gain":0,"max_hp_loss":0,"event_name":"Addict","floor":24,"gold_loss":85},{"damage_healed":0,"gold_gain":0,"player_choice":"Fought Bandits","damage_taken":0,"max_hp_gain":0,"max_hp_loss":0,"event_name":"Masked Bandits","floor":30,"gold_loss":0}],"is_beta":false,"boss_relics":[{"not_picked":["Runic Dome","Coffee Dripper"],"picked":"Ectoplasm"}],"items_purged_floors":[],"is_endless":false,"potions_floor_spawned":[1,5,13,14,16,19,23,27,28],"killed_by":"Masked Bandits","ascension_level":0}