{"gold_per_floor":[116,127,127,147,147,177,177,191,218,218,230,258,276,289,289,389,389,406,406,418,418,438,438,472,472,498,498,498,61,61,61,61,158,158,174,35,35,35,54,87,99,111,123,135,47,61,61,79,79,79],"floor_reached":51,"playtime":4069,"items_purged":["Defend_G"],"score":678,"play_id":"3b8affb1-22fa-4d69-8a40-6e11c9bf1c7f","local_time":"20181020232647","is_ascension_mode":false,"campfire_choices":[{"data":"Dagger Spray","floor":7.0,"key":"SMITH"},{"data":"Adrenaline","floor":10.0,"key":"SMITH"},{"data":"Dagger Spray","floor":15.0,"key":"SMITH"},{"data":"Predator","floor":23.0,"key":"SMITH"},{"data":"Blade Dance","floor":25.0,"key":"SMITH"},{"data":"Leg Sweep","floor":27.0,"key":"SMITH"},{"data":"Footwork","floor":32.0,"key":"SMITH"},{"data":"Unload","floor":41.0,"key":"SMITH"},{"floor":44.0,"key":"REST"},{"floor":49.0,"key":"REST"}],"neow_cost":"NONE","seed_source_timestamp":327350956294111,"circlet_count":0,"master_deck":["Defend_G","Defend_G","Defend_G","Defend_G","Strike_G","Strike_G","Strike_G","Strike_G","Survivor","Neutralize+1","Dagger Spray+1","Distraction","Dagger Throw","Blade Dance+1","Adrenaline+1","Well Laid Plans","Flying Knee","Deflect","Dagger Spray+1","Adrenaline","Leg Sweep+1","Dodge and Roll","Predator+1","Backstab","Slice","Swift Strike","Footwork+1","Unload+1","Madness","Madness","Backflip+1","Thinking Ahead","Prepared+1"],"special_seed":0,"relics":["Ring of the Snake","Pen Nib","Oddly Smooth Stone","Strawberry","Happy Flower","WristBlade","Pocketwatch","Boot","Potion Belt","PreservedInsect","MawBank","Omamori"],"potions_floor_usage":[50,50,50,50,50],"damage_taken":[{"damage":0.0,"enemies":"Small Slimes","floor":1.0,"turns":4.0},{"damage":0.0,"enemies":"2 Louse","floor":2.0,"turns":2.0},{"damage":0.0,"enemies":"Cultist","floor":4.0,"turns":3.0},{"damage":25.0,"enemies":"3 Sentries","floor":6.0,"turns":8.0},{"damage":0.0,"enemies":"2 Fungi Beasts","floor":8.0,"turns":3.0},{"damage":0.0,"enemies":"Looter","floor":11.0,"turns":2.0},{"damage":20.0,"enemies":"Lagavulin","floor":12.0,"turns":4.0},{"damage":0.0,"enemies":"Lots of Slimes","floor":13.0,"turns":1.0},{"damage":0.0,"enemies":"2 Fungi Beasts","floor":14.0,"turns":3.0},{"damage":20.0,"enemies":"Hexaghost","floor":16.0,"turns":10.0},{"damage":0.0,"enemies":"Spheric Guardian","floor":18.0,"turns":1.0},{"damage":0.0,"enemies":"3 Byrds","floor":20.0,"turns":3.0},{"damage":12.0,"enemies":"Snake Plant","floor":22.0,"turns":4.0},{"damage":0.0,"enemies":"Slavers","floor":24.0,"turns":4.0},{"damage":28.0,"enemies":"Champ","floor":33.0,"turns":11.0},{"damage":5.0,"enemies":"3 Darklings","floor":35.0,"turns":4.0},{"damage":8.0,"enemies":"Orb Walker","floor":39.0,"turns":3.0},{"damage":10.0,"enemies":"Giant Head","floor":40.0,"turns":7.0},{"damage":19.0,"enemies":"Transient","floor":46.0,"turns":5.0},{"damage":5.0,"enemies":"4 Shapes","floor":48.0,"turns":2.0},{"damage":38,"enemies":"Donu and Deca","floor":50,"turns":9}],"seed_played":"-1453185706180786602","potions_obtained":[{"floor":6.0,"key":"Explosive Potion"},{"floor":8.0,"key":"EntropicBrew"},{"floor":11.0,"key":"Regen Potion"},{"floor":12.0,"key":"Weak Potion"},{"floor":14.0,"key":"GamblersBrew"},{"floor":16.0,"key":"SmokeBomb"},{"floor":18.0,"key":"Fire Potion"},{"floor":20.0,"key":"PowerPotion"},{"floor":21.0,"key":"SkillPotion"},{"floor":24.0,"key":"SpeedPotion"},{"floor":35.0,"key":"Strength Potion"},{"floor":39.0,"key":"Swift Potion"},{"floor":48.0,"key":"LiquidBronze"}],"is_trial":false,"path_per_floor":["M","M","?","M","?","E","R","M","T","R","M","E","M","M","R","B",null,"M","?","M","?","M","R","E","R","T","R","?","$","?","$","R","B",null,"M","?","?","$","M","E","R","$","T","R","$","M","?","M","R","B"],"character_chosen":"THE_SILENT","items_purchased":["Slice","Swift Strike","Footwork","Potion Belt","FearPotion","AttackPotion"],"campfire_rested":2,"item_purchase_floors":[29,29,29,29,45,45],"current_hp_per_floor":[70,70,63,63,63,38,38,38,45,45,45,37,37,37,37,17,77,77,77,77,77,65,65,65,65,65,65,49,49,49,49,49,21,77,72,72,62,62,54,44,44,44,44,67,67,48,48,43,66,28],"gold":79,"neow_bonus":"UPGRADE_CARD","is_prod":false,"is_daily":false,"chose_seed":false,"campfire_upgraded":8,"win_rate":0,"timestamp":1540092407,"path_taken":["M","M","?","M","?","E","R","M","T","R","?","E","M","M","R","BOSS","M","?","M","?","M","R","E","R","T","R","?","$","?","$","R","BOSS","M","?","?","$","M","E","R","$","T","R","$","M","?","M","R","BOSS"],"build_version":"2018-10-18","purchased_purges":1,"victory":true,"max_hp_per_floor":[70,70,70,70,70,70,70,70,77,77,77,77,77,77,77,77,77,77,77,77,77,77,77,77,77,77,77,77,77,77,77,77,77,77,77,77,77,77,77,77,77,77,77,77,77,77,77,77,77,77],"card_choices":[{"not_picked":["Sucker Punch","Crippling Poison"],"picked":"Dagger Spray","floor":1.0},{"not_picked":["Acrobatics","Riddle With Holes"],"picked":"Distraction","floor":2.0},{"not_picked":["Backflip","Dodge and Roll"],"picked":"Dagger Throw","floor":4.0},{"not_picked":["PiercingWail","Masterful Stab"],"picked":"Blade Dance","floor":6.0},{"not_picked":["Deadly Poison","Acrobatics"],"picked":"Adrenaline","floor":8.0},{"not_picked":["Underhanded Strike","Distraction"],"picked":"Well Laid Plans","floor":11.0},{"not_picked":["Underhanded Strike","Outmaneuver"],"picked":"Flying Knee","floor":12.0},{"not_picked":["Riddle With Holes","Flechettes"],"picked":"Deflect","floor":13.0},{"not_picked":["Deadly Poison","PiercingWail"],"picked":"Dagger Spray","floor":14.0},{"not_picked":["After Image","Doppelganger"],"picked":"Adrenaline","floor":16.0},{"not_picked":["Deadly Poison+1","Escape Plan"],"picked":"Leg Sweep","floor":18.0},{"not_picked":["Backflip","Outmaneuver"],"picked":"Dodge and Roll","floor":20.0},{"not_picked":["Caltrops","Poisoned Stab+1"],"picked":"Predator","floor":22.0},{"not_picked":["Finisher","Sucker Punch"],"picked":"Backstab","floor":24.0},{"not_picked":["Burst","Envenom"],"picked":"Unload","floor":33.0},{"not_picked":["Underhanded Strike","Flying Knee","Leg Sweep+1"],"picked":"SKIP","floor":35.0},{"not_picked":["PiercingWail","Poisoned Stab"],"picked":"Backflip+1","floor":39.0},{"not_picked":["Outmaneuver+1","Bullet Time","Flying Knee+1"],"picked":"SKIP","floor":40.0},{"not_picked":["Expertise","Underhanded Strike+1","Dagger Throw+1"],"picked":"SKIP","floor":46.0},{"not_picked":["Magnetism","HandOfGreed"],"picked":"Thinking Ahead","floor":47.0},{"not_picked":["Dagger Throw+1","Quick Slash+1"],"picked":"Prepared+1","floor":48.0}],"player_experience":529003,"relics_obtained":[{"floor":6.0,"key":"Oddly Smooth Stone"},{"floor":9.0,"key":"Strawberry"},{"floor":12.0,"key":"Happy Flower"},{"floor":24.0,"key":"Pocketwatch"},{"floor":26.0,"key":"Boot"},{"floor":40.0,"key":"MawBank"},{"floor":43.0,"key":"Omamori"}],"event_choices":[{"damage_healed":0.0,"max_hp_gain":0.0,"max_hp_loss":0.0,"gold_gain":0.0,"event_name":"Scrap Ooze","player_choice":"Success","floor":3.0,"gold_loss":0.0,"damage_taken":7.0,"relics_obtained":["Pen Nib"]},{"cards_removed":["Strike_G"],"damage_healed":0.0,"max_hp_gain":0.0,"max_hp_loss":0.0,"gold_gain":0.0,"event_name":"Living Wall","player_choice":"Forget","floor":5.0,"gold_loss":0.0,"damage_taken":0.0},{"damage_healed":0.0,"max_hp_gain":0.0,"max_hp_loss":0.0,"gold_gain":0.0,"event_name":"Vampires","player_choice":"Ignored","floor":19.0,"gold_loss":0.0,"damage_taken":0.0},{"damage_healed":0.0,"max_hp_gain":0.0,"max_hp_loss":0.0,"gold_gain":0.0,"event_name":"The Lab","player_choice":"Got Potions","floor":21.0,"gold_loss":0.0,"damage_taken":0.0},{"damage_healed":0.0,"max_hp_gain":0.0,"max_hp_loss":0.0,"gold_gain":0.0,"event_name":"Cursed Tome","player_choice":"Obtained Book","floor":28.0,"gold_loss":0.0,"damage_taken":16.0},{"damage_healed":0.0,"max_hp_gain":0.0,"max_hp_loss":0.0,"gold_gain":0.0,"event_name":"Ghosts","player_choice":"Ignored","floor":30.0,"gold_loss":0.0,"damage_taken":0.0},{"damage_healed":0.0,"max_hp_gain":0.0,"max_hp_loss":0.0,"gold_gain":0.0,"event_name":"WeMeetAgain","player_choice":"Paid Gold","floor":36.0,"gold_loss":139.0,"damage_taken":0.0,"relics_obtained":["PreservedInsect"]},{"damage_healed":0.0,"max_hp_gain":0.0,"max_hp_loss":0.0,"gold_gain":0.0,"event_name":"Winding Halls","player_choice":"Embrace Madness","floor":37.0,"gold_loss":0.0,"damage_taken":10.0,"cards_obtained":["Madness","Madness"]},{"damage_healed":0.0,"max_hp_gain":0.0,"max_hp_loss":0.0,"gold_gain":0.0,"event_name":"SensoryStone","player_choice":"Memory 1","floor":47.0,"gold_loss":0.0,"damage_taken":0.0}],"is_beta":false,"boss_relics":[{"not_picked":["Calling Bell","Runic Dome"],"picked":"WristBlade"},{"not_picked":["Coffee Dripper","Snecko Eye","Velvet Choker"]}],"items_purged_floors":[29],"is_endless":false,"potions_floor_spawned":[6,8,11,12,14,16,18,20,24,35,39,48],"ascension_level":0}