{"gold_per_floor":[113,125,138,213,230,230,256,275,275,290,69,96,46,63,63,166,166,184,109,9,27,47,47,74,74],"floor_reached":25,"playtime":3580,"items_purged":["Dual Wield","Barricade"],"score":235,"play_id":"1025a54b-8371-4d2e-ab2b-4741396c7991","local_time":"20191003014804","is_ascension_mode":false,"campfire_choices":[{"data":"Ghostly Armor","floor":6,"key":"SMITH"},{"floor":15,"key":"REST"},{"data":"Body Slam","floor":23,"key":"SMITH"}],"neow_cost":"","seed_source_timestamp":1772894804268300,"circlet_count":0,"master_deck":["Strike_R","Strike_R","Defend_R","Defend_R","Defend_R","Defend_R","Ghostly Armor+1","Flame Barrier","Pommel Strike","Bloodletting","Body Slam+1","Fire Breathing","Feed","Fiend Fire","Flex","Seeing Red+1","Barricade+1","Shrug It Off+1","True Grit","Shrug It Off","Cleave","Berserk"],"relics":["Burning Blood","Red Skull","Matryoshka","Happy Flower","Astrolabe","Unceasing Top"],"potions_floor_usage":[2,16,19,19,21,24,24],"damage_taken":[{"damage":10,"enemies":"Jaw Worm","floor":1,"turns":5},{"damage":1,"enemies":"Cultist","floor":2,"turns":4},{"damage":0,"enemies":"Small Slimes","floor":3,"turns":4},{"damage":0,"enemies":"3 Louse","floor":5,"turns":7},{"damage":52,"enemies":"3 Sentries","floor":7,"turns":17},{"damage":2,"enemies":"Blue Slaver","floor":8,"turns":3},{"damage":3,"enemies":"Exordium Thugs","floor":10,"turns":4},{"damage":33,"enemies":"Gremlin Nob","floor":12,"turns":5},{"damage":3,"enemies":"Red Slaver","floor":14,"turns":3},{"damage":28,"enemies":"The Guardian","floor":16,"turns":14},{"damage":5,"enemies":"Shell Parasite","floor":18,"turns":11},{"damage":27,"enemies":"2 Thieves","floor":19,"turns":5},{"damage":26,"enemies":"Centurion and Healer","floor":21,"turns":15},{"damage":27,"enemies":"Chosen and Byrds","floor":22,"turns":9},{"damage":29,"enemies":"Book of Stabbing","floor":24,"turns":8},{"damage":11,"enemies":"Shelled Parasite and Fungi","floor":25,"turns":1}],"seed_played":"-4595737581291049831","potions_obtained":[{"floor":1,"key":"Fruit Juice"},{"floor":3,"key":"SkillPotion"},{"floor":8,"key":"Explosive Potion"},{"floor":10,"key":"FearPotion"},{"floor":16,"key":"SpeedPotion"},{"floor":21,"key":"AttackPotion"},{"floor":22,"key":"EssenceOfSteel"}],"is_trial":false,"path_per_floor":["M","M","M","?","M","R","E","M","T","M","$","E","?","M","R","B",null,"M","M","$","M","M","R","E","M"],"character_chosen":"IRONCLAD","items_purchased":["Fire Breathing","Feed"],"campfire_rested":1,"item_purchase_floors":[11,11],"current_hp_per_floor":[76,85,85,77,83,83,37,41,41,44,44,20,20,23,49,27,88,91,70,70,50,32,32,9,0],"gold":74,"neow_bonus":"","is_prod":false,"is_daily":false,"chose_seed":false,"campfire_upgraded":2,"win_rate":0.0,"timestamp":1570081684,"path_taken":["M","M","M","?","M","R","E","M","T","?","$","E","?","M","R","BOSS","M","M","$","M","M","R","E","M"],"build_version":"2019-07-17","purchased_purges":2,"victory":false,"max_hp_per_floor":[80,85,85,85,85,85,85,85,85,85,85,88,88,88,88,88,88,91,91,91,91,94,94,94,94],"card_choices":[{"not_picked":["Searing Blow","Flex"],"picked":"Ghostly Armor","floor":1},{"not_picked":["Disarm","Shrug It Off"],"picked":"Flame Barrier","floor":2},{"not_picked":["Pommel Strike","Iron Wave"],"picked":"Dual Wield","floor":3},{"not_picked":["Power Through","Offering","Warcry"],"picked":"SKIP","floor":5},{"not_picked":["Rage","Headbutt"],"picked":"Pommel Strike","floor":7},{"not_picked":["Uppercut","Armaments"],"picked":"Bloodletting","floor":8},{"not_picked":["Thunderclap","Perfected Strike"],"picked":"Body Slam","floor":10},{"not_picked":["Rampage","Offering"],"picked":"Fiend Fire","floor":12},{"not_picked":["Anger","Twin Strike"],"picked":"Flex","floor":14},{"not_picked":["Dark Embrace","Fiend Fire"],"picked":"Barricade","floor":16},{"not_picked":["Clothesline","Dual Wield","Second Wind"],"picked":"SKIP","floor":18},{"not_picked":["Dropkick","Shockwave"],"picked":"True Grit","floor":19},{"not_picked":["Intimidate","Thunderclap"],"picked":"Shrug It Off","floor":21},{"not_picked":["Warcry+1","Sword Boomerang"],"picked":"Cleave","floor":22},{"not_picked":["True Grit","Twin Strike+1"],"picked":"Berserk","floor":24}],"player_experience":0,"relics_obtained":[{"floor":7,"key":"Red Skull"},{"floor":9,"key":"Matryoshka"},{"floor":12,"key":"Happy Flower"},{"floor":24,"key":"Unceasing Top"}],"event_choices":[{"damage_healed":0,"gold_gain":75,"player_choice":"Touch","damage_taken":8,"max_hp_gain":0,"max_hp_loss":0,"event_name":"FaceTrader","floor":4,"gold_loss":0},{"cards_removed":["Bash"],"damage_healed":0,"gold_gain":0,"player_choice":"Card Removal","damage_taken":0,"max_hp_gain":0,"max_hp_loss":0,"event_name":"The Cleric","floor":13,"gold_loss":50}],"is_beta":false,"boss_relics":[{"not_picked":["White Beast Statue","Mark of Pain"],"picked":"Astrolabe"}],"items_purged_floors":[11,20],"is_endless":false,"potions_floor_spawned":[1,3,8,10,16,21,22],"killed_by":"Shelled Parasite and Fungi","ascension_level":0}