{"gold_per_floor":[119,119,137,157,82,110,110,140,140,171,171,187,187,187,187,264,264,280,280,111,122,140,174,191,191,216,243,243,243,272,288,288,361,361,376,386,396,376,396,396,429,443,470,501,188,188,188,188,188,188],"floor_reached":51,"playtime":4369,"items_purged":["Strike_B","Defend_B"],"score":1370,"play_id":"2f12478d-a8f2-4f2d-9639-67f1bb032fc8","local_time":"20190715192034","is_ascension_mode":true,"campfire_choices":[{"floor":7.0,"key":"REST"},{"data":"Seek","floor":11.0,"key":"SMITH"},{"data":"Lockon","floor":13.0,"key":"SMITH"},{"floor":15.0,"key":"REST"},{"floor":25,"key":"REST"},{"floor":29,"key":"REST"},{"data":"Biased Cognition","floor":32,"key":"SMITH"},{"floor":40,"key":"REST"},{"floor":47,"key":"REST"},{"floor":49,"key":"REST"}],"neow_cost":"NONE","seed_source_timestamp":378391277399069,"circlet_count":0,"master_deck":["AscendersBane","Strike_B+1","Defend_B","Defend_B","Defend_B","Zap","Dualcast","Go for the Eyes","Capacitor","Lockon+1","Electrodynamics","Seek+1","Glacier","Biased Cognition+1","Undo","Sweeping Beam+1","Defragment","Loop","Coolheaded","Capacitor","Defragment","Seek","Turbo+1","Echo Form","Glacier","Consume+1","Sunder+1","Compile Driver","Glacier","Dark Shackles"],"special_seed":0,"relics":["Cracked Core","DataDisk","Singing Bowl","Anchor","Orichalcum","Orrery","Emotion Chip","Bag of Preparation","Whetstone","Blood Vial","Nuclear Battery","Shuriken","Art of War","Omamori","Meat on the Bone"],"potions_floor_usage":[],"damage_taken":[{"damage":2.0,"enemies":"Jaw Worm","floor":1.0,"turns":3.0},{"damage":0.0,"enemies":"2 Louse","floor":3.0,"turns":1.0},{"damage":1.0,"enemies":"Small Slimes","floor":4.0,"turns":3.0},{"damage":30.0,"enemies":"Gremlin Nob","floor":6.0,"turns":4.0},{"damage":15.0,"enemies":"3 Sentries","floor":8.0,"turns":4.0},{"damage":20.0,"enemies":"Lagavulin","floor":10.0,"turns":5.0},{"damage":0.0,"enemies":"2 Fungi Beasts","floor":12.0,"turns":3.0},{"damage":5.0,"enemies":"Slime Boss","floor":16.0,"turns":6.0},{"damage":0.0,"enemies":"Chosen","floor":18.0,"turns":7.0},{"damage":0,"enemies":"Spheric Guardian","floor":21,"turns":6},{"damage":11,"enemies":"Centurion and Healer","floor":22,"turns":6},{"damage":24,"enemies":"Gremlin Leader","floor":23,"turns":5},{"damage":12,"enemies":"3 Cultists","floor":24,"turns":3},{"damage":11,"enemies":"Slavers","floor":27,"turns":4},{"damage":3,"enemies":"Book of Stabbing","floor":30,"turns":6},{"damage":0,"enemies":"Chosen and Byrds","floor":31,"turns":3},{"damage":28,"enemies":"Champ","floor":33,"turns":10},{"damage":0,"enemies":"Orb Walker","floor":35,"turns":6},{"damage":7,"enemies":"3 Shapes","floor":36,"turns":2},{"damage":23,"enemies":"Writhing Mass","floor":37,"turns":8},{"damage":4,"enemies":"Transient","floor":39,"turns":5},{"damage":35,"enemies":"Nemesis","floor":41,"turns":9},{"damage":13,"enemies":"Spire Growth","floor":42,"turns":8},{"damage":26,"enemies":"Reptomancer","floor":44,"turns":6},{"damage":0,"enemies":"Time Eater","floor":50,"turns":15}],"seed_played":"-3052178726325327142","potions_obtained":[{"floor":1.0,"key":"AttackPotion"},{"floor":8.0,"key":"FearPotion"},{"floor":10.0,"key":"SpeedPotion"},{"floor":30,"key":"Swift Potion"},{"floor":42,"key":"Swift Potion"}],"is_trial":false,"path_per_floor":["M","?","M","M","?","E","R","E","T","E","R","M","R","?","R","B",null,"M","?","$","M","M","E","M","R","T","E","?","R","E","M","R","B",null,"M","M","M","?","M","R","E","M","T","E","$","$","R","T","R","B",null],"character_chosen":"DEFECT","items_purchased":["Loop","Coolheaded","Ancient Potion","PowerPotion","Dark Shackles"],"campfire_rested":7,"item_purchase_floors":[20,20,45,45,45],"current_hp_per_floor":[62,62,62,61,61,31,52,37,37,19,19,19,19,12,33,28,68,68,68,68,68,57,33,21,44,44,35,35,59,58,62,62,36,73,77,72,53,53,51,77,44,33,33,9,9,9,35,35,61,63],"gold":188,"neow_bonus":"RANDOM_COMMON_RELIC","is_prod":false,"is_daily":false,"chose_seed":false,"campfire_upgraded":3,"win_rate":0,"timestamp":1563211234,"path_taken":["M","?","M","M","?","E","R","E","T","E","R","M","R","?","R","BOSS","M","?","$","M","M","E","M","R","T","E","?","R","E","M","R","BOSS","M","M","M","?","M","R","E","M","T","E","?","$","R","?","R","BOSS"],"build_version":"2019-07-05","purchased_purges":2,"victory":true,"max_hp_per_floor":[71,71,71,71,71,71,71,71,71,73,73,73,73,73,73,73,79,79,79,79,79,79,79,79,79,79,81,81,81,83,85,85,85,85,87,87,89,89,89,89,89,89,89,89,89,89,89,89,89,89],"card_choices":[{"not_picked":["Self Repair","Barrage"],"picked":"Go for the Eyes","floor":1.0},{"not_picked":["Blizzard","Streamline"],"picked":"Capacitor","floor":3.0},{"not_picked":["Leap","Consume"],"picked":"Lockon","floor":4.0},{"not_picked":["Double Energy","Conserve Battery"],"picked":"Electrodynamics","floor":6.0},{"not_picked":["Hyperbeam","Cold Snap"],"picked":"Seek","floor":8.0},{"not_picked":["Barrage","Gash","Amplify"],"picked":"Singing Bowl","floor":10.0},{"not_picked":["Barrage","Genetic Algorithm"],"picked":"Glacier","floor":12.0},{"not_picked":["Rainbow","Hyperbeam"],"picked":"Biased Cognition","floor":16.0},{"not_picked":["Sweeping Beam","Gash"],"picked":"Undo","floor":17.0},{"not_picked":["Streamline","White Noise","Turbo"],"picked":"Singing Bowl","floor":17.0},{"not_picked":["Steam Power","BootSequence"],"picked":"Sweeping Beam","floor":17.0},{"not_picked":["Stack","Tempest","Rip and Tear"],"picked":"Singing Bowl","floor":17.0},{"not_picked":["Sweeping Beam","Auto Shields","Redo"],"picked":"Singing Bowl","floor":17.0},{"not_picked":["Lockon+1","Storm"],"picked":"Defragment","floor":18.0},{"not_picked":["Steam Power","Barrage"],"picked":"Capacitor","floor":21},{"not_picked":["Beam Cell","Consume"],"picked":"Defragment","floor":22},{"not_picked":["Stack+1","Go for the Eyes"],"picked":"Seek","floor":23},{"not_picked":["Beam Cell","Hologram"],"picked":"Turbo+1","floor":24},{"not_picked":["Gash","Rebound","Undo"],"picked":"Singing Bowl","floor":27},{"not_picked":["Leap","Tempest","Streamline"],"picked":"Singing Bowl","floor":30},{"not_picked":["Hello World","Recycle","Rip and Tear"],"picked":"Singing Bowl","floor":31},{"not_picked":["All For One","Buffer"],"picked":"Echo Form","floor":33},{"not_picked":["Tempest+1","Sweeping Beam+1","Stack"],"picked":"Singing Bowl","floor":35},{"not_picked":["Scrape","Reprogram"],"picked":"Glacier","floor":36},{"not_picked":["Conserve Battery","Turbo","Go for the Eyes"],"picked":"Singing Bowl","floor":37},{"not_picked":["FTL","Loop"],"picked":"Consume+1","floor":39},{"not_picked":["Heatsinks+1","Tempest"],"picked":"Sunder+1","floor":41},{"not_picked":["Turbo","Streamline"],"picked":"Compile Driver","floor":42},{"not_picked":["Genetic Algorithm","Doom and Gloom"],"picked":"Glacier","floor":44}],"player_experience":643780,"relics_obtained":[{"floor":6.0,"key":"Singing Bowl"},{"floor":8.0,"key":"Anchor"},{"floor":10.0,"key":"Orichalcum"},{"floor":23,"key":"Emotion Chip"},{"floor":26,"key":"Bag of Preparation"},{"floor":27,"key":"Whetstone"},{"floor":30,"key":"Blood Vial"},{"floor":41,"key":"Shuriken"},{"floor":43,"key":"Art of War"},{"floor":44,"key":"Omamori"},{"floor":48,"key":"Meat on the Bone"}],"event_choices":[{"damage_healed":0.0,"max_hp_gain":0.0,"max_hp_loss":0.0,"gold_gain":0.0,"event_name":"Liars Game","player_choice":"Ignored","floor":2.0,"gold_loss":0.0,"damage_taken":0.0},{"cards_removed":["Strike_B"],"damage_healed":0.0,"max_hp_gain":0.0,"max_hp_loss":0.0,"gold_gain":0.0,"event_name":"The Cleric","player_choice":"Card Removal","floor":5.0,"gold_loss":75.0,"damage_taken":0.0},{"cards_removed":["Strike_B"],"damage_healed":0.0,"max_hp_gain":0.0,"max_hp_loss":0.0,"gold_gain":0.0,"event_name":"Golden Wing","player_choice":"Card Removal","floor":14.0,"gold_loss":0.0,"damage_taken":7.0},{"damage_healed":0.0,"max_hp_gain":0.0,"max_hp_loss":0.0,"gold_gain":0.0,"event_name":"Ghosts","player_choice":"Ignored","floor":19.0,"gold_loss":0.0,"damage_taken":0.0},{"damage_healed":0,"gold_gain":0,"player_choice":"Ignored","damage_taken":0,"max_hp_gain":0,"max_hp_loss":0,"event_name":"Vampires","floor":28,"gold_loss":0},{"damage_healed":0,"gold_gain":0,"player_choice":"Bought 1 Potion","damage_taken":0,"max_hp_gain":0,"max_hp_loss":0,"event_name":"The Woman in Blue","floor":38,"gold_loss":0}],"is_beta":false,"boss_relics":[{"not_picked":["Busted Crown","Runic Pyramid"],"picked":"Orrery"},{"not_picked":["Empty Cage","Lizard Tail"],"picked":"Nuclear Battery"}],"items_purged_floors":[20,45],"is_endless":false,"potions_floor_spawned":[1,8,10,12,16,21,30,31,41,42],"ascension_level":15}