{"gold_per_floor":[118,118,118,134,134,134,165,182,182,198,198,168,196,260,260,359,359,374,374,473,490,35,35,67,67,117,134,147,147,177,196,196,294,294,310,310,356,115,115,115,133,153,153,153,3,33,49,98,98,98],"floor_reached":51,"playtime":5203,"items_purged":["Normality"],"score":721,"play_id":"f13d5800-fbff-444b-b600-ffe745d1a5c9","local_time":"20180716225922","is_ascension_mode":false,"campfire_choices":[{"data":"Hello World","floor":6,"key":"SMITH"},{"data":"Hologram","floor":11,"key":"SMITH"},{"floor":15,"key":"REST"},{"data":"Rip and Tear","floor":23,"key":"SMITH"},{"data":"Doom and Gloom","floor":25,"key":"SMITH"},{"data":"Buffer","floor":29,"key":"SMITH"},{"floor":32,"key":"REST"},{"data":"Magnetism","floor":40,"key":"SMITH"},{"data":"Barrage","floor":44,"key":"SMITH"},{"floor":49,"key":"REST"}],"neow_cost":"NONE","seed_source_timestamp":1823794302691856,"circlet_count":0,"master_deck":["Strike_B+1","Strike_B+1","Strike_B+1","Strike_B+1","Defend_B","Defend_B","Defend_B","Zap","Dualcast","BootSequence","Hello World+1","Glacier","Barrage+1","Hologram+1","White Noise","Beam Cell","Echo Form","Amplify","Skim","Rip and Tear+1","Doom and Gloom+1","Hologram+1","Stack","Buffer+1","Streamline+1","Barrage+1","Storm","Tempest","Echo Form","Magnetism+1","Stack","Dramatic Entrance","Static Discharge+1","Double Energy","Turbo+1","Sweeping Beam+1","Auto Shields+1"],"relics":["Runic Dome","Gremlin Horn","Potion Belt","Dodecahedron","Whetstone","Bird Faced Urn","Sozu","Prayer Wheel","Lantern","Vajra","Mango","Lizard Tail","Ice Cream","Turnip","Anchor","Question Card","Blood Vial"],"potions_floor_usage":[13,14,16],"damage_taken":[{"damage":3,"enemies":"Jaw Worm","floor":1,"turns":4},{"damage":0,"enemies":"2 Louse","floor":4,"turns":2},{"damage":13,"enemies":"Lagavulin","floor":7,"turns":8},{"damage":0,"enemies":"Small Slimes","floor":8,"turns":3},{"damage":3,"enemies":"Red Slaver","floor":10,"turns":6},{"damage":0,"enemies":"Looter","floor":12,"turns":4},{"damage":20,"enemies":"Gremlin Nob","floor":13,"turns":4},{"damage":0,"enemies":"3 Sentries","floor":14,"turns":5},{"damage":20,"enemies":"Hexaghost","floor":16,"turns":6},{"damage":29,"enemies":"Spheric Guardian","floor":18,"turns":6},{"damage":3,"enemies":"Chosen","floor":21,"turns":6},{"damage":11,"enemies":"Book of Stabbing","floor":24,"turns":7},{"damage":18,"enemies":"3 Cultists","floor":27,"turns":3},{"damage":0,"enemies":"Snecko","floor":28,"turns":3},{"damage":12,"enemies":"Slavers","floor":30,"turns":4},{"damage":14,"enemies":"Snake Plant","floor":31,"turns":3},{"damage":30,"enemies":"Champ","floor":33,"turns":10},{"damage":0,"enemies":"3 Shapes","floor":35,"turns":4},{"damage":24,"floor":37,"turns":4},{"damage":4,"enemies":"Orb Walker","floor":41,"turns":4},{"damage":15,"enemies":"Transient","floor":42,"turns":5},{"damage":27,"enemies":"Giant Head","floor":46,"turns":6},{"damage":0,"enemies":"Flame Bruiser 2 Orb","floor":47,"turns":4},{"damage":28,"enemies":"Donu and Deca","floor":50,"turns":7}],"seed_played":"-2968628765013109558","potions_obtained":[{"floor":7,"key":"Weak Potion"},{"floor":8,"key":"Weak Potion"},{"floor":10,"key":"LiquidBronze"},{"floor":13,"key":"Dexterity Potion"}],"is_trial":false,"path_per_floor":["M","?","?","M","?","R","E","M","T","M","R","M","E","?","R","B",null,"M","?","?","M","$","R","E","R","T","M","M","R","E","M","R","B",null,"M","?","?","$","?","R","M","M","T","R","$","E","M","T","R","B"],"character_chosen":"DEFECT","items_purchased":["Prayer Wheel","Rip and Tear","Magnetism","Stack","Anchor"],"campfire_rested":3,"item_purchase_floors":[22,22,38,38,45],"current_hp_per_floor":[72,65,65,65,50,50,37,37,37,34,34,34,14,14,36,24,75,48,48,48,51,51,51,62,62,62,50,54,54,60,52,78,56,89,89,89,67,67,67,67,75,68,68,68,68,61,77,77,89,69],"gold":98,"neow_bonus":"BOSS_RELIC","is_prod":false,"is_daily":false,"chose_seed":false,"campfire_upgraded":7,"win_rate":0,"timestamp":1531796362,"path_taken":["M","?","?","M","?","R","E","?","T","M","R","M","E","?","R","BOSS","M","?","?","M","$","R","E","R","T","?","M","R","E","M","R","BOSS","M","?","?","$","?","R","?","?","T","R","?","E","M","?","R","BOSS"],"build_version":"2018-07-12","purchased_purges":1,"victory":true,"max_hp_per_floor":[75,75,75,75,75,75,75,75,75,75,75,75,75,75,75,75,75,75,75,75,75,75,75,75,75,75,75,75,75,89,89,89,89,89,89,89,89,89,89,89,89,89,89,89,89,89,89,89,89,89],"card_choices":[{"not_picked":["Beam Cell","Steam"],"picked":"BootSequence","floor":1},{"not_picked":["Conserve Battery","Redo"],"picked":"Hello World","floor":4},{"not_picked":["Go for the Eyes","Streamline"],"picked":"Glacier","floor":7},{"not_picked":["Beam Cell","Go for the Eyes"],"picked":"Barrage","floor":8},{"not_picked":["Genetic Algorithm","Consume"],"picked":"Hologram","floor":10},{"not_picked":["Conserve Battery","Steam"],"picked":"White Noise","floor":12},{"not_picked":["Sweeping Beam","Gash"],"picked":"Beam Cell","floor":13},{"not_picked":["BootSequence","Sweeping Beam"],"picked":"Echo Form","floor":14},{"not_picked":["Thunder Strike","Biased Cognition"],"picked":"Amplify","floor":16},{"not_picked":["Leap","Fusion+1"],"picked":"Skim","floor":18},{"not_picked":["Stack","Redo","Glacier"],"picked":"SKIP","floor":21},{"not_picked":["Beam Cell","FTL"],"picked":"Doom and Gloom","floor":24},{"not_picked":["Rebound","Compile Driver"],"picked":"Hologram+1","floor":27},{"not_picked":["Auto Shields","Defragment"],"picked":"Stack","floor":27},{"not_picked":["Doom and Gloom","Undo"],"picked":"Buffer","floor":28},{"not_picked":["Beam Cell+1","Compile Driver","Lockon"],"picked":"SKIP","floor":28},{"not_picked":["Steam+1","Chill"],"picked":"Streamline+1","floor":30},{"not_picked":["Coolheaded+1","Heatsinks"],"picked":"Barrage","floor":31},{"not_picked":["Steam","Rebound","Consume"],"picked":"SKIP","floor":31},{"not_picked":["Coolheaded","Compile Driver"],"picked":"Storm","floor":35},{"not_picked":["Scrape","Skim+1"],"picked":"Tempest","floor":35},{"not_picked":["Chaos+1","Compile Driver","Gash"],"picked":"SKIP","floor":41},{"not_picked":["Leap","Coolheaded+1","Turbo"],"picked":"SKIP","floor":41},{"not_picked":["Conserve Battery","Rebound"],"picked":"Static Discharge+1","floor":42},{"not_picked":["Ball Lightning","Steam Power+1"],"picked":"Double Energy","floor":42},{"not_picked":["Rip and Tear+1","Stack"],"picked":"Turbo+1","floor":46},{"not_picked":["Creative AI","Redo+1","Streamline+1"],"picked":"Sweeping Beam+1","floor":47},{"not_picked":["Conserve Battery+1","Redo","Beam Cell+1"],"picked":"Auto Shields+1","floor":47}],"player_experience":146744,"relics_obtained":[{"floor":7,"key":"Potion Belt"},{"floor":9,"key":"Dodecahedron"},{"floor":13,"key":"Whetstone"},{"floor":14,"key":"Bird Faced Urn"},{"floor":24,"key":"Lantern"},{"floor":26,"key":"Vajra"},{"floor":30,"key":"Mango"},{"floor":37,"key":"Ice Cream"},{"floor":43,"key":"Turnip"},{"floor":46,"key":"Question Card"},{"floor":48,"key":"Blood Vial"}],"event_choices":[{"event_name":"Golden Wing","player_choice":"Card Removal","floor":2,"damage_taken":0},{"event_name":"Accursed Blacksmith","player_choice":"Rummage","floor":3,"damage_taken":0},{"event_name":"Shining Light","player_choice":"Entered Light","floor":5,"damage_taken":0},{"event_name":"Dead Adventurer","player_choice":"Searched \u00272\u0027 times","floor":14,"damage_taken":0},{"event_name":"Upgrade Shrine","player_choice":"Upgraded","floor":19,"damage_taken":0},{"event_name":"Nest","player_choice":"Stole From Cult","floor":20,"damage_taken":0},{"event_name":"Duplicator","player_choice":"One dupe","floor":36,"damage_taken":0},{"event_name":"Mysterious Sphere","player_choice":"Fight","floor":37,"damage_taken":0},{"event_name":"Match and Keep!","player_choice":"1 cards matched","floor":39,"damage_taken":0}],"boss_relics":[{"not_picked":["Inserter","Eternal Feather"],"picked":"Sozu"},{"not_picked":["Velvet Choker","Busted Crown"],"picked":"Lizard Tail"}],"items_purged_floors":[22],"is_endless":false,"potions_floor_spawned":[7,8,10,13,18,27,30,37,41,42],"ascension_level":0}