{"gold_per_floor":[111,111,111,129,146,146,158,184,184,218,231,248,248,263,263,335,335,355,373,373,383,400,400,434,434,511,546,301,301,321,339,339,410,410,430,430,430,448,155,155,171,171,197,212,243,243,255,282,294,306],"floor_reached":51,"playtime":3492,"items_purged":["Strike_G","Strike_G"],"score":1347,"play_id":"d2229665-9617-4c65-8151-f818b2ffaaa0","local_time":"20190604225059","is_ascension_mode":true,"campfire_choices":[{"data":"Neutralize","floor":6,"key":"SMITH"},{"floor":13,"key":"REST"},{"floor":15,"key":"REST"},{"floor":23,"key":"REST"},{"floor":25,"key":"REST"},{"data":"1","floor":29,"key":"LIFT"},{"data":"2","floor":32,"key":"LIFT"},{"data":"Accuracy","floor":40,"key":"SMITH"},{"floor":46,"key":"REST"},{"data":"Burst","floor":49,"key":"SMITH"}],"neow_cost":"NONE","seed_source_timestamp":1280854942830223,"circlet_count":0,"master_deck":["AscendersBane","Defend_G+1","Defend_G","Defend_G","Defend_G","Strike_G","Strike_G","Survivor+1","Neutralize+1","Dodge and Roll","Outmaneuver","Backflip","Adrenaline","Crippling Poison","Blade Dance","Terror","Caltrops","Predator","Well Laid Plans","Backflip","Doppelganger","Poisoned Stab","Finisher","Deadly Poison+1","Die Die Die","Dagger Spray","Malaise","Blade Dance","Riddle With Holes","Blade Dance+1","Phantasmal Killer","Cloak And Dagger","Deflect","PiercingWail+1","Deflect","Accuracy+1","Escape Plan+1","Parasite","Cloak And Dagger+1","Escape Plan","Burst+1"],"relics":["Ring of the Snake","Dream Catcher","Ninja Scroll","War Paint","Lantern","Letter Opener","Sozu","Girya","Regal Pillow","Kunai","Question Card","Art of War","Orrery","Chemical X","Vajra","Boot","MawBank"],"potions_floor_usage":[10,16,33,50],"damage_taken":[{"damage":1,"enemies":"Small Slimes","floor":1,"turns":5},{"damage":2,"enemies":"Jaw Worm","floor":4,"turns":5},{"damage":0,"enemies":"Cultist","floor":5,"turns":4},{"damage":6,"enemies":"Lots of Slimes","floor":7,"turns":7},{"damage":34,"enemies":"3 Sentries","floor":8,"turns":15},{"damage":16,"enemies":"Lagavulin","floor":10,"turns":11},{"damage":0,"enemies":"Red Slaver","floor":11,"turns":3},{"damage":0,"enemies":"Exordium Thugs","floor":12,"turns":4},{"damage":0,"enemies":"Looter","floor":14,"turns":2},{"damage":0,"enemies":"The Guardian","floor":16,"turns":9},{"damage":10,"enemies":"Shell Parasite","floor":18,"turns":4},{"damage":0,"enemies":"Spheric Guardian","floor":19,"turns":4},{"damage":15,"enemies":"Snake Plant","floor":21,"turns":4},{"damage":13,"enemies":"Snecko","floor":22,"turns":5},{"damage":20,"enemies":"Gremlin Leader","floor":24,"turns":6},{"damage":15,"enemies":"Slavers","floor":27,"turns":4},{"damage":2,"enemies":"Sentry and Sphere","floor":30,"turns":4},{"damage":5,"enemies":"Shelled Parasite and Fungi","floor":31,"turns":5},{"damage":39,"enemies":"Champ","floor":33,"turns":11},{"damage":0,"enemies":"3 Darklings","floor":35,"turns":5},{"damage":0,"enemies":"3 Shapes","floor":38,"turns":3},{"damage":0,"enemies":"Transient","floor":41,"turns":5},{"damage":1,"enemies":"Writhing Mass","floor":44,"turns":4},{"damage":20,"enemies":"Giant Head","floor":45,"turns":6},{"damage":0,"enemies":"3 Darklings","floor":47,"turns":3},{"damage":0,"enemies":"Nemesis","floor":48,"turns":3},{"damage":16,"enemies":"Awakened One","floor":50,"turns":8}],"seed_played":"3717303784180917186","potions_obtained":[{"floor":7,"key":"GhostInAJar"},{"floor":8,"key":"Dexterity Potion"},{"floor":11,"key":"Explosive Potion"},{"floor":16,"key":"Strength Potion"}],"is_trial":false,"path_per_floor":["M","?","T","M","M","R","M","E","T","E","M","M","R","M","R","B",null,"M","M","T","M","M","R","E","R","T","E","$","R","M","M","R","B",null,"M","?","?","M","$","R","M","?","T","M","E","R","M","E","R","B",null],"character_chosen":"THE_SILENT","items_purchased":["Art of War","Blade Dance","Chemical X"],"campfire_rested":5,"item_purchase_floors":[28,28,39],"current_hp_per_floor":[62,62,62,60,60,60,54,20,20,4,4,4,25,25,46,46,64,54,54,54,39,26,47,27,63,63,48,48,48,46,41,41,2,53,53,53,53,53,53,53,53,53,53,52,32,68,68,68,68,52],"gold":318,"neow_bonus":"RANDOM_COMMON_RELIC","is_prod":false,"is_daily":false,"chose_seed":false,"campfire_upgraded":3,"win_rate":0,"timestamp":1559703059,"path_taken":["M","?","?","M","?","R","M","E","T","E","?","M","R","M","R","BOSS","M","M","?","M","?","R","E","R","T","E","?","R","M","M","R","BOSS","M","?","?","M","$","R","M","?","T","M","E","R","?","E","R","BOSS"],"build_version":"2019-01-23","purchased_purges":2,"victory":true,"max_hp_per_floor":[70,70,70,70,70,70,70,70,70,70,70,70,70,70,70,70,70,70,70,70,70,70,70,70,70,70,70,70,70,70,70,70,70,70,70,70,70,70,70,70,70,70,70,70,70,70,70,70,70,70],"card_choices":[{"not_picked":["Bane","Acrobatics"],"picked":"Dodge and Roll","floor":1},{"not_picked":["Concentrate","Setup"],"picked":"Outmaneuver","floor":4},{"not_picked":["Endless Agony","Slice"],"picked":"Backflip","floor":5},{"not_picked":["Dagger Throw","Backstab"],"picked":"Adrenaline","floor":7},{"not_picked":["Caltrops","Dagger Throw"],"picked":"Crippling Poison","floor":8},{"not_picked":["Dagger Throw","Flechettes"],"picked":"Blade Dance","floor":10},{"not_picked":["PiercingWail","Escape Plan"],"picked":"Terror","floor":11},{"not_picked":["Sucker Punch","Underhanded Strike"],"picked":"Caltrops","floor":12},{"not_picked":["Sucker Punch","Quick Slash"],"picked":"Predator","floor":13},{"not_picked":["Cloak And Dagger","Caltrops"],"picked":"Well Laid Plans","floor":14},{"not_picked":["Choke","Finisher"],"picked":"Backflip","floor":15},{"not_picked":["Storm of Steel","Night Terror"],"picked":"Doppelganger","floor":16},{"not_picked":["Bane","Setup","Endless Agony"],"picked":"SKIP","floor":18},{"not_picked":["PiercingWail","Concentrate"],"picked":"Poisoned Stab","floor":19},{"not_picked":["Underhanded Strike+1","Prepared+1"],"picked":"Finisher","floor":21},{"not_picked":["Flying Knee","Prepared"],"picked":"Deadly Poison+1","floor":22},{"not_picked":["Poisoned Stab+1","Deadly Poison"],"picked":"Die Die Die","floor":23},{"not_picked":["Blade Dance","Glass Knife"],"picked":"Dagger Spray","floor":24},{"not_picked":["Bane","Concentrate"],"picked":"Malaise","floor":27},{"not_picked":["Backstab","Sucker Punch","Underhanded Strike"],"picked":"Riddle With Holes","floor":30},{"not_picked":["Dash+1","PiercingWail","Footwork"],"picked":"Blade Dance+1","floor":31},{"not_picked":["Glass Knife","Malaise","Corpse Explosion"],"picked":"Phantasmal Killer","floor":33},{"not_picked":["Poisoned Stab+1","Predator","Masterful Stab"],"picked":"Cloak And Dagger","floor":34},{"not_picked":["Distraction","Acrobatics","Underhanded Strike"],"picked":"Deflect","floor":34},{"not_picked":["Doppelganger","Accuracy","Flying Knee"],"picked":"PiercingWail+1","floor":34},{"not_picked":["Prepared","Noxious Fumes","Backflip"],"picked":"Deflect","floor":35},{"not_picked":["Heel Hook","Blade Dance","Dagger Spray"],"picked":"Accuracy","floor":38},{"not_picked":["Bane","Deadly Poison","Adrenaline"],"picked":"Escape Plan+1","floor":41},{"not_picked":["Setup","Skewer","Sucker Punch"],"picked":"Cloak And Dagger+1","floor":44},{"not_picked":["Dash","Prepared","Venomology"],"picked":"Escape Plan","floor":45},{"not_picked":["Caltrops","Backflip","PiercingWail","Sucker Punch+1"],"picked":"SKIP","floor":47},{"not_picked":["Poisoned Stab","Cloak And Dagger","Glass Knife"],"picked":"Burst","floor":48}],"player_experience":976715,"relics_obtained":[{"floor":3,"key":"Ninja Scroll"},{"floor":8,"key":"War Paint"},{"floor":9,"key":"Lantern"},{"floor":10,"key":"Letter Opener"},{"floor":20,"key":"Girya"},{"floor":24,"key":"Regal Pillow"},{"floor":26,"key":"Kunai"},{"floor":27,"key":"Question Card"},{"floor":43,"key":"Vajra"},{"floor":45,"key":"Boot"},{"floor":48,"key":"MawBank"}],"event_choices":[{"cards_removed":["Defend_G"],"damage_healed":0,"gold_gain":0,"player_choice":"Forget","damage_taken":0,"max_hp_gain":0,"max_hp_loss":0,"event_name":"Living Wall","floor":2,"gold_loss":0},{"damage_healed":0,"gold_gain":0,"player_choice":"Ignored","damage_taken":0,"max_hp_gain":0,"max_hp_loss":0,"event_name":"Mysterious Sphere","floor":36,"gold_loss":0},{"damage_healed":0,"gold_gain":0,"player_choice":"Ignored","damage_taken":0,"max_hp_gain":0,"max_hp_loss":0,"event_name":"Tomb of Lord Red Mask","floor":37,"gold_loss":0},{"cards_removed":["Strike_G"],"damage_healed":0,"gold_gain":0,"player_choice":"Removed Attack","damage_taken":0,"max_hp_gain":0,"max_hp_loss":0,"event_name":"Falling","floor":42,"gold_loss":0}],"is_beta":false,"boss_relics":[{"not_picked":["Eternal Feather","Runic Pyramid"],"picked":"Sozu"},{"not_picked":["White Beast Statue","Coffee Dripper"],"picked":"Orrery"}],"items_purged_floors":[28,39],"is_endless":false,"potions_floor_spawned":[7,8,11,12,16,19,22,27,38,41,45,48],"ascension_level":13}