{"gold_per_floor":[118,118,38,38,52,87,87,97,120,152,179,16,16,50,50,124,124,141,151,66,66,79,79,79],"floor_reached":24,"playtime":1147,"items_purged":["Strike_G"],"score":474,"play_id":"68e2718a-1aad-4799-929c-5d09c2fbf905","local_time":"20190729202524","is_ascension_mode":true,"campfire_choices":[{"data":"Skewer","floor":7,"key":"SMITH"},{"floor":13,"key":"REST"},{"data":"Caltrops","floor":15,"key":"SMITH"},{"data":"Footwork","floor":23,"key":"SMITH"}],"neow_cost":"NONE","seed_source_timestamp":611481219977679,"circlet_count":0,"master_deck":["AscendersBane","Strike_G","Strike_G","Defend_G","Defend_G","Defend_G","Defend_G","Defend_G","Survivor","Neutralize","Skewer+1","PiercingWail","Caltrops+1","Blade Dance","Backflip","Adrenaline","Footwork+1","Poisoned Stab","Malaise","PiercingWail+1","Escape Plan","Bouncing Flask","Dash"],"relics":["Ring of the Snake","NeowsBlessing","Anchor","Pen Nib","Letter Opener","Blood Vial","Dodecahedron","Coffee Dripper"],"potions_floor_usage":[10,16,24],"damage_taken":[{"damage":0,"enemies":"Jaw Worm","floor":1,"turns":1},{"damage":0,"enemies":"Cultist","floor":5,"turns":1},{"damage":0,"enemies":"Gremlin Nob","floor":6,"turns":1},{"damage":0,"enemies":"Small Slimes","floor":8,"turns":4},{"damage":24,"enemies":"3 Sentries","floor":10,"turns":9},{"damage":29,"enemies":"Lagavulin","floor":14,"turns":6},{"damage":22,"enemies":"The Guardian","floor":16,"turns":12},{"damage":20,"enemies":"3 Byrds","floor":18,"turns":3},{"damage":2,"enemies":"Shell Parasite","floor":19,"turns":6},{"damage":2,"enemies":"Centurion and Healer","floor":22,"turns":4},{"damage":37,"enemies":"Slavers","floor":24,"turns":5}],"seed_played":"-1209932664244069947","potions_obtained":[{"floor":6,"key":"Weak Potion"},{"floor":10,"key":"Regen Potion"},{"floor":22,"key":"LiquidBronze"}],"is_trial":false,"path_per_floor":["M","?","$","?","M","E","R","M","T","E","T","$","R","E","R","B",null,"M","M","$","?","M","R","E"],"character_chosen":"THE_SILENT","items_purchased":["PiercingWail","Fire Potion","Footwork","Bouncing Flask"],"campfire_rested":1,"item_purchase_floors":[3,3,12,20],"current_hp_per_floor":[59,52,52,52,52,52,52,52,52,28,28,28,47,20,20,15,53,35,35,35,35,35,35,0],"gold":79,"neow_bonus":"THREE_ENEMY_KILL","is_prod":false,"is_daily":false,"chose_seed":false,"campfire_upgraded":3,"win_rate":0,"timestamp":1564446324,"path_taken":["M","?","$","?","?","E","R","M","T","E","?","$","R","E","R","BOSS","M","M","$","?","?","R","E"],"build_version":"2019-07-17","purchased_purges":1,"victory":false,"max_hp_per_floor":[66,66,66,66,66,66,66,66,66,66,66,66,66,66,66,66,66,66,66,66,66,66,66,66],"card_choices":[{"not_picked":["Acrobatics","Caltrops"],"picked":"Skewer","floor":1},{"not_picked":["Accuracy","Acrobatics"],"picked":"Caltrops","floor":5},{"not_picked":["Skewer","Outmaneuver"],"picked":"Blade Dance","floor":6},{"not_picked":["Tactician","Sucker Punch"],"picked":"Backflip","floor":8},{"not_picked":["Dagger Spray","Eviscerate"],"picked":"Adrenaline","floor":10},{"not_picked":["Outmaneuver","Predator"],"picked":"Poisoned Stab","floor":14},{"not_picked":["Envenom","Wraith Form v2"],"picked":"Malaise","floor":16},{"not_picked":["Outmaneuver","Skewer"],"picked":"PiercingWail+1","floor":18},{"not_picked":["Dagger Spray","Setup"],"picked":"Escape Plan","floor":19},{"not_picked":["Sucker Punch+1","Distraction"],"picked":"Dash","floor":22}],"player_experience":1176944,"relics_obtained":[{"floor":6,"key":"Anchor"},{"floor":9,"key":"Pen Nib"},{"floor":10,"key":"Letter Opener"},{"floor":11,"key":"Blood Vial"},{"floor":14,"key":"Dodecahedron"}],"event_choices":[{"cards_removed":["Strike_G"],"damage_healed":0,"gold_gain":0,"player_choice":"Card Removal","damage_taken":7,"max_hp_gain":0,"max_hp_loss":0,"event_name":"Golden Wing","floor":2,"gold_loss":0},{"damage_healed":0,"gold_gain":0,"player_choice":"0 cards matched","damage_taken":0,"max_hp_gain":0,"max_hp_loss":0,"event_name":"Match and Keep!","floor":4,"gold_loss":0,"cards_obtained":[]},{"cards_removed":["Strike_G"],"damage_healed":0,"gold_gain":0,"player_choice":"Offered Basic","damage_taken":0,"max_hp_gain":0,"max_hp_loss":0,"event_name":"Bonfire Elementals","floor":21,"gold_loss":0}],"is_beta":false,"boss_relics":[{"not_picked":["Orrery","Calling Bell"],"picked":"Coffee Dripper"}],"items_purged_floors":[12],"is_endless":false,"potions_floor_spawned":[6,10,22],"killed_by":"Slavers","ascension_level":20}