{"gold_per_floor":[119,129,155,172,189,223,235,279,371,402,432,478,520,532,544,655,667,637,637,637,637,637,637,637,175,175,175,175,175,175,175,175,175,175,175,0,0,0,0,0,0,0,0,0,0,0,0,0,0,0],"floor_reached":51,"playtime":3832,"items_purged":["Writhe"],"score":937,"play_id":"a9ee7d9c-6710-4268-9a79-bffb3d135b61","local_time":"20190616193719","is_ascension_mode":false,"campfire_choices":[{"floor":7.0,"key":"REST"},{"floor":15.0,"key":"REST"},{"floor":23,"key":"REST"},{"data":"Apotheosis","floor":29,"key":"SMITH"},{"data":"Chill","floor":32,"key":"SMITH"},{"floor":49,"key":"RECALL"}],"neow_cost":"NONE","seed_source_timestamp":355421990179275,"circlet_count":0,"master_deck":["Defend_B","Defend_B","Defend_B","Defend_B","Zap","Dualcast","Coolheaded","Sweeping Beam","Go for the Eyes","White Noise","Hologram","Ball Lightning","Leap+1","Coolheaded","Coolheaded","Reinforced Body+1","Meteor Strike","Conserve Battery+1","RitualDagger","Bite","Bite","Bite","Bite","Bite","Capacitor+1","Apotheosis+1","Chill+1","White Noise+1","Seek+1","Steam+1","Sweeping Beam","Good Instincts+1","Bandage Up+1","Conserve Battery+1","Skim+1","Reinforced Body+1"],"special_seed":0,"relics":["Black Star","Bag of Preparation","MawBank","Blue Candle","Cables","Vajra","The Courier","Gambling Chip","Blood Vial","Odd Mushroom","Ectoplasm","Thread and Needle","Pantograph","PreservedInsect","Turnip","Sundial","Bird Faced Urn","DataDisk","War Paint","Toxic Egg 2","Fusion Hammer","Red Mask","Old Coin","Bronze Scales","Centennial Puzzle","Happy Flower"],"potions_floor_usage":[31,50,50,50],"damage_taken":[{"damage":1.0,"enemies":"Cultist","floor":1.0,"turns":4.0},{"damage":2.0,"enemies":"2 Louse","floor":2.0,"turns":4.0},{"damage":6.0,"enemies":"Jaw Worm","floor":4.0,"turns":5.0},{"damage":3.0,"enemies":"Red Slaver","floor":5.0,"turns":6.0},{"damage":44.0,"enemies":"Gremlin Nob","floor":6.0,"turns":7.0},{"damage":26.0,"enemies":"Lagavulin","floor":8.0,"turns":8.0},{"damage":6.0,"enemies":"Large Slime","floor":10.0,"turns":5.0},{"damage":0.0,"enemies":"Looter","floor":11.0,"turns":4.0},{"damage":21.0,"enemies":"Gremlin Nob","floor":12.0,"turns":6.0},{"damage":1.0,"enemies":"The Mushroom Lair","floor":13.0,"turns":4.0},{"damage":24.0,"enemies":"Slime Boss","floor":16.0,"turns":9.0},{"damage":10.0,"enemies":"2 Thieves","floor":18.0,"turns":2.0},{"damage":23.0,"enemies":"Colosseum Slavers","floor":19.0,"turns":5.0},{"damage":28.0,"enemies":"Colosseum Nobs","floor":19.0,"turns":5.0},{"damage":21,"enemies":"Book of Stabbing","floor":24,"turns":5},{"damage":7,"enemies":"Spheric Guardian","floor":27,"turns":6},{"damage":0,"enemies":"Slavers","floor":28,"turns":5},{"damage":0,"enemies":"Centurion and Healer","floor":31,"turns":16},{"damage":0,"enemies":"Champ","floor":33,"turns":13},{"damage":0,"enemies":"Orb Walker","floor":35,"turns":3},{"damage":27,"enemies":"2 Orb Walkers","floor":37,"turns":7},{"damage":0,"enemies":"3 Darklings","floor":38,"turns":6},{"damage":9,"enemies":"Maw","floor":39,"turns":9},{"damage":17,"enemies":"Giant Head","floor":40,"turns":7},{"damage":6,"enemies":"Spire Growth","floor":44,"turns":9},{"damage":2,"enemies":"Jaw Worm Horde","floor":45,"turns":5},{"damage":7,"enemies":"4 Shapes","floor":46,"turns":5},{"damage":0,"enemies":"Sphere and 2 Shapes","floor":47,"turns":2},{"damage":0,"enemies":"Donu and Deca","floor":50,"turns":12}],"seed_played":"-5137639760477026003","potions_obtained":[{"floor":4.0,"key":"AttackPotion"},{"floor":5.0,"key":"Regen Potion"},{"floor":6.0,"key":"FocusPotion"},{"floor":11.0,"key":"PowerPotion"},{"floor":13.0,"key":"PowerPotion"},{"floor":14.0,"key":"Poison Potion"},{"floor":14.0,"key":"Swift Potion"},{"floor":19.0,"key":"FearPotion"},{"floor":24,"key":"Fruit Juice"},{"floor":31,"key":"EssenceOfSteel"},{"floor":44,"key":"Strength Potion"},{"floor":45,"key":"FocusPotion"}],"is_trial":false,"path_per_floor":["M","M","T","M","M","E","R","E","T","M","M","E","?","?","R","B",null,"M","?","?","?","?","R","E","$","T","M","E","R","$","M","R","B",null,"M","?","?","M","M","E","?","$","T","M","M","M","M","?","R","B",null],"character_chosen":"DEFECT","items_purchased":["Apotheosis","Bird Faced Urn"],"campfire_rested":3,"item_purchase_floors":[25,25],"current_hp_per_floor":[74,72,72,66,63,34,56,30,30,24,24,3,4,4,26,4,75,65,18,12,12,12,27,20,20,20,33,49,49,49,57,57,57,57,57,57,36,56,57,46,36,36,36,53,57,55,57,57,57,57],"gold":0,"neow_bonus":"BOSS_RELIC","is_prod":false,"is_daily":false,"chose_seed":false,"campfire_upgraded":2,"win_rate":0,"timestamp":1560706639,"path_taken":["M","M","?","M","M","E","R","E","T","M","M","E","?","?","R","BOSS","M","?","?","?","?","R","E","?","T","?","E","R","$","M","R","BOSS","M","?","?","M","M","E","?","?","T","?","M","M","M","?","R","BOSS"],"build_version":"2019-01-23","purchased_purges":1,"victory":true,"max_hp_per_floor":[75,75,75,75,75,75,75,75,75,75,75,75,75,75,75,75,75,75,75,75,75,52,52,52,52,52,52,52,52,52,57,57,57,57,57,57,57,57,57,57,57,57,57,57,57,57,57,57,57,57],"card_choices":[{"not_picked":["Steam","Auto Shields"],"picked":"Coolheaded","floor":1.0},{"not_picked":["Redo","Go for the Eyes"],"picked":"Sweeping Beam","floor":2.0},{"not_picked":["Rebound","Heatsinks"],"picked":"Go for the Eyes","floor":4.0},{"not_picked":["Steam","Auto Shields"],"picked":"White Noise","floor":5.0},{"not_picked":["Doom and Gloom","Machine Learning"],"picked":"Hologram","floor":6.0},{"not_picked":["Hyperbeam","Go for the Eyes"],"picked":"Ball Lightning","floor":8.0},{"not_picked":["Rebound","Stack"],"picked":"Leap","floor":10.0},{"not_picked":["Tempest","Leap"],"picked":"Coolheaded","floor":11.0},{"not_picked":["Cold Snap","Melter"],"picked":"Coolheaded","floor":12.0},{"not_picked":["Ball Lightning","FTL"],"picked":"Reinforced Body","floor":13.0},{"not_picked":["All For One","Reboot"],"picked":"Meteor Strike","floor":16.0},{"not_picked":["Ball Lightning+1","Compile Driver"],"picked":"Conserve Battery+1","floor":18.0},{"not_picked":["Redo","Tempest"],"picked":"Capacitor+1","floor":24},{"not_picked":["Go for the Eyes","Darkness"],"picked":"Chill","floor":27},{"not_picked":["Go for the Eyes","Streamline+1","Rebound"],"picked":"SKIP","floor":28},{"not_picked":["Steam+1","Beam Cell"],"picked":"White Noise+1","floor":31},{"not_picked":["Hyperbeam","Rainbow+1"],"picked":"Seek+1","floor":33},{"not_picked":["Cold Snap+1","Rebound"],"picked":"Steam+1","floor":35},{"not_picked":["BootSequence+1","Barrage","Gash"],"picked":"SKIP","floor":38},{"not_picked":["Ball Lightning","Streamline+1"],"picked":"Sweeping Beam","floor":39},{"not_picked":["Ball Lightning","Streamline","Rebound+1"],"picked":"SKIP","floor":40},{"not_picked":["Sadistic Nature","Forethought+1"],"picked":"Good Instincts+1","floor":41},{"not_picked":["Flash of Steel","Jack Of All Trades+1"],"picked":"Bandage Up+1","floor":41},{"not_picked":["Go for the Eyes","Turbo+1"],"picked":"Conserve Battery+1","floor":44},{"not_picked":["Auto Shields+1","Go for the Eyes+1"],"picked":"Skim+1","floor":45},{"not_picked":["Barrage+1","Beam Cell+1","Redo+1"],"picked":"SKIP","floor":46},{"not_picked":["Go for the Eyes","Scrape+1"],"picked":"Reinforced Body+1","floor":47}],"player_experience":532682,"relics_obtained":[{"floor":3.0,"key":"Bag of Preparation"},{"floor":6.0,"key":"MawBank"},{"floor":6.0,"key":"Blue Candle"},{"floor":8.0,"key":"Cables"},{"floor":8.0,"key":"Vajra"},{"floor":9.0,"key":"The Courier"},{"floor":12.0,"key":"Gambling Chip"},{"floor":12.0,"key":"Blood Vial"},{"floor":13.0,"key":"Odd Mushroom"},{"floor":19.0,"key":"Thread and Needle"},{"floor":19.0,"key":"Pantograph"},{"floor":24,"key":"Turnip"},{"floor":24,"key":"Sundial"},{"floor":26,"key":"DataDisk"},{"floor":28,"key":"War Paint"},{"floor":28,"key":"Toxic Egg 2"},{"floor":37,"key":"Old Coin"},{"floor":40,"key":"Bronze Scales"},{"floor":40,"key":"Centennial Puzzle"},{"floor":43,"key":"Happy Flower"}],"event_choices":[{"damage_healed":0.0,"max_hp_gain":0.0,"max_hp_loss":0.0,"gold_gain":0.0,"event_name":"Mushrooms","player_choice":"Fought Mushrooms","floor":13.0,"gold_loss":0.0,"damage_taken":0.0},{"damage_healed":0.0,"max_hp_gain":0.0,"max_hp_loss":0.0,"gold_gain":0.0,"event_name":"Lab","player_choice":"Got Potions","floor":14.0,"gold_loss":0.0,"damage_taken":0.0},{"damage_healed":0.0,"max_hp_gain":0.0,"max_hp_loss":0.0,"gold_gain":0.0,"event_name":"Colosseum","player_choice":"Fight","floor":19.0,"gold_loss":0.0,"damage_taken":0.0},{"damage_healed":0.0,"max_hp_gain":0.0,"max_hp_loss":0.0,"gold_gain":0.0,"event_name":"Colosseum","player_choice":"Fought Nobs","floor":19.0,"gold_loss":0.0,"damage_taken":0.0},{"damage_healed":0,"gold_gain":0,"player_choice":"Joined the Cult","damage_taken":6,"max_hp_gain":0,"max_hp_loss":0,"event_name":"Nest","floor":20,"gold_loss":0,"cards_obtained":["RitualDagger"]},{"damage_healed":0,"gold_gain":0,"player_choice":"Opened","damage_taken":0,"relics_obtained":["PreservedInsect"],"max_hp_gain":0,"max_hp_loss":0,"event_name":"The Mausoleum","floor":21,"gold_loss":0,"cards_obtained":["Writhe"]},{"damage_healed":0,"gold_gain":0,"player_choice":"Became a vampire","damage_taken":0,"max_hp_gain":0,"max_hp_loss":23,"event_name":"Vampires","floor":22,"gold_loss":0,"cards_obtained":["Bite","Bite","Bite","Bite","Bite"]},{"damage_healed":0,"gold_gain":0,"player_choice":"Paid","damage_taken":0,"relics_obtained":["Red Mask"],"max_hp_gain":0,"max_hp_loss":0,"event_name":"Tomb of Lord Red Mask","floor":36,"gold_loss":175},{"damage_healed":0,"gold_gain":0,"player_choice":"Fight","damage_taken":0,"max_hp_gain":0,"max_hp_loss":0,"event_name":"Mysterious Sphere","floor":37,"gold_loss":0},{"damage_healed":0,"gold_gain":0,"player_choice":"Memory 3","damage_taken":10,"max_hp_gain":0,"max_hp_loss":0,"event_name":"SensoryStone","floor":41,"gold_loss":0},{"damage_healed":0,"gold_gain":0,"player_choice":"Ignored","damage_taken":0,"max_hp_gain":0,"max_hp_loss":0,"event_name":"SecretPortal","floor":48,"gold_loss":0}],"is_beta":false,"boss_relics":[{"not_picked":["Runic Dome","Inserter"],"picked":"Ectoplasm"},{"not_picked":["Tiny House","Eternal Feather"],"picked":"Fusion Hammer"}],"items_purged_floors":[25],"is_endless":false,"potions_floor_spawned":[4,5,6,11,13,19,24,31,37,44,45,47],"ascension_level":0}