{"gold_per_floor":[213,45,65,340,0,0,0,0,68,107,119,167,179,191,203,311,323,359,386,418,455,467],"floor_reached":22,"playtime":1097,"items_purged":["Regret"],"score":326,"play_id":"c364f72d-70ec-4579-81db-5c96b3c0f4cc","local_time":"20190601122739","is_ascension_mode":true,"campfire_choices":[{"data":"Apotheosis","floor":6.0,"key":"SMITH"},{"data":"Zap","floor":8.0,"key":"SMITH"},{"data":"Coolheaded","floor":11.0,"key":"SMITH"},{"data":"Coolheaded","floor":15.0,"key":"SMITH"}],"neow_cost":"NONE","seed_source_timestamp":0,"circlet_count":0,"master_deck":["AscendersBane","Strike_B","Strike_B","Defend_B","Defend_B","Defend_B","Zap+1","Dualcast","Leap","Coolheaded+1","Glacier","Apotheosis+1","Static Discharge","Compile Driver","Coolheaded+1","Barrage","Cold Snap","Steam","Ball Lightning+1"],"special_seed":0,"relics":["Cracked Core","PreservedInsect","Golden Idol","Gremlin Horn","MawBank","Blue Candle","Empty Cage"],"potions_floor_usage":[22],"damage_taken":[{"damage":0.0,"enemies":"Small Slimes","floor":1.0,"turns":4.0},{"damage":0.0,"enemies":"Cultist","floor":3.0,"turns":4.0},{"damage":16.0,"enemies":"Gremlin Nob","floor":10.0,"turns":4.0},{"damage":18.0,"enemies":"3 Sentries","floor":12.0,"turns":5.0},{"damage":15.0,"enemies":"Hexaghost","floor":16.0,"turns":11.0},{"damage":0.0,"enemies":"Spheric Guardian","floor":18.0,"turns":6.0},{"damage":0.0,"enemies":"Chosen","floor":19.0,"turns":6.0},{"damage":18.0,"enemies":"Snake Plant","floor":20.0,"turns":6.0},{"damage":34.0,"enemies":"3 Cultists","floor":21.0,"turns":6.0},{"damage":8,"enemies":"Snecko","floor":22,"turns":3}],"seed_played":"-5941641377785603374","potions_obtained":[{"floor":3.0,"key":"SpeedPotion"},{"floor":10.0,"key":"Dexterity Potion"},{"floor":19.0,"key":"Dexterity Potion"}],"is_trial":false,"path_per_floor":["M","$","M","?","$","R","?","R","T","E","R","E","?","$","R","B",null,"M","M","M","M","M"],"character_chosen":"DEFECT","items_purchased":["PreservedInsect","Coolheaded","Apotheosis","Static Discharge","Compile Driver"],"campfire_rested":0,"item_purchase_floors":[2,2,5,5,5],"current_hp_per_floor":[64,64,64,64,64,64,64,64,64,48,48,30,30,30,30,15,53,53,53,35,1,0],"gold":467,"neow_bonus":"HUNDRED_GOLD","is_prod":false,"is_daily":false,"chose_seed":false,"campfire_upgraded":4,"win_rate":0,"timestamp":1559384859,"path_taken":["M","$","M","?","?","R","?","R","T","E","R","E","?","$","R","BOSS","M","M","?","M","M"],"build_version":"2019-01-23","purchased_purges":1,"victory":false,"max_hp_per_floor":[71,71,71,71,71,71,66,66,66,66,66,66,66,66,66,66,66,66,66,66,66,66],"card_choices":[{"not_picked":["Rebound","Force Field"],"picked":"Leap","floor":1.0},{"not_picked":["FTL","Streamline"],"picked":"Glacier","floor":3.0},{"not_picked":["Compile Driver","Streamline"],"picked":"Coolheaded","floor":10.0},{"not_picked":["Auto Shields","Steam Power"],"picked":"Barrage","floor":12.0},{"not_picked":["Recycle","BootSequence+1"],"picked":"Cold Snap","floor":18.0},{"not_picked":["Reprogram","Rip and Tear","Redo"],"picked":"SKIP","floor":19.0},{"not_picked":["Force Field","Streamline"],"picked":"Steam","floor":20.0},{"not_picked":["Skim+1","Steam Power"],"picked":"Ball Lightning+1","floor":21.0}],"player_experience":405295,"relics_obtained":[{"floor":9.0,"key":"Gremlin Horn"},{"floor":10.0,"key":"MawBank"},{"floor":12.0,"key":"Blue Candle"}],"event_choices":[{"damage_healed":0.0,"max_hp_gain":0.0,"max_hp_loss":0.0,"gold_gain":275.0,"event_name":"Golden Shrine","player_choice":"Desecrate","floor":4.0,"gold_loss":0.0,"damage_taken":0.0,"cards_obtained":["Regret"]},{"damage_healed":0.0,"max_hp_gain":0.0,"max_hp_loss":5.0,"gold_gain":0.0,"event_name":"Golden Idol","player_choice":"Lose Max HP","floor":7.0,"gold_loss":0.0,"damage_taken":0.0,"relics_obtained":["Golden Idol"]},{"cards_removed":["Strike_B"],"damage_healed":0.0,"max_hp_gain":0.0,"max_hp_loss":0.0,"gold_gain":0.0,"event_name":"Bonfire Elementals","player_choice":"Offered Basic","floor":13.0,"gold_loss":0.0,"damage_taken":0.0}],"is_beta":false,"boss_relics":[{"not_picked":["Runic Pyramid","Calling Bell"],"picked":"Empty Cage"}],"items_purged_floors":[5],"is_endless":false,"potions_floor_spawned":[3,10,16,19,20,21],"killed_by":"Snecko","ascension_level":14}