{"gold_per_floor":[110,130,8,8,18,43,43,57,135,167,187,204,204,220,220,319,319,337,349,362,91,91,91,117,117,117,117,117,117,129,58,58,153,153,163,182,194,208,208,237,237,250,274,291,291,326,337,75,75,75],"floor_reached":51,"playtime":3097,"items_purged":["Strike_G","Defend_G"],"score":741,"play_id":"44fc8a39-5227-4f83-b44e-da7a126bc090","local_time":"20190805185611","is_ascension_mode":false,"campfire_choices":[{"data":"Neutralize","floor":7.0,"key":"SMITH"},{"data":"Cloak And Dagger","floor":13.0,"key":"SMITH"},{"data":"Deadly Poison","floor":15.0,"key":"SMITH"},{"data":"Terror","floor":23.0,"key":"SMITH"},{"data":"Footwork","floor":25.0,"key":"SMITH"},{"data":"Catalyst","floor":27.0,"key":"SMITH"},{"data":"Pain","floor":32.0,"key":"PURGE"},{"data":"Defend_G","floor":41.0,"key":"PURGE"},{"data":"Parasite","floor":45,"key":"PURGE"},{"floor":49,"key":"REST"}],"neow_cost":"NONE","seed_source_timestamp":1208912965122086,"circlet_count":0,"master_deck":["Defend_G","Defend_G","Defend_G","Survivor","Neutralize+1","Deadly Poison+1","Flying Knee","Deadly Poison","Dash","After Image","Dodge and Roll","Cloak And Dagger+1","PiercingWail","Finisher","Catalyst+1","Malaise","Blade Dance+1","Deflect+1","Backstab+1","Infinite Blades","Terror+1","Die Die Die","Footwork+1","Endless Agony+1","PiercingWail+1","Dodge and Roll+1"],"special_seed":0,"relics":["Ring of the Snake","Tingsha","Shuriken","Bag of Marbles","Astrolabe","WarpedTongs","Molten Egg 2","Kunai","Peace Pipe","Black Star","Anchor","Nunchaku","Centennial Puzzle","Happy Flower","Paper Crane"],"potions_floor_usage":[],"damage_taken":[{"damage":0.0,"enemies":"Cultist","floor":1.0,"turns":5.0},{"damage":0.0,"enemies":"2 Louse","floor":2.0,"turns":3.0},{"damage":2.0,"enemies":"Jaw Worm","floor":5.0,"turns":4.0},{"damage":19.0,"enemies":"Gremlin Nob","floor":6.0,"turns":5.0},{"damage":0.0,"enemies":"Blue Slaver","floor":8.0,"turns":3.0},{"damage":10.0,"enemies":"3 Sentries","floor":10.0,"turns":11.0},{"damage":0.0,"enemies":"Exordium Thugs","floor":11.0,"turns":4.0},{"damage":0.0,"enemies":"Large Slime","floor":12.0,"turns":6.0},{"damage":0.0,"enemies":"Red Slaver","floor":14.0,"turns":3.0},{"damage":12.0,"enemies":"The Guardian","floor":16.0,"turns":9.0},{"damage":0.0,"enemies":"Chosen","floor":18.0,"turns":4.0},{"damage":1.0,"enemies":"Shell Parasite","floor":19.0,"turns":6.0},{"damage":6.0,"enemies":"3 Cultists","floor":20.0,"turns":6.0},{"damage":14.0,"enemies":"Gremlin Leader","floor":24.0,"turns":6.0},{"damage":9.0,"enemies":"Snake Plant","floor":30.0,"turns":6.0},{"damage":24.0,"enemies":"Collector","floor":33.0,"turns":7.0},{"damage":0.0,"enemies":"Orb Walker","floor":35.0,"turns":3.0},{"damage":3.0,"enemies":"3 Darklings","floor":36.0,"turns":5.0},{"damage":0.0,"enemies":"4 Shapes","floor":37.0,"turns":8.0},{"damage":6.0,"enemies":"Spire Growth","floor":38.0,"turns":4.0},{"damage":0.0,"enemies":"Giant Head","floor":40.0,"turns":7.0},{"damage":7.0,"enemies":"Maw","floor":42.0,"turns":6.0},{"damage":0,"enemies":"Writhing Mass","floor":44,"turns":7},{"damage":6,"enemies":"Nemesis","floor":46,"turns":7},{"damage":3,"enemies":"Transient","floor":47,"turns":5},{"damage":23,"enemies":"Time Eater","floor":50,"turns":15}],"seed_played":"-8597564068493530172","potions_obtained":[{"floor":5.0,"key":"Strength Potion"},{"floor":6.0,"key":"Block Potion"},{"floor":12.0,"key":"FairyPotion"},{"floor":16.0,"key":"Dexterity Potion"},{"floor":24.0,"key":"Block Potion"},{"floor":36.0,"key":"Block Potion"},{"floor":37.0,"key":"SpeedPotion"},{"floor":42.0,"key":"Strength Potion"},{"floor":44,"key":"GhostInAJar"}],"is_trial":false,"path_per_floor":["M","M","$","?","M","E","R","M","T","E","M","M","R","M","R","B",null,"M","M","M","$","?","R","E","R","T","R","$","T","M","$","R","B",null,"M","M","M","M","?","E","R","M","T","M","R","E","M","$","R","B",null],"character_chosen":"THE_SILENT","items_purchased":["Deadly Poison","Terror","Die Die Die","Endless Agony+1","Paper Crane"],"campfire_rested":1,"item_purchase_floors":[3,21,21,31,48],"current_hp_per_floor":[77,77,77,77,75,56,56,56,56,46,46,46,46,46,46,34,77,77,76,70,70,70,70,56,56,56,56,56,56,47,47,47,23,77,77,74,74,68,68,68,68,61,61,61,61,55,52,52,74,51],"gold":75,"neow_bonus":"TEN_PERCENT_HP_BONUS","is_prod":false,"is_daily":false,"chose_seed":false,"campfire_upgraded":6,"win_rate":0,"timestamp":1565045771,"path_taken":["M","M","$","?","M","E","R","?","T","E","M","M","R","M","R","BOSS","M","M","M","$","?","R","E","R","T","R","$","?","M","?","R","BOSS","M","M","M","M","?","E","R","M","T","M","R","E","M","$","R","BOSS"],"build_version":"2019-07-17","purchased_purges":2,"victory":true,"max_hp_per_floor":[77,77,77,77,77,77,77,77,77,77,77,77,77,77,77,77,77,77,77,77,77,77,77,77,77,77,77,77,77,77,77,77,77,77,77,77,77,77,77,77,77,77,77,77,74,74,74,74,74,74],"card_choices":[{"not_picked":["Cloak And Dagger","Deflect"],"picked":"Deadly Poison","floor":1.0},{"not_picked":["Distraction","Concentrate"],"picked":"Flying Knee","floor":2.0},{"not_picked":["Infinite Blades","Setup"],"picked":"Dash","floor":5.0},{"not_picked":["Poisoned Stab","All Out Attack"],"picked":"After Image","floor":6.0},{"not_picked":["Acrobatics","Dash"],"picked":"Dodge and Roll","floor":8.0},{"not_picked":["Underhanded Strike","Blade Dance"],"picked":"Cloak And Dagger","floor":10.0},{"not_picked":["Slice","Accuracy"],"picked":"PiercingWail","floor":11.0},{"not_picked":["Tactician","Bane"],"picked":"Finisher","floor":12.0},{"not_picked":["Riddle With Holes","Slice"],"picked":"Catalyst","floor":14.0},{"not_picked":["Phantasmal Killer","After Image"],"picked":"Malaise","floor":16.0},{"not_picked":["Poisoned Stab","Blade Dance","Setup"],"picked":"SKIP","floor":18.0},{"not_picked":["Poisoned Stab","Blade Dance","Setup"],"picked":"SKIP","floor":18.0},{"not_picked":["Sucker Punch","Deadly Poison"],"picked":"Infinite Blades","floor":19.0},{"not_picked":["Expertise","Flying Knee","Bane"],"picked":"SKIP","floor":20.0},{"not_picked":["Quick Slash","Skewer"],"picked":"Footwork","floor":24.0},{"not_picked":["Bane+1","Flying Knee+1","Caltrops"],"picked":"SKIP","floor":30.0},{"not_picked":["Outmaneuver","Sucker Punch+1"],"picked":"PiercingWail+1","floor":35.0},{"not_picked":["Deadly Poison","Dagger Spray+1"],"picked":"Dodge and Roll+1","floor":36.0},{"not_picked":["Endless Agony+1","Crippling Poison","Backstab+1"],"picked":"SKIP","floor":37.0},{"not_picked":["Phantasmal Killer","Dagger Spray+1","Quick Slash+1"],"picked":"SKIP","floor":38.0},{"not_picked":["Prepared+1","Backflip","Deflect+1"],"picked":"SKIP","floor":40.0},{"not_picked":["Deadly Poison+1","Blade Dance","PiercingWail+1"],"picked":"SKIP","floor":42.0},{"not_picked":["Flechettes+1","Dagger Spray+1","Finisher+1"],"picked":"SKIP","floor":44},{"not_picked":["Bouncing Flask+1","Heel Hook+1","Grand Finale+1"],"picked":"SKIP","floor":46},{"not_picked":["Sucker Punch+1","Concentrate+1","Dagger Throw+1"],"picked":"SKIP","floor":47}],"player_experience":1213127,"relics_obtained":[{"floor":6.0,"key":"Tingsha"},{"floor":9.0,"key":"Shuriken"},{"floor":10.0,"key":"Bag of Marbles"},{"floor":24.0,"key":"Molten Egg 2"},{"floor":26.0,"key":"Kunai"},{"floor":29.0,"key":"Peace Pipe"},{"floor":40.0,"key":"Anchor"},{"floor":40.0,"key":"Nunchaku"},{"floor":46,"key":"Centennial Puzzle"},{"floor":46,"key":"Happy Flower"}],"event_choices":[{"cards_removed":["Strike_G"],"damage_healed":0.0,"max_hp_gain":0.0,"max_hp_loss":0.0,"gold_gain":0.0,"event_name":"Purifier","player_choice":"Purged","floor":4.0,"gold_loss":0.0,"damage_taken":0.0},{"damage_healed":0.0,"max_hp_gain":0.0,"max_hp_loss":0.0,"gold_gain":0.0,"event_name":"Accursed Blacksmith","player_choice":"Rummage","floor":22.0,"gold_loss":0.0,"damage_taken":0.0,"relics_obtained":["WarpedTongs"],"cards_obtained":["Pain"]},{"damage_healed":0.0,"max_hp_gain":0.0,"max_hp_loss":0.0,"gold_gain":0.0,"event_name":"SecretPortal","player_choice":"Ignored","floor":39.0,"gold_loss":0.0,"damage_taken":0.0}],"is_beta":false,"boss_relics":[{"not_picked":["Empty Cage","White Beast Statue"],"picked":"Astrolabe"},{"not_picked":["Eternal Feather","Sozu"],"picked":"Black Star"}],"items_purged_floors":[3,21],"is_endless":false,"potions_floor_spawned":[5,6,12,16,19,20,24,36,37,42,44,47],"ascension_level":0}