{"gold_per_floor":[112,130,0,0,11,37,37,66,147,147],"floor_reached":10,"playtime":331,"items_purged":["Strike_B"],"score":141,"play_id":"254a6e7f-318b-4881-bee6-55542433cd11","local_time":"20190604182806","is_ascension_mode":true,"campfire_choices":[{"data":"Zap","floor":7.0,"key":"SMITH"}],"neow_cost":"NONE","seed_source_timestamp":332230697566585,"circlet_count":0,"master_deck":["AscendersBane","Strike_B","Strike_B","Defend_B","Defend_B","Defend_B","Defend_B","Zap+1","Dualcast","Rip and Tear","Genetic Algorithm","Compile Driver","Gash","Self Repair"],"special_seed":0,"relics":["Cracked Core","NeowsBlessing","WingedGreaves","Dream Catcher","Frozen Egg 2"],"potions_floor_usage":[],"damage_taken":[{"damage":0.0,"enemies":"Cultist","floor":1.0,"turns":1.0},{"damage":0.0,"enemies":"2 Louse","floor":2.0,"turns":1.0},{"damage":0.0,"enemies":"Small Slimes","floor":5.0,"turns":1.0},{"damage":20.0,"enemies":"Lagavulin","floor":6.0,"turns":5.0},{"damage":35.0,"enemies":"3 Sentries","floor":8.0,"turns":7.0},{"damage":2,"enemies":"3 Louse","floor":10,"turns":1}],"seed_played":"-5807922375111323679","potions_obtained":[{"floor":2.0,"key":"Swift Potion"},{"floor":6.0,"key":"Dexterity Potion"}],"is_trial":false,"path_per_floor":["M","M","$","?","M","E","R","E","T","M"],"character_chosen":"DEFECT","items_purchased":["PowerPotion"],"campfire_rested":0,"item_purchase_floors":[3],"current_hp_per_floor":[64,64,64,57,57,37,37,2,2,0],"gold":147,"neow_bonus":"THREE_ENEMY_KILL","is_prod":false,"is_daily":false,"chose_seed":false,"campfire_upgraded":1,"win_rate":0,"timestamp":1559665686,"path_taken":["M","?","$","?","M","E","R","E","T","M"],"build_version":"2019-01-23","purchased_purges":1,"victory":false,"max_hp_per_floor":[71,71,71,71,71,71,71,71,71,71],"card_choices":[{"not_picked":["Cold Snap","Redo"],"picked":"Rip and Tear","floor":1.0},{"not_picked":["Hologram","Beam Cell"],"picked":"Genetic Algorithm","floor":2.0},{"not_picked":["Gash","Barrage"],"picked":"Compile Driver","floor":5.0},{"not_picked":["Redo","Chaos"],"picked":"Gash","floor":6.0},{"not_picked":["Hello World","Rebound"],"picked":"Self Repair","floor":8.0}],"player_experience":449117,"relics_obtained":[{"floor":6.0,"key":"WingedGreaves"},{"floor":8.0,"key":"Dream Catcher"},{"floor":9.0,"key":"Frozen Egg 2"}],"event_choices":[{"cards_removed":["Strike_B"],"damage_healed":0.0,"max_hp_gain":0.0,"max_hp_loss":0.0,"gold_gain":0.0,"event_name":"Golden Wing","player_choice":"Card Removal","floor":4.0,"gold_loss":0.0,"damage_taken":7.0}],"is_beta":false,"boss_relics":[],"items_purged_floors":[3],"is_endless":false,"potions_floor_spawned":[2,6,8],"killed_by":"3 Louse","ascension_level":17}