{"gold_per_floor":[113,131,51,66,66,97,110,121,121,121,140,175,175,175,175,253,253,265,282,282,294,59,59,59],"floor_reached":24,"playtime":1029,"items_purged":["Strike_R"],"score":364,"play_id":"bdcd2f4c-ffad-42df-a58e-37445955fc06","local_time":"20190605232413","is_ascension_mode":true,"campfire_choices":[{"floor":10,"key":"REST"},{"data":"Metallicize","floor":13,"key":"SMITH"},{"data":"Cleave","floor":15,"key":"SMITH"},{"data":"Metallicize","floor":23,"key":"SMITH"}],"neow_cost":"NONE","seed_source_timestamp":435739700635739,"circlet_count":0,"master_deck":["AscendersBane","Strike_R","Strike_R","Strike_R","Defend_R","Defend_R","Defend_R","Defend_R","Bash+1","Cleave+1","Twin Strike","Metallicize+1","Anger","Twin Strike","Armaments","Ghostly Armor","Offering","Battle Trance+1","Corruption","Spot Weakness","Metallicize+1","Shrug It Off"],"relics":["Burning Blood","Ornamental Fan","Bottled Flame","Dodecahedron","Coffee Dripper","Enchiridion"],"potions_floor_usage":[16,19],"damage_taken":[{"damage":11,"enemies":"Cultist","floor":1,"turns":4},{"damage":8,"enemies":"Jaw Worm","floor":2,"turns":5},{"damage":0,"enemies":"Small Slimes","floor":4,"turns":3},{"damage":23,"enemies":"3 Sentries","floor":6,"turns":8},{"damage":11,"enemies":"Blue Slaver","floor":7,"turns":5},{"damage":6,"enemies":"Exordium Thugs","floor":8,"turns":4},{"damage":18,"enemies":"Exordium Wildlife","floor":11,"turns":4},{"damage":23,"enemies":"Gremlin Nob","floor":12,"turns":5},{"damage":36,"enemies":"Hexaghost","floor":16,"turns":13},{"damage":7,"enemies":"3 Byrds","floor":18,"turns":6},{"damage":6,"enemies":"Spheric Guardian","floor":19,"turns":4},{"damage":34,"enemies":"Snake Plant","floor":21,"turns":6},{"damage":10,"enemies":"Centurion and Healer","floor":24,"turns":1}],"seed_played":"-822614399726976514","potions_obtained":[{"floor":6,"key":"Block Potion"},{"floor":7,"key":"Weak Potion"},{"floor":18,"key":"Fruit Juice"},{"floor":21,"key":"LiquidBronze"}],"is_trial":false,"path_per_floor":["M","M","$","M","?","E","M","M","T","R","M","E","R","?","R","B",null,"M","M","?","M","$","R","M"],"character_chosen":"IRONCLAD","items_purchased":["Metallicize","Spot Weakness","Metallicize","Shrug It Off"],"campfire_rested":1,"item_purchase_floors":[3,22,22,22],"current_hp_per_floor":[63,61,61,67,67,50,45,45,45,67,55,38,38,38,38,8,58,57,57,36,8,8,8,0],"gold":59,"neow_bonus":"UPGRADE_CARD","is_prod":false,"is_daily":false,"chose_seed":false,"campfire_upgraded":3,"win_rate":0,"timestamp":1559769853,"path_taken":["M","?","?","?","?","E","M","M","T","R","M","E","R","?","R","BOSS","M","?","?","M","?","R","M"],"build_version":"2019-01-23","purchased_purges":1,"victory":false,"max_hp_per_floor":[75,75,75,75,75,75,75,75,75,75,75,75,75,75,75,75,75,75,75,75,75,75,75,75],"card_choices":[{"not_picked":["Iron Wave","Armaments"],"picked":"Cleave","floor":1},{"not_picked":["Warcry","Pummel"],"picked":"Twin Strike","floor":2},{"not_picked":["Searing Blow","Shockwave"],"picked":"Anger","floor":4},{"not_picked":["Rampage","Wild Strike"],"picked":"Twin Strike","floor":6},{"not_picked":["Double Tap","Flex"],"picked":"Armaments","floor":7},{"not_picked":["Pommel Strike","Perfected Strike","Dual Wield"],"picked":"SKIP","floor":8},{"not_picked":["Clash","Flex","Anger"],"picked":"SKIP","floor":11},{"not_picked":["Pommel Strike","Thunderclap"],"picked":"Ghostly Armor","floor":12},{"not_picked":["Exhume","Immolate"],"picked":"Offering","floor":16},{"not_picked":["Power Through","Flex"],"picked":"Battle Trance+1","floor":18},{"not_picked":["Ghostly Armor","Wild Strike","Anger"],"picked":"SKIP","floor":19},{"not_picked":["Anger","Pommel Strike"],"picked":"Corruption","floor":21}],"player_experience":467354,"relics_obtained":[{"floor":6,"key":"Ornamental Fan"},{"floor":9,"key":"Bottled Flame"},{"floor":12,"key":"Dodecahedron"},{"floor":20,"key":"Enchiridion"}],"event_choices":[{"damage_healed":0,"gold_gain":0,"player_choice":"Leave","damage_taken":0,"max_hp_gain":0,"max_hp_loss":0,"event_name":"The Cleric","floor":5,"gold_loss":0},{"cards_removed":["Strike_R"],"damage_healed":0,"gold_gain":0,"player_choice":"Offered Basic","damage_taken":0,"max_hp_gain":0,"max_hp_loss":0,"event_name":"Bonfire Elementals","floor":14,"gold_loss":0},{"damage_healed":0,"gold_gain":0,"player_choice":"Obtained Book","damage_taken":21,"max_hp_gain":0,"max_hp_loss":0,"event_name":"Cursed Tome","floor":20,"gold_loss":0}],"is_beta":false,"boss_relics":[{"not_picked":["Ectoplasm","Pandora\u0027s Box"],"picked":"Coffee Dripper"}],"items_purged_floors":[22],"is_endless":false,"potions_floor_spawned":[6,7,11,18,21],"killed_by":"Centurion and Healer","ascension_level":15}