{"gold_per_floor":[117,129,129,204,216,288,323,323,323,341,358,358,123,142,142,244,244,260,274,274,292,292,292,304,304,304,227,253,253,269,288,288,385,385,401,451,471,571,332,332,366,366,435,196,206,206,224,239,239,239,239,239,56,83,83],"floor_reached":55,"playtime":3738,"items_purged":["Strike_G"],"score":719,"play_id":"110b3a86-5275-4051-bd40-dd51e2410ddc","local_time":"20190506234645","is_ascension_mode":false,"campfire_choices":[{"floor":8.0,"key":"REST"},{"data":"Neutralize","floor":12.0,"key":"SMITH"},{"data":"Footwork","floor":15.0,"key":"SMITH"},{"data":"Doppelganger","floor":23.0,"key":"SMITH"},{"data":"Deadly Poison","floor":25.0,"key":"SMITH"},{"data":"Deadly Poison","floor":29.0,"key":"SMITH"},{"data":"Tools of the Trade","floor":32.0,"key":"SMITH"},{"data":"Adrenaline","floor":40.0,"key":"SMITH"},{"floor":42.0,"key":"REST"},{"floor":49.0,"key":"RECALL"},{"data":"Well Laid Plans","floor":52.0,"key":"SMITH"}],"neow_cost":"CURSE","seed_source_timestamp":2696430928994233,"circlet_count":0,"master_deck":["Defend_G+1","Defend_G+1","Defend_G+1","Defend_G+1","Defend_G+1","Strike_G+1","Strike_G+1","Strike_G+1","Strike_G+1","Survivor","Neutralize+1","Acrobatics","Deadly Poison+1","Escape Plan","Deadly Poison+1","Skewer+1","All Out Attack+1","Footwork+1","Outmaneuver","Doppelganger+1","Dodge and Roll+1","Well Laid Plans+1","Escape Plan","Footwork","Tools of the Trade+1","Adrenaline+1","Dodge and Roll","Predator+1","Terror+1","Skewer+1"],"special_seed":0,"relics":["Ring of the Snake","Pantograph","Sundial","Molten Egg 2","Velvet Choker","Mercury Hourglass","Pear","Busted Crown","Torii","The Specimen","Bottled Lightning","Potion Belt","Medical Kit","Anchor","Paper Crane"],"potions_floor_usage":[55,55,55,55,55],"damage_taken":[{"damage":2.0,"enemies":"Small Slimes","floor":1.0,"turns":4.0},{"damage":0.0,"enemies":"2 Louse","floor":2.0,"turns":3.0},{"damage":0.0,"enemies":"Jaw Worm","floor":5.0,"turns":5.0},{"damage":58.0,"enemies":"3 Sentries","floor":7.0,"turns":13.0},{"damage":13.0,"enemies":"Red Slaver","floor":10.0,"turns":4.0},{"damage":0.0,"enemies":"3 Louse","floor":11.0,"turns":3.0},{"damage":0.0,"enemies":"Exordium Wildlife","floor":14.0,"turns":2.0},{"damage":30.0,"enemies":"Slime Boss","floor":16.0,"turns":10.0},{"damage":12.0,"enemies":"Shell Parasite","floor":18.0,"turns":7.0},{"damage":6.0,"enemies":"Spheric Guardian","floor":19.0,"turns":6.0},{"damage":16.0,"enemies":"Snake Plant","floor":21.0,"turns":4.0},{"damage":2.0,"enemies":"Chosen and Byrds","floor":24.0,"turns":8.0},{"damage":0.0,"enemies":"Gremlin Leader","floor":28.0,"turns":6.0},{"damage":3.0,"enemies":"Centurion and Healer","floor":30.0,"turns":5.0},{"damage":2.0,"enemies":"Shelled Parasite and Fungi","floor":31.0,"turns":5.0},{"damage":5.0,"enemies":"Champ","floor":33.0,"turns":13.0},{"damage":6.0,"enemies":"3 Darklings","floor":35.0,"turns":5.0},{"damage":26.0,"enemies":"2 Orb Walkers","floor":36.0,"turns":7.0},{"damage":0.0,"enemies":"Orb Walker","floor":37.0,"turns":4.0},{"damage":0.0,"enemies":"Mind Bloom Boss Battle","floor":38.0,"turns":7.0},{"damage":43.0,"enemies":"Nemesis","floor":41.0,"turns":11.0},{"damage":11.0,"enemies":"Sphere and 2 Shapes","floor":45.0,"turns":5.0},{"damage":7.0,"enemies":"4 Shapes","floor":47.0,"turns":4.0},{"damage":0.0,"enemies":"Maw","floor":48.0,"turns":6.0},{"damage":13.0,"enemies":"Awakened One","floor":50.0,"turns":17.0},{"damage":62.0,"enemies":"Shield and Spear","floor":54.0,"turns":10.0},{"damage":57,"enemies":"The Heart","floor":55,"turns":12}],"seed_played":"3994003290361556664","potions_obtained":[{"floor":10.0,"key":"GamblersBrew"},{"floor":14.0,"key":"GhostInAJar"},{"floor":16.0,"key":"GhostInAJar"},{"floor":24.0,"key":"Fire Potion"},{"floor":28.0,"key":"Swift Potion"},{"floor":36.0,"key":"SteroidPotion"},{"floor":47.0,"key":"SpeedPotion"},{"floor":48.0,"key":"SkillPotion"},{"floor":54.0,"key":"Dexterity Potion"}],"is_trial":false,"path_per_floor":["M","M","?","?","M","T","E","R","T","M","M","R","$","M","R","B",null,"M","M","?","M","?","R","M","R","T","$","E","R","M","M","R","B",null,"M","?","M","?","$","R","E","R","T","$","M","?","M","M","R","B",null,"R","$","E","B"],"character_chosen":"THE_SILENT","items_purchased":["All Out Attack+1","Footwork","Footwork","Bottled Lightning","Predator+1","Medical Kit","Skewer+1","Anchor"],"campfire_rested":2,"item_purchase_floors":[13,13,27,39,44,44,53,53],"current_hp_per_floor":[82,82,75,64,64,64,6,31,31,18,18,18,18,18,18,13,84,72,66,66,50,50,50,48,48,48,48,58,58,55,53,53,73,94,88,62,62,87,87,87,44,72,72,72,61,61,54,54,54,66,94,94,94,32,0],"gold":83,"neow_bonus":"TWENTY_PERCENT_HP_BONUS","is_prod":false,"is_daily":false,"chose_seed":false,"campfire_upgraded":8,"win_rate":0,"timestamp":1557200805,"path_taken":["M","M","?","?","M","?","E","R","T","M","M","R","$","M","R","BOSS","M","M","?","M","?","R","M","R","T","?","E","R","M","M","R","BOSS","M","?","M","?","$","R","E","R","T","$","M","?","?","M","R","BOSS","R","$","E","BOSS"],"build_version":"2019-01-23","purchased_purges":1,"victory":false,"max_hp_per_floor":[84,84,84,84,84,84,84,84,84,84,84,84,84,84,84,84,84,84,84,84,84,84,84,84,84,84,84,94,94,94,94,94,94,94,94,94,94,94,94,94,94,94,94,94,94,94,94,94,94,94,94,94,94,94,94],"card_choices":[{"not_picked":["Underhanded Strike","Bane"],"picked":"Acrobatics","floor":1.0},{"not_picked":["Flechettes","Quick Slash"],"picked":"Deadly Poison","floor":2.0},{"not_picked":["Reflex","PiercingWail"],"picked":"Escape Plan","floor":5.0},{"not_picked":["Concentrate","Backstab"],"picked":"Deadly Poison","floor":7.0},{"not_picked":["Eviscerate+1","Flechettes+1"],"picked":"Skewer+1","floor":10.0},{"not_picked":["Acrobatics","Deadly Poison","Endless Agony+1"],"picked":"SKIP","floor":11.0},{"not_picked":["Slice+1","Choke+1"],"picked":"Outmaneuver","floor":14.0},{"not_picked":["Night Terror","Tools of the Trade"],"picked":"Doppelganger","floor":16.0},{"not_picked":["Distraction","Deadly Poison+1"],"picked":"Dodge and Roll+1","floor":18.0},{"not_picked":["Backflip","Eviscerate+1"],"picked":"Well Laid Plans","floor":19.0},{"not_picked":["Masterful Stab+1","Outmaneuver","Bane+1"],"picked":"SKIP","floor":21.0},{"not_picked":["Quick Slash+1","Cloak And Dagger"],"picked":"Escape Plan","floor":24.0},{"not_picked":["Underhanded Strike+1","Deflect","Dagger Spray+1"],"picked":"SKIP","floor":28.0},{"not_picked":["Tactician","Poisoned Stab+1","Deflect"],"picked":"SKIP","floor":30.0},{"not_picked":["Accuracy+1","Slice+1"],"picked":"Tools of the Trade","floor":31.0},{"not_picked":["Unload+1","Night Terror"],"picked":"Adrenaline","floor":33.0},{"not_picked":[],"picked":"Dodge and Roll","floor":35.0},{"not_picked":["Bane+1"],"picked":"SKIP","floor":37.0},{"not_picked":["Expertise"],"picked":"SKIP","floor":41.0},{"not_picked":[],"picked":"Terror+1","floor":45.0},{"not_picked":["Heel Hook+1"],"picked":"SKIP","floor":47.0},{"not_picked":["Quick Slash+1"],"picked":"SKIP","floor":48.0},{"not_picked":["Outmaneuver"],"picked":"SKIP","floor":54.0}],"player_experience":856884,"relics_obtained":[{"floor":6.0,"key":"Pantograph"},{"floor":7.0,"key":"Sundial"},{"floor":9.0,"key":"Molten Egg 2"},{"floor":26.0,"key":"Mercury Hourglass"},{"floor":28.0,"key":"Pear"},{"floor":36.0,"key":"Torii"},{"floor":38.0,"key":"The Specimen"},{"floor":41.0,"key":"Potion Belt"},{"floor":54.0,"key":"Paper Crane"}],"event_choices":[{"cards_removed":["Writhe"],"damage_healed":0.0,"max_hp_gain":0.0,"max_hp_loss":0.0,"gold_gain":0.0,"event_name":"Golden Wing","player_choice":"Card Removal","floor":3.0,"gold_loss":0.0,"damage_taken":7.0},{"damage_healed":0.0,"max_hp_gain":0.0,"max_hp_loss":0.0,"gold_gain":75.0,"event_name":"World of Goop","player_choice":"Gather Gold","floor":4.0,"gold_loss":0.0,"damage_taken":11.0},{"damage_healed":0.0,"max_hp_gain":0.0,"max_hp_loss":0.0,"gold_gain":0.0,"event_name":"Ghosts","player_choice":"Ignored","floor":20.0,"gold_loss":0.0,"damage_taken":0.0},{"damage_healed":0.0,"max_hp_gain":0.0,"max_hp_loss":0.0,"gold_gain":0.0,"event_name":"Back to Basics","player_choice":"Simplicity","floor":22.0,"gold_loss":0.0,"damage_taken":0.0,"cards_upgraded":["Defend_G","Defend_G","Defend_G","Defend_G","Defend_G","Strike_G","Strike_G","Strike_G","Strike_G"]},{"damage_healed":0.0,"max_hp_gain":0.0,"max_hp_loss":0.0,"gold_gain":0.0,"event_name":"Mysterious Sphere","player_choice":"Fight","floor":36.0,"gold_loss":0.0,"damage_taken":0.0},{"damage_healed":0.0,"max_hp_gain":0.0,"max_hp_loss":0.0,"gold_gain":0.0,"event_name":"MindBloom","player_choice":"Fight","floor":38.0,"gold_loss":0.0,"damage_taken":0.0},{"damage_healed":0.0,"max_hp_gain":0.0,"max_hp_loss":0.0,"gold_gain":0.0,"event_name":"NoteForYourself","player_choice":"Ignored","floor":46.0,"gold_loss":0.0,"damage_taken":0.0}],"is_beta":false,"boss_relics":[{"not_picked":["Orrery","Eternal Feather"],"picked":"Velvet Choker"},{"not_picked":["Philosopher\u0027s Stone","HoveringKite"],"picked":"Busted Crown"}],"items_purged_floors":[13],"is_endless":false,"potions_floor_spawned":[10,14,16,24,28,33,36,47,48,54],"killed_by":"The Heart","ascension_level":0}