{"gold_per_floor":[369,385,437,453,463,494,152,182,182,197,229,111,121,296,296,392,392,406,356,369,381,255,255,287,287,287,287,299,299,299,299,299,399,399,414,429,429,449,213,248,348,373,373,373,373,373,373,384,384,384],"floor_reached":50,"playtime":3085,"items_purged":["Normality","Strike_G","Strike_G","Defend_G"],"score":588,"play_id":"1f2729a1-ab86-4e83-989a-f11007dd2c57","local_time":"20190306210620","is_ascension_mode":false,"campfire_choices":[{"floor":15.0,"key":"REST"},{"floor":23,"key":"REST"},{"data":"Terror","floor":25,"key":"SMITH"},{"data":"Neutralize","floor":27,"key":"SMITH"},{"data":"Dash","floor":29,"key":"SMITH"},{"floor":32,"key":"REST"},{"floor":44,"key":"RECALL"},{"data":"Blur","floor":46,"key":"SMITH"},{"floor":49,"key":"REST"}],"neow_cost":"CURSE","seed_source_timestamp":3804051842931772,"circlet_count":0,"master_deck":["Defend_G+1","Defend_G+1","Defend_G+1","Defend_G+1","Strike_G+1","Strike_G+1","Strike_G+1","Survivor","Neutralize+1","Bane","Dash+1","Terror+1","Deadly Poison","Flying Knee+1","Glass Knife+1","Outmaneuver","Caltrops+1","Blur+1","Malaise","Dagger Spray","Caltrops+1","Envenom+1","A Thousand Cuts+1","Infinite Blades+1","Dark Shackles","PiercingWail+1"],"special_seed":0,"relics":["Ring of the Snake","Smiling Mask","Torii","Frozen Egg 2","PreservedInsect","Gambling Chip","Empty Cage","Anchor","Mummified Hand","Letter Opener","White Beast Statue","Whetstone","Gremlin Horn","Pocketwatch","Art of War","Du-Vu Doll"],"potions_floor_usage":[16,33,33,33,33,50],"damage_taken":[{"damage":1.0,"enemies":"Cultist","floor":1.0,"turns":4.0},{"damage":0.0,"enemies":"Small Slimes","floor":2.0,"turns":5.0},{"damage":0.0,"enemies":"2 Louse","floor":4.0,"turns":2.0},{"damage":19.0,"enemies":"Large Slime","floor":5.0,"turns":6.0},{"damage":28.0,"enemies":"3 Sentries","floor":6.0,"turns":11.0},{"damage":1.0,"enemies":"Gremlin Nob","floor":8.0,"turns":3.0},{"damage":0.0,"enemies":"Looter","floor":10.0,"turns":2.0},{"damage":2.0,"enemies":"3 Sentries","floor":11.0,"turns":6.0},{"damage":0.0,"enemies":"2 Fungi Beasts","floor":13.0,"turns":3.0},{"damage":19,"enemies":"The Guardian","floor":16,"turns":8},{"damage":23,"enemies":"2 Thieves","floor":18,"turns":4},{"damage":3,"enemies":"Shell Parasite","floor":20,"turns":5},{"damage":24,"enemies":"Shelled Parasite and Fungi","floor":21,"turns":10},{"damage":5,"enemies":"Gremlin Leader","floor":24,"turns":6},{"damage":1,"enemies":"Snecko","floor":28,"turns":5},{"damage":58,"enemies":"Automaton","floor":33,"turns":10},{"damage":7,"enemies":"Orb Walker","floor":35,"turns":3},{"damage":9,"enemies":"3 Darklings","floor":36,"turns":5},{"damage":0,"enemies":"4 Shapes","floor":38,"turns":8},{"damage":0,"enemies":"Nemesis","floor":40,"turns":7},{"damage":0,"enemies":"Mind Bloom Boss Battle","floor":41,"turns":6},{"damage":18,"enemies":"Giant Head","floor":42,"turns":6},{"damage":15,"enemies":"Maw","floor":48,"turns":7},{"damage":51,"enemies":"Donu and Deca","floor":50,"turns":6}],"seed_played":"2127083797417043448","potions_obtained":[{"floor":5.0,"key":"Block Potion"},{"floor":6.0,"key":"EntropicBrew"},{"floor":8.0,"key":"Block Potion"},{"floor":13.0,"key":"Weak Potion"},{"floor":18,"key":"Fire Potion"},{"floor":24,"key":"PowerPotion"},{"floor":33,"key":"GamblersBrew"},{"floor":35,"key":"Block Potion"}],"is_trial":false,"path_per_floor":["M","M","T","M","M","E","$","E","T","M","E","$","M","?","R","B",null,"M","$","M","M","$","R","E","R","T","R","M","R","?","?","R","B",null,"M","M","?","M","$","E","?","E","T","R","?","R","?","M","R","B"],"character_chosen":"THE_SILENT","items_purchased":["Fire Potion","Frozen Egg 2","Blur","Caltrops+1","Well Laid Plans+1","Whetstone"],"campfire_rested":4,"item_purchase_floors":[7,7,12,22,39,39],"current_hp_per_floor":[69,69,69,69,50,22,22,21,21,21,19,19,19,19,40,21,70,47,47,44,20,20,41,36,36,36,36,35,35,35,35,56,13,70,63,54,54,54,54,54,54,36,36,36,36,36,36,21,42,0],"gold":384,"neow_bonus":"TWO_FIFTY_GOLD","is_prod":false,"is_daily":false,"chose_seed":false,"campfire_upgraded":4,"win_rate":0,"timestamp":1551924380,"path_taken":["M","M","?","M","M","E","$","E","T","M","E","?","M","?","R","BOSS","M","$","M","M","$","R","E","R","T","R","M","R","?","?","R","BOSS","M","M","?","M","$","E","?","E","T","R","?","R","?","M","R","BOSS"],"build_version":"2019-01-23","purchased_purges":4,"victory":false,"max_hp_per_floor":[70,70,70,70,70,70,70,70,70,70,70,70,70,70,70,70,70,70,70,70,70,70,70,70,70,70,70,70,70,70,70,70,70,70,70,70,70,70,70,70,70,70,70,70,70,70,70,70,70,70],"card_choices":[{"not_picked":["Acrobatics","Accuracy"],"picked":"Bane","floor":1.0},{"not_picked":["Deflect","Finisher"],"picked":"Dash","floor":2.0},{"not_picked":["Dagger Throw","Predator"],"picked":"Terror","floor":4.0},{"not_picked":["Dagger Throw","Prepared"],"picked":"Deadly Poison","floor":5.0},{"not_picked":["Heel Hook","Bane"],"picked":"Flying Knee","floor":6.0},{"not_picked":["Slice","Deadly Poison"],"picked":"Glass Knife","floor":8.0},{"not_picked":["PiercingWail","Bane"],"picked":"Outmaneuver","floor":10.0},{"not_picked":["Flying Knee","Outmaneuver"],"picked":"Caltrops+1","floor":11.0},{"not_picked":["PiercingWail","Cloak And Dagger"],"picked":"Eviscerate","floor":13.0},{"not_picked":["Unload","Bullet Time"],"picked":"Malaise","floor":16},{"not_picked":["Dodge and Roll","Prepared"],"picked":"Dagger Spray","floor":18},{"not_picked":["Masterful Stab","Infinite Blades+1","Sucker Punch"],"picked":"SKIP","floor":20},{"not_picked":["Escape Plan","Flying Knee+1","Dodge and Roll"],"picked":"SKIP","floor":21},{"not_picked":["Escape Plan","Slice","Outmaneuver"],"picked":"SKIP","floor":24},{"not_picked":["Riddle With Holes+1","Choke+1","Poisoned Stab"],"picked":"SKIP","floor":28},{"not_picked":["After Image+1","Storm of Steel"],"picked":"Envenom+1","floor":33},{"not_picked":["Quick Slash+1","Dagger Throw+1","Skewer"],"picked":"SKIP","floor":35},{"not_picked":["Poisoned Stab+1","Flechettes+1","Underhanded Strike"],"picked":"SKIP","floor":36},{"not_picked":["Quick Slash","Heel Hook","Blade Dance+1"],"picked":"SKIP","floor":38},{"not_picked":["Slice","PiercingWail+1"],"picked":"A Thousand Cuts+1","floor":40},{"not_picked":["Quick Slash+1","Flechettes+1"],"picked":"Infinite Blades+1","floor":42},{"not_picked":["Jack Of All Trades","Swift Strike"],"picked":"Dark Shackles","floor":47},{"not_picked":["Cloak And Dagger+1","Deadly Poison"],"picked":"PiercingWail+1","floor":48}],"player_experience":713045,"relics_obtained":[{"floor":3.0,"key":"Smiling Mask"},{"floor":6.0,"key":"Torii"},{"floor":8.0,"key":"PreservedInsect"},{"floor":11.0,"key":"Gambling Chip"},{"floor":24,"key":"Anchor"},{"floor":26,"key":"Mummified Hand"},{"floor":40,"key":"Gremlin Horn"},{"floor":41,"key":"Pocketwatch"},{"floor":42,"key":"Art of War"},{"floor":43,"key":"Du-Vu Doll"}],"event_choices":[{"damage_healed":0.0,"max_hp_gain":0.0,"max_hp_loss":0.0,"gold_gain":175.0,"event_name":"Liars Game","player_choice":"AGREE","floor":14.0,"gold_loss":0.0,"damage_taken":0.0,"cards_obtained":["Doubt"]},{"damage_healed":0,"gold_gain":0,"player_choice":"Simplicity","damage_taken":0,"max_hp_gain":0,"max_hp_loss":0,"event_name":"Back to Basics","floor":30,"gold_loss":0,"cards_upgraded":["Defend_G","Defend_G","Defend_G","Defend_G","Strike_G","Strike_G","Strike_G"]},{"damage_healed":0,"gold_gain":0,"player_choice":"Opened","damage_taken":0,"relics_obtained":["Letter Opener"],"max_hp_gain":0,"max_hp_loss":0,"event_name":"The Mausoleum","floor":31,"gold_loss":0},{"damage_healed":0,"gold_gain":0,"player_choice":"Ignored","damage_taken":0,"max_hp_gain":0,"max_hp_loss":0,"event_name":"Tomb of Lord Red Mask","floor":37,"gold_loss":0},{"damage_healed":0,"gold_gain":0,"player_choice":"Fight","damage_taken":0,"max_hp_gain":0,"max_hp_loss":0,"event_name":"MindBloom","floor":41,"gold_loss":0},{"cards_removed":["Well Laid Plans"],"damage_healed":0,"gold_gain":0,"player_choice":"Removed Power","damage_taken":0,"max_hp_gain":0,"max_hp_loss":0,"event_name":"Falling","floor":45,"gold_loss":0},{"damage_healed":0,"gold_gain":0,"player_choice":"Memory 1","damage_taken":0,"max_hp_gain":0,"max_hp_loss":0,"event_name":"SensoryStone","floor":47,"gold_loss":0}],"is_beta":false,"boss_relics":[{"not_picked":["Runic Dome","Snecko Eye"],"picked":"Empty Cage"},{"not_picked":["Pandora\u0027s Box","WristBlade"],"picked":"White Beast Statue"}],"items_purged_floors":[7,12,19,22],"is_endless":false,"potions_floor_spawned":[5,6,8,13,18,21,24,33,35,36,38,40,41,42,48],"killed_by":"Donu and Deca","ascension_level":0}