{"gold_per_floor":[113,131,151,164,339,339,370,389,389,402,352,364,399,474,474,577,577,597,597,608,533,74,74,107,120,120,120,148,160,160,160,160,259,259,274,292,312,329,348,348,373,385,422,459,746,758,262,274,274,274,274,274,26,58,58],"floor_reached":56,"playtime":3709,"items_purged":["Strike_R","Strike_R"],"score":1234,"play_id":"7b49e898-c4e0-4369-94d9-dcd91d2381b4","local_time":"20190110203308","is_ascension_mode":false,"campfire_choices":[{"data":"Cleave","floor":6.0,"key":"SMITH"},{"data":"Wild Strike","floor":15.0,"key":"SMITH"},{"data":"Demon Form","floor":23.0,"key":"SMITH"},{"data":"Metallicize","floor":27.0,"key":"SMITH"},{"data":"Limit Break","floor":30.0,"key":"SMITH"},{"data":"Shrug It Off","floor":32.0,"key":"SMITH"},{"floor":40.0,"key":"RECALL"},{"data":"Sword Boomerang","floor":46.0,"key":"SMITH"},{"data":"Shockwave","floor":49.0,"key":"SMITH"},{"data":"Power Through","floor":52.0,"key":"SMITH"}],"neow_cost":"PERCENT_DAMAGE","seed_source_timestamp":1046291888544113,"circlet_count":0,"master_deck":["Strike_R","Strike_R","Defend_R","Defend_R","Defend_R","Defend_R","Bash","Reaper","Cleave+1","Headbutt","Wild Strike+1","Dropkick","Shrug It Off+1","Sword Boomerang+1","Limit Break+1","Demon Form+1","Metallicize+1","Power Through+1","Dual Wield+1","Thunderclap","Madness","Madness","Shockwave+1","Battle Trance"],"special_seed":0,"relics":["Burning Blood","Omamori","Pantograph","Oddly Smooth Stone","Busted Crown","Thread and Needle","Torii","Ancient Tea Set","Vajra","Lizard Tail","MawBank","Bag of Marbles","Lee\u0027s Waffle","Art of War","Ornamental Fan","Kunai"],"potions_floor_usage":[55,55,55],"damage_taken":[{"damage":8.0,"enemies":"Cultist","floor":1.0,"turns":6.0},{"damage":2.0,"enemies":"Small Slimes","floor":2.0,"turns":4.0},{"damage":6.0,"enemies":"Jaw Worm","floor":3.0,"turns":4.0},{"damage":7.0,"enemies":"3 Louse","floor":4.0,"turns":2.0},{"damage":16.0,"enemies":"Gremlin Nob","floor":7.0,"turns":4.0},{"damage":0.0,"enemies":"2 Fungi Beasts","floor":8.0,"turns":2.0},{"damage":11.0,"enemies":"Blue Slaver","floor":10.0,"turns":4.0},{"damage":6.0,"enemies":"Exordium Wildlife","floor":12.0,"turns":3.0},{"damage":36.0,"enemies":"3 Sentries","floor":13.0,"turns":8.0},{"damage":63.0,"enemies":"Slime Boss","floor":16.0,"turns":15.0},{"damage":6.0,"enemies":"3 Byrds","floor":18.0,"turns":5.0},{"damage":19.0,"enemies":"Shell Parasite","floor":20.0,"turns":6.0},{"damage":21.0,"enemies":"Book of Stabbing","floor":24.0,"turns":4.0},{"damage":22.0,"enemies":"Chosen and Byrds","floor":25.0,"turns":6.0},{"damage":7.0,"enemies":"Gremlin Leader","floor":28.0,"turns":6.0},{"damage":9.0,"enemies":"Snake Plant","floor":29.0,"turns":3.0},{"damage":6.0,"enemies":"Champ","floor":33.0,"turns":6.0},{"damage":17.0,"enemies":"3 Shapes","floor":35.0,"turns":4.0},{"damage":36.0,"enemies":"3 Darklings","floor":36.0,"turns":5.0},{"damage":0.0,"enemies":"Writhing Mass","floor":37.0,"turns":7.0},{"damage":33.0,"enemies":"Maw","floor":38.0,"turns":9.0},{"damage":24.0,"enemies":"4 Shapes","floor":39.0,"turns":11.0},{"damage":103.0,"enemies":"Nemesis","floor":41.0,"turns":9.0},{"damage":16.0,"enemies":"Giant Head","floor":44.0,"turns":8.0},{"damage":7.0,"enemies":"Jaw Worm Horde","floor":48.0,"turns":4.0},{"damage":51.0,"enemies":"Donu and Deca","floor":50.0,"turns":7.0},{"damage":22.0,"enemies":"Shield and Spear","floor":54.0,"turns":8.0},{"damage":94,"enemies":"The Heart","floor":55,"turns":7}],"seed_played":"7015616724211750487","potions_obtained":[{"floor":2.0,"key":"Block Potion"},{"floor":4.0,"key":"SteroidPotion"},{"floor":7.0,"key":"Explosive Potion"},{"floor":10.0,"key":"BloodPotion"},{"floor":12.0,"key":"SteroidPotion"},{"floor":20.0,"key":"SteroidPotion"},{"floor":28.0,"key":"Strength Potion"}],"is_trial":false,"path_per_floor":["M","M","M","M","?","R","E","M","T","M","?","M","E","?","R","B",null,"M","?","M","?","$","R","E","M","T","R","E","M","R","?","R","B",null,"M","M","M","M","M","R","E","?","T","E","?","R","$","M","R","B",null,"R","$","E","B",null],"character_chosen":"IRONCLAD","items_purchased":["Thread and Needle","Metallicize","Lee\u0027s Waffle","Art of War","Shockwave","Ornamental Fan"],"campfire_rested":0,"item_purchase_floors":[22,22,47,47,47,53],"current_hp_per_floor":[60,66,66,77,77,77,70,80,80,75,75,75,54,43,43,21,80,80,80,67,67,67,67,76,76,76,76,80,77,77,77,77,80,80,69,80,80,53,71,71,29,19,19,62,62,62,87,87,87,77,87,87,87,86,87],"gold":58,"neow_bonus":"THREE_RARE_CARDS","is_prod":false,"is_daily":false,"chose_seed":false,"campfire_upgraded":9,"win_rate":0,"timestamp":1547170388,"path_taken":["M","M","M","M","?","R","E","M","T","M","?","?","E","?","R","BOSS","M","?","M","?","?","R","E","M","T","R","E","?","R","?","R","BOSS","M","M","M","M","M","R","E","?","T","E","?","R","$","M","R","BOSS","R","$","E","BOSS"],"build_version":"2019-01-03v4","purchased_purges":2,"victory":true,"max_hp_per_floor":[80,80,80,80,80,80,80,80,80,80,80,80,80,80,80,80,80,80,80,80,80,80,80,80,80,80,80,80,80,80,80,80,80,80,80,80,80,80,80,80,80,80,80,80,80,80,87,87,87,87,87,87,87,87,87],"card_choices":[{"not_picked":["Fiend Fire","Juggernaut"],"picked":"Reaper","floor":0.0},{"not_picked":["Sword Boomerang","Twin Strike"],"picked":"Cleave","floor":1.0},{"not_picked":["Warcry","True Grit"],"picked":"Headbutt","floor":2.0},{"not_picked":["Clash","True Grit"],"picked":"Wild Strike","floor":3.0},{"not_picked":["Spot Weakness","Havoc"],"picked":"Dropkick","floor":4.0},{"not_picked":["Armaments","Bloodletting","Bludgeon"],"picked":"SKIP","floor":7.0},{"not_picked":["Sever Soul","Warcry","Body Slam"],"picked":"SKIP","floor":8.0},{"not_picked":["Clothesline","Pommel Strike"],"picked":"Shrug It Off","floor":10.0},{"not_picked":["Armaments","Pommel Strike"],"picked":"Sword Boomerang","floor":12.0},{"not_picked":["Twin Strike","Battle Trance"],"picked":"Limit Break","floor":13.0},{"not_picked":["Brutality","Offering"],"picked":"Demon Form","floor":16.0},{"not_picked":["Iron Wave"],"picked":"SKIP","floor":18.0},{"not_picked":["Pommel Strike"],"picked":"SKIP","floor":20.0},{"not_picked":["Havoc"],"picked":"SKIP","floor":24.0},{"not_picked":["Warcry"],"picked":"SKIP","floor":25.0},{"not_picked":[],"picked":"Power Through","floor":28.0},{"not_picked":["Inflame"],"picked":"SKIP","floor":29.0},{"not_picked":["Carnage+1"],"picked":"SKIP","floor":35.0},{"not_picked":[],"picked":"Dual Wield+1","floor":36.0},{"not_picked":["Flex+1"],"picked":"SKIP","floor":37.0},{"not_picked":["Shrug It Off"],"picked":"SKIP","floor":38.0},{"not_picked":[],"picked":"Thunderclap","floor":39.0},{"not_picked":["Iron Wave"],"picked":"SKIP","floor":41.0},{"not_picked":["Flame Barrier"],"picked":"SKIP","floor":44.0},{"not_picked":[],"picked":"Battle Trance","floor":48.0},{"not_picked":["Infernal Blade"],"picked":"SKIP","floor":54.0}],"player_experience":629192,"relics_obtained":[{"floor":7.0,"key":"Omamori"},{"floor":9.0,"key":"Pantograph"},{"floor":13.0,"key":"Oddly Smooth Stone"},{"floor":24.0,"key":"Torii"},{"floor":26.0,"key":"Ancient Tea Set"},{"floor":28.0,"key":"Vajra"},{"floor":41.0,"key":"MawBank"},{"floor":44.0,"key":"Bag of Marbles"},{"floor":54.0,"key":"Kunai"}],"event_choices":[{"damage_healed":0.0,"max_hp_gain":0.0,"max_hp_loss":0.0,"gold_gain":175.0,"event_name":"Liars Game","player_choice":"AGREE","floor":5.0,"gold_loss":0.0,"damage_taken":0.0,"cards_obtained":["Doubt"]},{"cards_removed":["Doubt"],"damage_healed":0.0,"max_hp_gain":0.0,"max_hp_loss":0.0,"gold_gain":0.0,"event_name":"The Cleric","player_choice":"Card Removal","floor":11.0,"gold_loss":50.0,"damage_taken":0.0},{"damage_healed":0.0,"max_hp_gain":0.0,"max_hp_loss":0.0,"gold_gain":75.0,"event_name":"World of Goop","player_choice":"Gather Gold","floor":14.0,"gold_loss":0.0,"damage_taken":11.0},{"damage_healed":0.0,"max_hp_gain":0.0,"max_hp_loss":0.0,"gold_gain":0.0,"event_name":"Ghosts","player_choice":"Ignored","floor":19.0,"gold_loss":0.0,"damage_taken":0.0},{"cards_removed":["Strike_R"],"damage_healed":0.0,"max_hp_gain":0.0,"max_hp_loss":0.0,"gold_gain":0.0,"event_name":"Beggar","player_choice":"Gave Gold","floor":21.0,"gold_loss":75.0,"damage_taken":0.0},{"damage_healed":0.0,"max_hp_gain":0.0,"max_hp_loss":0.0,"gold_gain":0.0,"event_name":"Vampires","player_choice":"Ignored","floor":31.0,"gold_loss":0.0,"damage_taken":0.0},{"damage_healed":0.0,"max_hp_gain":0.0,"max_hp_loss":0.0,"gold_gain":0.0,"event_name":"Winding Halls","player_choice":"Embrace Madness","floor":42.0,"gold_loss":0.0,"damage_taken":10.0,"cards_obtained":["Madness","Madness"]},{"damage_healed":0.0,"max_hp_gain":0.0,"max_hp_loss":0.0,"gold_gain":275.0,"event_name":"Golden Shrine","player_choice":"Desecrate","floor":45.0,"gold_loss":0.0,"damage_taken":0.0,"cards_obtained":["Regret"]}],"is_beta":false,"boss_relics":[{"not_picked":["Snecko Eye","White Beast Statue"],"picked":"Busted Crown"},{"not_picked":["Runic Dome","Runic Cube"],"picked":"Lizard Tail"}],"items_purged_floors":[22,47],"is_endless":false,"potions_floor_spawned":[2,4,7,10,12,18,20,28,29,38,39,44,54],"ascension_level":0}