{"gold_per_floor":[217,217,292,14,14,48,48,86,86,86,110,110,128,169,169,169],"floor_reached":16,"playtime":491,"items_purged":[],"score":247,"play_id":"0aa438b9-198e-401a-a69c-148f7f4d339a","local_time":"20190717195914","is_ascension_mode":true,"campfire_choices":[{"data":"Skewer","floor":10,"key":"SMITH"},{"data":"Neutralize","floor":12,"key":"SMITH"},{"data":"Dash","floor":15,"key":"SMITH"}],"neow_cost":"NONE","seed_source_timestamp":557457815270486,"circlet_count":0,"master_deck":["AscendersBane","Strike_G","Strike_G","Strike_G","Strike_G","Strike_G","Defend_G","Defend_G","Defend_G","Defend_G","Defend_G","Survivor","Neutralize+1","Dash+1","Dash","Skewer+1"],"relics":["Ring of the Snake","Matryoshka","Sling","Regal Pillow","Golden Idol","The Courier","Vajra","Centennial Puzzle","Lantern"],"potions_floor_usage":[8],"damage_taken":[{"damage":2,"enemies":"Cultist","floor":1,"turns":4},{"damage":18,"enemies":"Lagavulin","floor":6,"turns":9},{"damage":0,"enemies":"Gremlin Nob","floor":8,"turns":3},{"damage":0,"enemies":"2 Louse","floor":11,"turns":2},{"damage":0,"enemies":"Small Slimes","floor":13,"turns":3},{"damage":10,"enemies":"Lagavulin","floor":14,"turns":5},{"damage":24,"enemies":"Hexaghost","floor":16,"turns":10}],"seed_played":"4128755020833973956","potions_obtained":[{"floor":1,"key":"Weak Potion"},{"floor":6,"key":"Poison Potion"},{"floor":13,"key":"Ancient Potion"}],"is_trial":false,"path_per_floor":["M","T","?","$","?","E","?","E","T","R","M","R","M","E","R","B"],"character_chosen":"THE_SILENT","items_purchased":["Sling","Dash"],"campfire_rested":0,"item_purchase_floors":[4,4],"current_hp_per_floor":[57,57,46,46,51,33,33,33,33,33,33,33,33,23,23,0],"gold":169,"neow_bonus":"HUNDRED_GOLD","is_prod":false,"is_daily":false,"chose_seed":false,"campfire_upgraded":3,"win_rate":0,"timestamp":1563386354,"path_taken":["M","?","?","$","?","E","?","E","T","R","M","R","M","E","R","BOSS"],"build_version":"2019-07-05","purchased_purges":0,"victory":false,"max_hp_per_floor":[66,66,66,66,71,71,64,64,64,64,64,64,64,64,64,64],"card_choices":[{"not_picked":["Slice","Prepared"],"picked":"Dash","floor":1},{"not_picked":["Sucker Punch","Prepared"],"picked":"Skewer","floor":6},{"not_picked":["Acrobatics","Bane","Skewer"],"picked":"SKIP","floor":8},{"not_picked":["Accuracy","Acrobatics","Flying Knee"],"picked":"SKIP","floor":11},{"not_picked":["Infinite Blades","Cloak And Dagger","Eviscerate"],"picked":"SKIP","floor":13},{"not_picked":["Outmaneuver","Cloak And Dagger","Sucker Punch"],"picked":"SKIP","floor":14}],"player_experience":652447,"relics_obtained":[{"floor":2,"key":"Matryoshka"},{"floor":6,"key":"Regal Pillow"},{"floor":8,"key":"The Courier"},{"floor":9,"key":"Vajra"},{"floor":9,"key":"Centennial Puzzle"},{"floor":14,"key":"Lantern"}],"event_choices":[{"damage_healed":0,"gold_gain":75,"player_choice":"Gather Gold","damage_taken":11,"max_hp_gain":0,"max_hp_loss":0,"event_name":"World of Goop","floor":3,"gold_loss":0},{"damage_healed":0,"gold_gain":0,"player_choice":"Donut","damage_taken":0,"max_hp_gain":5,"max_hp_loss":0,"event_name":"Big Fish","floor":5,"gold_loss":0},{"damage_healed":0,"gold_gain":0,"player_choice":"Lose Max HP","damage_taken":0,"relics_obtained":["Golden Idol"],"max_hp_gain":0,"max_hp_loss":7,"event_name":"Golden Idol","floor":7,"gold_loss":0}],"is_beta":false,"boss_relics":[],"items_purged_floors":[],"is_endless":false,"potions_floor_spawned":[1,6,13],"killed_by":"Hexaghost","ascension_level":15}