{"gold_per_floor":[114,289,289,308,320,345,345,361,361,87,100,120,120,155,155,250,250,231,242,242,43,43,43,43,43,43,43,58,58,0,19,19,124,124,141,212,212,225,225,260,260,13,36,46,80,80,92,105,105,105],"floor_reached":51,"playtime":6905,"items_purged":["Doubt","Defend_G"],"score":665,"play_id":"28de5dac-c59a-449c-ac34-74f6a7aa0c27","local_time":"20180702212032","is_ascension_mode":false,"campfire_choices":[{"floor":7,"key":"REST"},{"data":"Noxious Fumes","floor":15,"key":"SMITH"},{"data":"Neutralize","floor":23,"key":"SMITH"},{"data":"Survivor","floor":25,"key":"SMITH"},{"data":"Deadly Poison","floor":27,"key":"SMITH"},{"floor":29,"key":"REST"},{"floor":32,"key":"REST"},{"floor":41,"key":"REST"},{"data":"Adrenaline","floor":46,"key":"SMITH"},{"data":"Night Terror","floor":49,"key":"SMITH"}],"neow_cost":"NONE","seed_source_timestamp":606537020409857,"circlet_count":0,"master_deck":["Defend_G","Defend_G","Defend_G","Defend_G","Strike_G","Strike_G+1","Strike_G","Survivor+1","Neutralize+1","Envenom+1","Riddle With Holes","Noxious Fumes+1","Deadly Poison+1","Crippling Poison","Deflect","Bane","Well Laid Plans+1","Bandage Up","Bane+1","Footwork+1","Adrenaline+1","Infinite Blades+1","Riddle With Holes","Dagger Spray","Deadly Poison+1","Sucker Punch+1","Night Terror+1","Riddle With Holes+1","Endless Agony","Flechettes+1","Envenom+1","Sucker Punch+1","Crippling Poison+1","Dagger Spray+1"],"relics":["Ring of the Snake","Darkstone Periapt","Potion Belt","Frozen Egg 2","Matryoshka","Shuriken","White Beast Statue","Orichalcum","Lantern","Ancient Tea Set","Pantograph","Busted Crown","Ornamental Fan","Question Card","Blood Vial","Snake Skull","Whetstone","Bird Faced Urn"],"potions_floor_usage":[6,14,16,19,19,33,33,40,44,45,50,50,50,50,50,50,50,50,50],"damage_taken":[{"damage":0,"enemies":"Small Slimes","floor":1,"turns":5},{"damage":2,"enemies":"Jaw Worm","floor":4,"turns":7},{"damage":1,"enemies":"Cultist","floor":5,"turns":4},{"damage":21,"enemies":"3 Sentries","floor":6,"turns":9},{"damage":10,"enemies":"Exordium Thugs","floor":8,"turns":5},{"damage":1,"enemies":"Looter","floor":11,"turns":4},{"damage":2,"enemies":"Blue Slaver","floor":12,"turns":3},{"damage":29,"enemies":"Lagavulin","floor":14,"turns":8},{"damage":10,"enemies":"Slime Boss","floor":16,"turns":8},{"damage":11,"enemies":"2 Thieves","floor":18,"turns":4},{"damage":29,"enemies":"3 Byrds","floor":19,"turns":5},{"damage":33,"enemies":"Cultist and Chosen","floor":28,"turns":6},{"damage":24,"enemies":"Centurion and Healer","floor":31,"turns":6},{"damage":73,"enemies":"Collector","floor":33,"turns":8},{"damage":7,"enemies":"Orb Walker","floor":35,"turns":4},{"damage":25,"enemies":"3 Shapes","floor":38,"turns":5},{"damage":13,"enemies":"2 Orb Walkers","floor":40,"turns":5},{"damage":6,"enemies":"Maw","floor":44,"turns":5},{"damage":3,"enemies":"Nemesis","floor":45,"turns":5},{"damage":6,"enemies":"Sphere and 2 Shapes","floor":47,"turns":4},{"damage":6,"enemies":"4 Shapes","floor":48,"turns":3},{"damage":34,"enemies":"Awakened One","floor":50,"turns":7}],"seed_played":"-1691500801845688196","potions_obtained":[{"floor":1,"key":"Weak Potion"},{"floor":4,"key":"Dexterity Potion"},{"floor":12,"key":"PowerPotion"},{"floor":16,"key":"SteroidPotion"},{"floor":18,"key":"EssenceOfSteel"},{"floor":19,"key":"FearPotion"},{"floor":28,"key":"Regen Potion"},{"floor":31,"key":"Swift Potion"},{"floor":33,"key":"Swift Potion"},{"floor":35,"key":"EssenceOfSteel"},{"floor":38,"key":"SteroidPotion"},{"floor":40,"key":"EssenceOfSteel"},{"floor":44,"key":"AttackPotion"},{"floor":45,"key":"Dexterity Potion"},{"floor":47,"key":"EntropicBrew"},{"floor":48,"key":"Block Potion"}],"is_trial":false,"path_per_floor":["M","?","?","M","M","E","R","M","T","$","M","M","?","E","R","B",null,"M","M","?","$","?","R","?","R","T","R","M","R","?","M","R","B",null,"M","T","?","M","?","E","R","$","T","M","E","R","M","M","R","B"],"character_chosen":"THE_SILENT","items_purchased":["Bane","Well Laid Plans+1","Bandage Up","Lantern","Dagger Spray","Snake Skull"],"campfire_rested":4,"item_purchase_floors":[10,10,10,21,21,42],"current_hp_per_floor":[70,70,58,56,55,34,55,45,45,45,48,46,52,27,27,21,76,65,40,46,46,46,46,46,46,46,46,17,41,41,21,45,16,82,79,79,79,57,57,48,72,72,72,72,75,75,80,80,80,56],"gold":105,"neow_bonus":"ONE_RANDOM_RARE_CARD","is_prod":false,"is_daily":false,"chose_seed":false,"campfire_upgraded":6,"win_rate":0.0,"timestamp":1530580832,"path_taken":["M","?","?","M","M","E","R","?","T","$","M","M","?","E","R","BOSS","M","?","?","$","?","R","?","R","T","R","M","R","?","?","R","BOSS","M","?","?","M","?","E","R","$","T","M","E","R","M","M","R","BOSS"],"build_version":"2018-06-28","purchased_purges":2,"victory":true,"max_hp_per_floor":[70,70,70,70,70,70,70,70,70,70,70,70,76,76,76,76,76,76,76,82,82,82,82,82,82,82,82,82,82,82,82,82,82,82,82,82,82,82,82,82,82,82,82,82,82,82,82,82,82,82],"card_choices":[{"not_picked":["Dodge and Roll","Catalyst"],"picked":"Riddle With Holes","floor":1},{"not_picked":["Expertise","Flying Knee"],"picked":"Noxious Fumes","floor":4},{"not_picked":["Prepared","Dash"],"picked":"Deadly Poison","floor":5},{"not_picked":["Leg Sweep","Footwork"],"picked":"Crippling Poison","floor":6},{"not_picked":["Calculated Gamble","Underhanded Strike"],"picked":"Deflect","floor":8},{"not_picked":["Deadly Poison","All Out Attack"],"picked":"Bane","floor":11},{"not_picked":["All Out Attack","Distraction","Well Laid Plans+1"],"picked":"SKIP","floor":12},{"not_picked":["A Thousand Cuts+1","Poisoned Stab"],"picked":"Footwork+1","floor":14},{"not_picked":["Tactician","Burst"],"picked":"Adrenaline","floor":16},{"not_picked":["PiercingWail","Deadly Poison"],"picked":"Infinite Blades+1","floor":18},{"not_picked":["Deflect","Catalyst"],"picked":"Riddle With Holes","floor":19},{"not_picked":["Deflect","Outmaneuver"],"picked":"Deadly Poison+1","floor":28},{"not_picked":["Deadly Poison","Dagger Spray"],"picked":"Sucker Punch+1","floor":31},{"not_picked":["Wraith Form v2+1","Phantasmal Killer"],"picked":"Night Terror","floor":33},{"not_picked":[],"picked":"Riddle With Holes+1","floor":35},{"not_picked":["Escape Plan+1"],"picked":"Flechettes+1","floor":38},{"not_picked":["Deflect"],"picked":"Envenom+1","floor":40},{"not_picked":["Acrobatics"],"picked":"Sucker Punch+1","floor":44},{"not_picked":["Venomology"],"picked":"Crippling Poison+1","floor":45},{"not_picked":["Deadly Poison+1"],"picked":"Dagger Spray+1","floor":47},{"not_picked":["Acrobatics","Dagger Throw"],"picked":"SKIP","floor":48}],"player_experience":53921,"relics_obtained":[{"floor":6,"key":"Potion Belt"},{"floor":9,"key":"Frozen Egg 2"},{"floor":14,"key":"Shuriken"},{"floor":26,"key":"Ancient Tea Set"},{"floor":26,"key":"Pantograph"},{"floor":36,"key":"Ornamental Fan"},{"floor":36,"key":"Question Card"},{"floor":40,"key":"Blood Vial"},{"floor":43,"key":"Whetstone"},{"floor":45,"key":"Bird Faced Urn"}],"event_choices":[{"event_name":"Liars Game","player_choice":"agreed","floor":2,"damage_taken":0},{"event_name":"Scrap Ooze","player_choice":"success","floor":3,"damage_taken":12},{"event_name":"Big Fish","player_choice":"Box","floor":13,"damage_taken":0},{"event_name":"The Mausoleum","player_choice":"Yes","floor":20,"damage_taken":0},{"event_name":"Accursed Blacksmith","player_choice":"Forge","floor":22,"damage_taken":0},{"event_name":"Fountain of Cleansing","player_choice":"Removed Curse","floor":24,"damage_taken":0},{"event_name":"Masked Bandits","player_choice":"Paid Bandits 58 gold","floor":30,"damage_taken":0},{"event_name":"Transmorgrifier","player_choice":"Transform","floor":37,"damage_taken":0},{"event_name":"Purifier","player_choice":"One Purge","floor":39,"damage_taken":0}],"boss_relics":[{"not_picked":["Orrery","Philosopher\u0027s Stone"],"picked":"White Beast Statue"},{"not_picked":["Lizard Tail","Eternal Feather"],"picked":"Busted Crown"}],"items_purged_floors":[10,42],"is_endless":false,"potions_floor_spawned":[1,4,12,16,18,19,28,31,33,35,38,40,44,45,47,48],"ascension_level":0}