{"gold_per_floor":[116,128,141,141,141,141,167,167,219,235,253,278,278,26,26,97,97,112,112,131,131,131,131,141,158,212,224,257,257,277,291,291,369,369,379,379,397,4,15,15,35,35,35,35,35,46,46,66,66,66],"floor_reached":51,"playtime":2692,"items_purged":["Strike_R"],"score":1329,"play_id":"589cfc84-d10d-4670-971a-9c73979d8fb3","local_time":"20190707172659","is_ascension_mode":true,"campfire_choices":[{"data":"Bash","floor":6.0,"key":"SMITH"},{"data":"Inflame","floor":13.0,"key":"SMITH"},{"data":"Metallicize","floor":15.0,"key":"SMITH"},{"data":"Limit Break","floor":23.0,"key":"SMITH"},{"data":"Power Through","floor":29.0,"key":"SMITH"},{"floor":32.0,"key":"REST"},{"data":"Entrench","floor":40,"key":"SMITH"},{"floor":42,"key":"REST"},{"data":"Heavy Blade","floor":44,"key":"SMITH"},{"data":"Impervious","floor":49,"key":"SMITH"}],"neow_cost":"NONE","seed_source_timestamp":614317100804791,"circlet_count":0,"master_deck":["AscendersBane","Strike_R+1","Strike_R+1","Defend_R+1","Defend_R","Defend_R","Defend_R","Bash+1","Ghostly Armor","Thunderclap","Shrug It Off+1","Inflame+1","Anger","Dropkick","Impervious+1","Metallicize+1","Limit Break+1","Inflame+1","Heavy Blade+1","Power Through+1","Battle Trance","Reaper","Entrench+1","Twin Strike+1","Intimidate+1","Warcry+1"],"special_seed":0,"relics":["Burning Blood","Vajra","Orichalcum","Pear","Whetstone","Omamori","Oddly Smooth Stone","Sozu","Smiling Mask","Centennial Puzzle","Empty Cage","Thread and Needle","The Courier","Art of War"],"potions_floor_usage":[33,33],"damage_taken":[{"damage":0.0,"enemies":"2 Louse","floor":1.0,"turns":3.0},{"damage":2.0,"enemies":"Jaw Worm","floor":2.0,"turns":4.0},{"damage":5.0,"enemies":"Small Slimes","floor":3.0,"turns":3.0},{"damage":29.0,"enemies":"3 Sentries","floor":7.0,"turns":9.0},{"damage":8.0,"enemies":"Blue Slaver","floor":10.0,"turns":3.0},{"damage":1.0,"enemies":"Looter","floor":11.0,"turns":2.0},{"damage":25.0,"enemies":"Gremlin Nob","floor":12.0,"turns":4.0},{"damage":11.0,"enemies":"Slime Boss","floor":16.0,"turns":8.0},{"damage":13.0,"enemies":"Spheric Guardian","floor":18.0,"turns":4.0},{"damage":8.0,"enemies":"Shell Parasite","floor":20.0,"turns":5.0},{"damage":14.0,"enemies":"Cultist and Chosen","floor":24.0,"turns":6.0},{"damage":0.0,"enemies":"Snecko","floor":25.0,"turns":3.0},{"damage":0.0,"enemies":"Centurion and Healer","floor":27.0,"turns":5.0},{"damage":45.0,"enemies":"Book of Stabbing","floor":28.0,"turns":5.0},{"damage":7.0,"enemies":"Sentry and Sphere","floor":30.0,"turns":4.0},{"damage":21.0,"enemies":"Shelled Parasite and Fungi","floor":31.0,"turns":6.0},{"damage":32,"enemies":"Collector","floor":33,"turns":7},{"damage":18,"enemies":"Orb Walker","floor":35,"turns":4},{"damage":0,"enemies":"3 Shapes","floor":37,"turns":11},{"damage":75,"enemies":"Transient","floor":39,"turns":6},{"damage":52,"enemies":"Jaw Worm Horde","floor":41,"turns":5},{"damage":4,"enemies":"Maw","floor":46,"turns":7},{"damage":2,"enemies":"4 Shapes","floor":48,"turns":11},{"damage":63,"enemies":"Donu and Deca","floor":50,"turns":9}],"seed_played":"3981818505529302128","potions_obtained":[{"floor":1.0,"key":"Swift Potion"},{"floor":3.0,"key":"Swift Potion"},{"floor":11.0,"key":"EssenceOfSteel"},{"floor":12.0,"key":"EssenceOfSteel"}],"is_trial":false,"path_per_floor":["M","M","M","?","?","R","E","?","T","M","M","E","R","$","R","B",null,"M","?","M","?","?","R","M","M","T","M","E","R","M","M","R","B",null,"M","?","M","$","M","R","M","R","T","R","$","M","T","M","R","B",null],"character_chosen":"IRONCLAD","items_purchased":["Metallicize","Oddly Smooth Stone","Thread and Needle"],"campfire_rested":2,"item_purchase_floors":[14,14,38],"current_hp_per_floor":[74,75,75,52,52,52,29,39,39,37,42,23,23,23,23,18,68,61,61,59,59,85,85,77,83,83,85,46,46,45,30,55,29,71,85,85,85,85,36,36,25,50,50,50,50,52,52,85,85,48],"gold":66,"neow_bonus":"RANDOM_COMMON_RELIC","is_prod":false,"is_daily":false,"chose_seed":false,"campfire_upgraded":8,"win_rate":0,"timestamp":1562534819,"path_taken":["M","M","M","?","?","R","E","?","T","M","M","E","R","?","R","BOSS","M","?","?","?","?","R","?","M","T","M","E","R","M","M","R","BOSS","M","?","M","$","M","R","M","R","T","R","$","M","?","?","R","BOSS"],"build_version":"2019-07-05","purchased_purges":1,"victory":true,"max_hp_per_floor":[75,75,75,75,75,75,75,85,85,85,85,85,85,85,85,85,85,85,85,85,85,85,85,85,85,85,85,85,85,85,85,85,85,85,85,85,85,85,85,85,85,85,85,85,85,85,85,85,85,85],"card_choices":[{"not_picked":["Shockwave","Body Slam"],"picked":"Ghostly Armor","floor":1.0},{"not_picked":["Wild Strike","Cleave"],"picked":"Thunderclap","floor":2.0},{"not_picked":["Warcry","Cleave"],"picked":"Shrug It Off","floor":3.0},{"not_picked":["Armaments","Reckless Charge"],"picked":"Inflame","floor":7.0},{"not_picked":["Juggernaut","Heavy Blade"],"picked":"Anger","floor":10.0},{"not_picked":["Heavy Blade","Brutality"],"picked":"Dropkick","floor":11.0},{"not_picked":["Hemokinesis","Battle Trance"],"picked":"Impervious","floor":12.0},{"not_picked":["Dark Embrace","Juggernaut"],"picked":"Limit Break","floor":16.0},{"not_picked":["Anger","Shrug It Off","Iron Wave"],"picked":"SKIP","floor":18.0},{"not_picked":["Armaments","True Grit"],"picked":"Inflame+1","floor":20.0},{"not_picked":["Headbutt","Rage"],"picked":"Heavy Blade","floor":24.0},{"not_picked":["Headbutt","True Grit"],"picked":"Power Through","floor":25.0},{"not_picked":["Twin Strike","Uppercut","Wild Strike"],"picked":"SKIP","floor":27.0},{"not_picked":["Warcry","Cleave","Second Wind"],"picked":"SKIP","floor":28.0},{"not_picked":["Body Slam","Infernal Blade"],"picked":"Battle Trance","floor":30.0},{"not_picked":["Sword Boomerang","Heavy Blade","Cleave"],"picked":"SKIP","floor":31.0},{"not_picked":["Fiend Fire","Exhume"],"picked":"Reaper","floor":33},{"not_picked":["Rupture","Thunderclap+1","Corruption"],"picked":"SKIP","floor":35},{"not_picked":["Armaments+1","Pommel Strike"],"picked":"Entrench","floor":37},{"not_picked":["Warcry","Perfected Strike","Pommel Strike"],"picked":"SKIP","floor":39},{"not_picked":["Shrug It Off","Flex+1"],"picked":"Twin Strike+1","floor":41},{"not_picked":["Berserk","Heavy Blade+1"],"picked":"Intimidate+1","floor":46},{"not_picked":["Body Slam","Feel No Pain+1"],"picked":"Warcry+1","floor":48}],"player_experience":1123729,"relics_obtained":[{"floor":7.0,"key":"Orichalcum"},{"floor":9.0,"key":"Whetstone"},{"floor":12.0,"key":"Omamori"},{"floor":26.0,"key":"Smiling Mask"},{"floor":28.0,"key":"Centennial Puzzle"},{"floor":43,"key":"The Courier"},{"floor":47,"key":"Art of War"}],"event_choices":[{"damage_healed":0.0,"max_hp_gain":0.0,"max_hp_loss":0.0,"gold_gain":0.0,"event_name":"Shining Light","player_choice":"Entered Light","floor":4.0,"gold_loss":0.0,"damage_taken":23.0,"cards_upgraded":["Shrug It Off","Defend_R"]},{"damage_healed":0.0,"max_hp_gain":0.0,"max_hp_loss":0.0,"gold_gain":0.0,"event_name":"Liars Game","player_choice":"Ignored","floor":5.0,"gold_loss":0.0,"damage_taken":0.0},{"damage_healed":0.0,"max_hp_gain":0.0,"max_hp_loss":0.0,"gold_gain":0.0,"event_name":"Dead Adventurer","player_choice":"Searched \u00272\u0027 times","floor":8.0,"gold_loss":0.0,"damage_taken":0.0,"relics_obtained":["Pear"]},{"damage_healed":0.0,"max_hp_gain":0.0,"max_hp_loss":0.0,"gold_gain":0.0,"event_name":"Lab","player_choice":"Got Potions","floor":19.0,"gold_loss":0.0,"damage_taken":0.0},{"damage_healed":0.0,"max_hp_gain":0.0,"max_hp_loss":0.0,"gold_gain":0.0,"event_name":"Vampires","player_choice":"Ignored","floor":21.0,"gold_loss":0.0,"damage_taken":0.0},{"damage_healed":26.0,"max_hp_gain":0.0,"max_hp_loss":0.0,"gold_gain":0.0,"event_name":"Wheel of Change","player_choice":"Full Heal","floor":22.0,"gold_loss":0.0,"damage_taken":0.0},{"damage_healed":0,"gold_gain":0,"player_choice":"Ignored","damage_taken":0,"max_hp_gain":0,"max_hp_loss":0,"event_name":"Mysterious Sphere","floor":36,"gold_loss":0}],"is_beta":false,"boss_relics":[{"not_picked":["Runic Cube","Lizard Tail"],"picked":"Sozu"},{"not_picked":["Calling Bell","White Beast Statue"],"picked":"Empty Cage"}],"items_purged_floors":[38],"is_endless":false,"potions_floor_spawned":[1,3,11,12,20,24,27,30,33,37,39],"ascension_level":19}