{"gold_per_floor":[119,119,0,17,29,62,73,73,73,73],"floor_reached":10,"playtime":480,"items_purged":[],"score":119,"play_id":"29c988b6-c13b-4069-9781-af5fdad32162","local_time":"20190717192035","is_ascension_mode":true,"campfire_choices":[],"neow_cost":"NONE","seed_source_timestamp":555149522291631,"circlet_count":0,"master_deck":["AscendersBane","Strike_B","Strike_B","Strike_B","Strike_B","Defend_B","Defend_B","Defend_B","Defend_B","Zap","Dualcast","Lockon","Defragment","Conserve Battery","Go for the Eyes","Cold Snap","Static Discharge","Gash"],"relics":["Eternal Feather","Ancient Tea Set","Meat on the Bone"],"potions_floor_usage":[10],"damage_taken":[{"damage":0,"enemies":"Cultist","floor":1,"turns":4},{"damage":25,"enemies":"Jaw Worm","floor":4,"turns":5},{"damage":7,"enemies":"Small Slimes","floor":5,"turns":4},{"damage":19,"enemies":"Lagavulin","floor":6,"turns":9},{"damage":2,"enemies":"2 Fungi Beasts","floor":7,"turns":4},{"damage":27,"enemies":"3 Sentries","floor":10,"turns":4}],"seed_played":"7159537124079938005","potions_obtained":[{"floor":1,"key":"PowerPotion"},{"floor":4,"key":"GamblersBrew"}],"is_trial":false,"path_per_floor":["M","?","$","M","M","E","M","$","T","E"],"character_chosen":"DEFECT","items_purchased":["Defragment","Conserve Battery"],"campfire_rested":0,"item_purchase_floors":[3,3],"current_hp_per_floor":[64,71,71,46,39,20,18,18,18,0],"gold":73,"neow_bonus":"BOSS_RELIC","is_prod":false,"is_daily":false,"chose_seed":false,"campfire_upgraded":0,"win_rate":0,"timestamp":1563384035,"path_taken":["M","?","?","M","M","E","M","$","T","E"],"build_version":"2019-07-05","purchased_purges":0,"victory":false,"max_hp_per_floor":[71,71,71,71,71,71,71,71,71,71],"card_choices":[{"not_picked":["Storm","Blizzard"],"picked":"Lockon","floor":1},{"not_picked":["Barrage","Rebound"],"picked":"Go for the Eyes","floor":4},{"not_picked":["Force Field","Sweeping Beam"],"picked":"Cold Snap","floor":5},{"not_picked":["Heatsinks","Stack"],"picked":"Static Discharge","floor":6},{"not_picked":["Hello World","Barrage"],"picked":"Gash","floor":7}],"player_experience":650183,"relics_obtained":[{"floor":6,"key":"Ancient Tea Set"},{"floor":9,"key":"Meat on the Bone"}],"event_choices":[{"damage_healed":7,"gold_gain":0,"player_choice":"Full Heal","damage_taken":0,"max_hp_gain":0,"max_hp_loss":0,"event_name":"Wheel of Change","floor":2,"gold_loss":0}],"is_beta":false,"boss_relics":[],"items_purged_floors":[],"is_endless":false,"potions_floor_spawned":[1,4],"killed_by":"3 Sentries","ascension_level":15}