{"gold_per_floor":[116,127,127,151,301,301,344,344,370,370,370,386,406,444,444,537,537,558,571,595,107,132,132,147,147,174,174,25,43,82,32,32,32],"floor_reached":33,"playtime":2508,"items_purged":["Doubt","Decay","Injury"],"score":554,"play_id":"12aaa4c6-7747-4fe1-8f66-9d920ed28da6","local_time":"20190610221343","is_ascension_mode":true,"campfire_choices":[{"data":"Skewer","floor":6.0,"key":"SMITH"},{"data":"Neutralize","floor":8.0,"key":"SMITH"},{"floor":11.0,"key":"REST"},{"floor":15.0,"key":"REST"},{"floor":23,"key":"REST"},{"floor":25,"key":"REST"},{"data":"Wraith Form v2","floor":27,"key":"SMITH"},{"floor":32,"key":"REST"}],"neow_cost":"CURSE","seed_source_timestamp":861910603833628,"circlet_count":0,"master_deck":["AscendersBane","Defend_G","Defend_G","Defend_G","Defend_G","Defend_G","Strike_G","Strike_G","Strike_G+1","Strike_G","Strike_G","Survivor","Neutralize+1","Deflect","Skewer+1","Endless Agony","Blur","Backstab+1","Blur","Finisher","Wraith Form v2+1","Well Laid Plans","Burst","Footwork","Panacea","Calculated Gamble","Cloak And Dagger","Noxious Fumes","Cloak And Dagger","Blade Dance"],"special_seed":0,"relics":["Ring of the Snake","Dead Branch","Golden Idol","Smiling Mask","Centennial Puzzle","Orichalcum","Whetstone","Cursed Key","Paper Crane","Happy Flower","Pen Nib"],"potions_floor_usage":[16,30,33],"damage_taken":[{"damage":0.0,"enemies":"2 Louse","floor":1.0,"turns":4.0},{"damage":5.0,"enemies":"Jaw Worm","floor":2.0,"turns":8.0},{"damage":2.0,"enemies":"Cultist","floor":4.0,"turns":5.0},{"damage":9.0,"enemies":"3 Sentries","floor":7.0,"turns":6.0},{"damage":13.0,"enemies":"Gremlin Gang","floor":12.0,"turns":7.0},{"damage":1.0,"enemies":"Lots of Slimes","floor":13.0,"turns":7.0},{"damage":23.0,"enemies":"Lagavulin","floor":14.0,"turns":5.0},{"damage":31,"enemies":"Slime Boss","floor":16,"turns":11},{"damage":4,"enemies":"3 Byrds","floor":18,"turns":6},{"damage":9,"enemies":"Spheric Guardian","floor":19,"turns":4},{"damage":19,"enemies":"Snake Plant","floor":20,"turns":4},{"damage":0,"enemies":"Snecko","floor":22,"turns":3},{"damage":4,"enemies":"3 Cultists","floor":24,"turns":4},{"damage":24,"enemies":"Snake Plant","floor":29,"turns":5},{"damage":21,"enemies":"Slavers","floor":30,"turns":6},{"damage":27,"enemies":"Collector","floor":33,"turns":5}],"seed_played":"6532142942323743948","potions_obtained":[{"floor":7.0,"key":"SteroidPotion"},{"floor":12.0,"key":"SkillPotion"},{"floor":14.0,"key":"Poison Potion"},{"floor":19,"key":"Weak Potion"},{"floor":20,"key":"Block Potion"}],"is_trial":false,"path_per_floor":["M","M","?","M","?","R","E","R","T","T","R","M","M","E","R","B",null,"M","M","M","$","M","R","M","R","T","R","$","M","E","$","R","B"],"character_chosen":"THE_SILENT","items_purchased":["Footwork","Panacea","Paper Crane","Noxious Fumes","Cloak And Dagger"],"campfire_rested":5,"item_purchase_floors":[21,21,21,28,28],"current_hp_per_floor":[59,54,54,52,52,52,43,43,43,43,60,47,46,23,41,10,48,44,35,16,16,16,34,30,48,48,48,48,24,3,3,21,0],"gold":32,"neow_bonus":"ONE_RARE_RELIC","is_prod":false,"is_daily":false,"chose_seed":false,"campfire_upgraded":3,"win_rate":0,"timestamp":1560197623,"path_taken":["M","M","?","M","?","R","E","R","T","?","R","M","M","E","R","BOSS","M","?","M","$","M","R","M","R","T","R","$","M","E","$","R","BOSS"],"build_version":"2019-01-23","purchased_purges":3,"victory":false,"max_hp_per_floor":[66,66,60,60,60,60,60,60,60,60,60,60,60,60,60,60,60,60,60,60,60,60,60,60,60,60,60,60,60,60,60,60,60],"card_choices":[{"not_picked":["Concentrate","Reflex"],"picked":"Deflect","floor":1.0},{"not_picked":["Poisoned Stab","Predator"],"picked":"Skewer","floor":2.0},{"not_picked":["Poisoned Stab","Dagger Spray"],"picked":"Endless Agony","floor":4.0},{"not_picked":["Burst","Finisher"],"picked":"Blur","floor":7.0},{"not_picked":["Slice","Bane"],"picked":"Backstab","floor":12.0},{"not_picked":["Prepared","Skewer"],"picked":"Blur","floor":13.0},{"not_picked":["Unload","Slice"],"picked":"Finisher","floor":14.0},{"not_picked":["Bullet Time","Burst"],"picked":"Wraith Form v2","floor":16},{"not_picked":["Deflect","Poisoned Stab"],"picked":"Well Laid Plans","floor":18},{"not_picked":["Predator","Dagger Spray","Bane"],"picked":"SKIP","floor":19},{"not_picked":["Predator","Skewer+1"],"picked":"Burst","floor":20},{"not_picked":["Concentrate","Slice"],"picked":"Calculated Gamble","floor":22},{"not_picked":["Acrobatics+1","Bane"],"picked":"Cloak And Dagger","floor":24},{"not_picked":["Masterful Stab","Deflect+1"],"picked":"Blade Dance","floor":29},{"not_picked":["Expertise","All Out Attack","Backflip"],"picked":"SKIP","floor":30}],"player_experience":496962,"relics_obtained":[{"floor":7.0,"key":"Smiling Mask"},{"floor":9.0,"key":"Centennial Puzzle"},{"floor":10.0,"key":"Orichalcum"},{"floor":14.0,"key":"Whetstone"},{"floor":26,"key":"Happy Flower"},{"floor":30,"key":"Pen Nib"}],"event_choices":[{"damage_healed":0.0,"max_hp_gain":0.0,"max_hp_loss":6.0,"gold_gain":0.0,"event_name":"Golden Idol","player_choice":"Lose Max HP","floor":3.0,"gold_loss":0.0,"damage_taken":0.0,"relics_obtained":["Golden Idol"]},{"damage_healed":0.0,"max_hp_gain":0.0,"max_hp_loss":0.0,"gold_gain":150.0,"event_name":"Liars Game","player_choice":"AGREE","floor":5.0,"gold_loss":0.0,"damage_taken":0.0,"cards_obtained":["Doubt"]}],"is_beta":false,"boss_relics":[{"not_picked":["Tiny House","Lizard Tail"],"picked":"Cursed Key"}],"items_purged_floors":[21,28,31],"is_endless":false,"potions_floor_spawned":[7,12,14,19,20,22,24],"killed_by":"Collector","ascension_level":20}