{"gold_per_floor":[118,118,130,149,45,45,77,77,77,77,104,104,164,144,144,221,221,231,251,251,251],"floor_reached":21,"playtime":807,"items_purged":["Strike_B"],"score":342,"play_id":"d6955227-40cf-473a-8d18-d217c4cec8e4","local_time":"20190603191132","is_ascension_mode":true,"campfire_choices":[{"data":"Zap","floor":6,"key":"SMITH"},{"floor":8,"key":"REST"},{"floor":10,"key":"REST"},{"floor":12,"key":"REST"},{"data":"Barrage","floor":15,"key":"SMITH"}],"neow_cost":"NONE","seed_source_timestamp":247992412485107,"circlet_count":0,"master_deck":["AscendersBane","Strike_B+1","Strike_B","Strike_B","Defend_B","Defend_B","Defend_B+1","Defend_B","Zap+1","Dualcast","Coolheaded","Barrage+1","Reinforced Body","Ball Lightning","Buffer","Coolheaded","Compile Driver","Biased Cognition","Loop","Ball Lightning","Shame"],"relics":["Cracked Core","NeowsBlessing","Du-Vu Doll","Dead Branch","Meat on the Bone","Symbiotic Virus","Black Star","Omamori"],"potions_floor_usage":[7],"damage_taken":[{"damage":0,"enemies":"Small Slimes","floor":1,"turns":1},{"damage":0,"enemies":"2 Louse","floor":3,"turns":1},{"damage":0,"enemies":"Cultist","floor":4,"turns":1},{"damage":32,"enemies":"Gremlin Nob","floor":7,"turns":4},{"damage":36,"enemies":"3 Sentries","floor":11,"turns":5},{"damage":18,"enemies":"Lagavulin Event","floor":13,"turns":5},{"damage":13,"enemies":"The Guardian","floor":16,"turns":10},{"damage":22,"enemies":"2 Thieves","floor":18,"turns":4},{"damage":11,"enemies":"Spheric Guardian","floor":19,"turns":4},{"damage":49,"enemies":"Masked Bandits","floor":21,"turns":4}],"seed_played":"-7595208246006522550","potions_obtained":[{"floor":3,"key":"PowerPotion"},{"floor":7,"key":"SteroidPotion"},{"floor":14,"key":"Ancient Potion"},{"floor":18,"key":"Explosive Potion"}],"is_trial":false,"path_per_floor":["M","?","M","M","$","R","E","R","T","R","E","R","?","?","R","B",null,"M","M","?","?"],"character_chosen":"DEFECT","items_purchased":["Ball Lightning"],"campfire_rested":3,"item_purchase_floors":[5],"current_hp_per_floor":[64,43,43,43,43,43,11,32,32,53,17,38,32,32,32,31,61,39,40,40,0],"gold":251,"neow_bonus":"THREE_ENEMY_KILL","is_prod":false,"is_daily":false,"chose_seed":false,"campfire_upgraded":2,"win_rate":0,"timestamp":1559581892,"path_taken":["M","?","M","M","$","R","E","R","T","R","E","R","?","?","R","BOSS","M","M","?","?"],"build_version":"2019-01-23","purchased_purges":1,"victory":false,"max_hp_per_floor":[71,71,71,71,71,71,71,71,71,71,71,71,71,71,71,71,71,71,71,71,71],"card_choices":[{"not_picked":["Go for the Eyes","Chill"],"picked":"Coolheaded","floor":1},{"not_picked":["Beam Cell","Force Field"],"picked":"Barrage","floor":3},{"not_picked":["Leap","Aggregate"],"picked":"Reinforced Body","floor":4},{"not_picked":["Reinforced Body","Hologram"],"picked":"Buffer","floor":7},{"not_picked":["Rebound","White Noise"],"picked":"Coolheaded","floor":11},{"not_picked":["Rebound","Gash"],"picked":"Compile Driver","floor":13},{"not_picked":["Rainbow","Hyperbeam"],"picked":"Biased Cognition","floor":16},{"not_picked":["Rebound","Streamline"],"picked":"Loop","floor":18},{"not_picked":["Compile Driver+1","Streamline"],"picked":"Ball Lightning","floor":19}],"player_experience":445525,"relics_obtained":[{"floor":7,"key":"Du-Vu Doll"},{"floor":9,"key":"Dead Branch"},{"floor":11,"key":"Meat on the Bone"},{"floor":13,"key":"Symbiotic Virus"}],"event_choices":[{"damage_healed":0,"gold_gain":0,"player_choice":"Entered Light","damage_taken":21,"max_hp_gain":0,"max_hp_loss":0,"event_name":"Shining Light","floor":2,"gold_loss":0,"cards_upgraded":["Strike_B","Defend_B"]},{"damage_healed":0,"gold_gain":0,"player_choice":"Searched \u00271\u0027 times","damage_taken":0,"max_hp_gain":0,"max_hp_loss":0,"event_name":"Dead Adventurer","floor":13,"gold_loss":0},{"damage_healed":0,"gold_gain":0,"player_choice":"Bought 1 Potion","damage_taken":0,"max_hp_gain":0,"max_hp_loss":0,"event_name":"The Woman in Blue","floor":14,"gold_loss":0},{"damage_healed":0,"gold_gain":0,"player_choice":"Stole Relic","damage_taken":0,"relics_obtained":["Omamori"],"max_hp_gain":0,"max_hp_loss":0,"event_name":"Addict","floor":20,"gold_loss":0,"cards_obtained":["Shame"]},{"damage_healed":0,"gold_gain":0,"player_choice":"Fought Bandits","damage_taken":0,"max_hp_gain":0,"max_hp_loss":0,"event_name":"Masked Bandits","floor":21,"gold_loss":0}],"is_beta":false,"boss_relics":[{"not_picked":["Empty Cage","Lizard Tail"],"picked":"Black Star"}],"items_purged_floors":[5],"is_endless":false,"potions_floor_spawned":[3,7,18,19],"killed_by":"Masked Bandits","ascension_level":17}