{"gold_per_floor":[111,127,127,138,155,188,363,363,363,373,59,93,109,142,142,242,242,254,5,5,5,5,35,35,52,52,152,167,42,59,75,75,180,180,200,215,234,253,264,296,296,296,321,353,367,378,478,505,505,505],"floor_reached":51,"playtime":4159,"items_purged":[],"score":923,"play_id":"08302e22-8af6-4d20-8e4f-6cbe59e4c146","local_time":"20191015042659","is_ascension_mode":true,"campfire_choices":[{"floor":8,"key":"REST"},{"floor":15,"key":"REST"},{"data":"Shame","floor":24,"key":"PURGE"},{"data":"Hologram","floor":32,"key":"SMITH"},{"data":"Consume","floor":41,"key":"SMITH"},{"data":"Biased Cognition","floor":49,"key":"SMITH"}],"neow_cost":"CURSE","seed_source_timestamp":388471035158400,"circlet_count":0,"master_deck":["Strike_B","Strike_B","Strike_B","Defend_B","Defend_B","Defend_B","Defend_B","Zap+1","Dualcast","Injury","Conserve Battery","Loop","Machine Learning","Genetic Algorithm","Doubt","Gash","Consume+1","Ball Lightning","Electrodynamics","Hologram+1","Coolheaded","Writhe","Self Repair","Glacier","Compile Driver","Buffer","Beam Cell+1","Steam+1","Doom and Gloom","Compile Driver+1","Defragment","Gash+1","Barrage+1","Glacier+1","Biased Cognition+1"],"relics":["Cracked Core","Du-Vu Doll","Ginger","FossilizedHelix","Bottled Tornado","Ice Cream","Peace Pipe","Philosopher\u0027s Stone","ClockworkSouvenir","PreservedInsect","Pantograph","Kunai","Mercury Hourglass","Incense Burner","Dodecahedron","Inserter","StoneCalendar","Ancient Tea Set","Blue Candle","Mango","Boot"],"potions_floor_usage":[12,14,14,18,22,25,30,30,35,37,39,39],"damage_taken":[{"damage":11,"enemies":"Jaw Worm","floor":1,"turns":3},{"damage":4,"enemies":"Small Slimes","floor":2,"turns":3},{"damage":1,"enemies":"Cultist","floor":4,"turns":3},{"damage":8,"enemies":"2 Fungi Beasts","floor":5,"turns":3},{"damage":14,"enemies":"Lagavulin","floor":6,"turns":7},{"damage":0,"enemies":"Blue Slaver","floor":10,"turns":3},{"damage":9,"enemies":"3 Sentries","floor":12,"turns":7},{"damage":2,"enemies":"Large Slime","floor":13,"turns":4},{"damage":20,"enemies":"Gremlin Nob","floor":14,"turns":4},{"damage":13,"enemies":"The Guardian","floor":16,"turns":11},{"damage":6,"enemies":"Chosen","floor":18,"turns":4},{"damage":0,"enemies":"Spheric Guardian","floor":22,"turns":3},{"damage":32,"enemies":"Slavers","floor":23,"turns":5},{"damage":7,"enemies":"Shelled Parasite and Fungi","floor":25,"turns":5},{"damage":14,"enemies":"Colosseum Slavers","floor":27,"turns":2},{"damage":14,"enemies":"Colosseum Nobs","floor":27,"turns":3},{"damage":0,"enemies":"Sentry and Sphere","floor":28,"turns":3},{"damage":0,"enemies":"Snake Plant","floor":30,"turns":4},{"damage":6,"enemies":"Chosen and Byrds","floor":31,"turns":5},{"damage":10,"enemies":"Automaton","floor":33,"turns":13},{"damage":6,"enemies":"3 Darklings","floor":35,"turns":5},{"damage":0,"enemies":"3 Shapes","floor":36,"turns":4},{"damage":0,"enemies":"Spire Growth","floor":37,"turns":6},{"damage":0,"enemies":"4 Shapes","floor":38,"turns":3},{"damage":0,"enemies":"Transient","floor":39,"turns":5},{"damage":0,"enemies":"Nemesis","floor":40,"turns":5},{"damage":0,"enemies":"Reptomancer","floor":44,"turns":5},{"damage":0,"enemies":"Maw","floor":45,"turns":6},{"damage":0,"enemies":"Jaw Worm Horde","floor":46,"turns":4},{"damage":0,"enemies":"Mind Bloom Boss Battle","floor":47,"turns":5},{"damage":0,"enemies":"Giant Head","floor":48,"turns":7},{"damage":21,"enemies":"Donu and Deca","floor":50,"turns":8}],"seed_played":"-764258273208847235","potions_obtained":[{"floor":2,"key":"SmokeBomb"},{"floor":5,"key":"Explosive Potion"},{"floor":12,"key":"Swift Potion"},{"floor":13,"key":"Dexterity Potion"},{"floor":14,"key":"Fruit Juice"},{"floor":25,"key":"Fruit Juice"},{"floor":31,"key":"Weak Potion"},{"floor":33,"key":"SneckoOil"},{"floor":36,"key":"SkillPotion"},{"floor":38,"key":"FocusPotion"},{"floor":39,"key":"FearPotion"},{"floor":47,"key":"Dexterity Potion"}],"is_trial":false,"path_per_floor":["M","M","?","M","M","E","?","R","T","M","$","E","M","E","R","B",null,"M","$","?","?","M","E","R","M","T","?","M","$","M","M","R","B",null,"M","M","M","M","M","E","R","?","T","E","M","M","?","E","R","B",null],"character_chosen":"DEFECT","items_purchased":["Bottled Tornado","Consume","ClockworkSouvenir","Coolheaded","Regen Potion","Block Potion"],"campfire_rested":2,"item_purchase_floors":[11,11,19,19,29,29],"current_hp_per_floor":[64,60,60,59,51,37,37,59,59,59,59,50,48,33,57,44,80,74,74,74,74,74,42,42,40,40,12,19,19,38,39,39,61,85,85,85,85,85,85,85,85,85,85,85,85,85,99,99,99,85],"gold":505,"neow_bonus":"ONE_RARE_RELIC","is_prod":false,"is_daily":false,"chose_seed":false,"campfire_upgraded":3,"win_rate":0,"timestamp":1571128019,"path_taken":["M","M","?","M","M","E","?","R","T","M","$","E","?","E","R","BOSS","M","$","?","?","M","E","R","M","T","?","M","$","M","M","R","BOSS","M","M","M","M","M","E","R","?","T","E","M","M","?","E","R","BOSS"],"build_version":"2019-07-17","purchased_purges":0,"victory":true,"max_hp_per_floor":[75,75,75,75,75,75,75,75,75,75,75,75,75,80,80,80,80,80,80,80,80,80,80,80,85,85,85,85,85,85,85,85,85,85,85,85,85,85,85,85,85,85,85,85,85,85,99,99,99,99],"card_choices":[{"not_picked":["Consume","Gash"],"picked":"Conserve Battery","floor":1},{"not_picked":["Streamline","Rebound","Redo"],"picked":"SKIP","floor":2},{"not_picked":["Reinforced Body","Scrape"],"picked":"Loop","floor":4},{"not_picked":["Rebound","Steam"],"picked":"Machine Learning","floor":5},{"not_picked":["Barrage","Streamline"],"picked":"Genetic Algorithm","floor":6},{"not_picked":["Rainbow","Melter"],"picked":"Gash","floor":10},{"not_picked":["Streamline","Machine Learning","Recycle"],"picked":"SKIP","floor":12},{"not_picked":["Darkness","Turbo"],"picked":"Ball Lightning","floor":13},{"not_picked":["Steam","FTL"],"picked":"Electrodynamics","floor":14},{"not_picked":["Stack","Streamline"],"picked":"Hologram","floor":18},{"not_picked":["Melter","Force Field","Conserve Battery+1"],"picked":"SKIP","floor":23},{"not_picked":["FTL+1","Conserve Battery","Turbo"],"picked":"SKIP","floor":25},{"not_picked":["Compile Driver","Gash"],"picked":"Self Repair","floor":27},{"not_picked":["Static Discharge","Go for the Eyes"],"picked":"Glacier","floor":28},{"not_picked":["Fusion","Streamline"],"picked":"Compile Driver","floor":30},{"not_picked":["Conserve Battery","Redo+1","Core Surge"],"picked":"SKIP","floor":31},{"not_picked":["Fission","Reboot"],"picked":"Buffer","floor":33},{"not_picked":["Chaos","Steam+1"],"picked":"Beam Cell+1","floor":35},{"not_picked":["Turbo+1","Chaos"],"picked":"Steam+1","floor":36},{"not_picked":["Coolheaded+1","Stack"],"picked":"Doom and Gloom","floor":37},{"not_picked":["Turbo+1","White Noise+1"],"picked":"Compile Driver+1","floor":38},{"not_picked":["Turbo+1","Chill+1"],"picked":"Defragment","floor":39},{"not_picked":["Static Discharge","Skim"],"picked":"Gash+1","floor":40},{"not_picked":["Hello World+1","Chaos","Static Discharge"],"picked":"SKIP","floor":44},{"not_picked":["Chill","Beam Cell+1"],"picked":"Barrage+1","floor":45},{"not_picked":["Multi-Cast","Coolheaded","Self Repair+1"],"picked":"SKIP","floor":46},{"not_picked":["Consume","Hologram"],"picked":"Glacier+1","floor":47},{"not_picked":["Blizzard","Rebound"],"picked":"Biased Cognition","floor":48}],"player_experience":85186,"relics_obtained":[{"floor":6,"key":"Ginger"},{"floor":9,"key":"FossilizedHelix"},{"floor":12,"key":"Ice Cream"},{"floor":14,"key":"Peace Pipe"},{"floor":23,"key":"Kunai"},{"floor":26,"key":"Mercury Hourglass"},{"floor":27,"key":"Incense Burner"},{"floor":27,"key":"Dodecahedron"},{"floor":40,"key":"StoneCalendar"},{"floor":43,"key":"Ancient Tea Set"},{"floor":44,"key":"Blue Candle"},{"floor":47,"key":"Mango"},{"floor":48,"key":"Boot"}],"event_choices":[{"damage_healed":0,"gold_gain":0,"player_choice":"Grow","damage_taken":0,"max_hp_gain":0,"max_hp_loss":0,"event_name":"Living Wall","floor":3,"gold_loss":0,"cards_upgraded":["Zap"]},{"damage_healed":0,"gold_gain":175,"player_choice":"AGREE","damage_taken":0,"max_hp_gain":0,"max_hp_loss":0,"event_name":"Liars Game","floor":7,"gold_loss":0,"cards_obtained":["Doubt"]},{"damage_healed":0,"gold_gain":0,"player_choice":"Stole Relic","damage_taken":0,"relics_obtained":["PreservedInsect"],"max_hp_gain":0,"max_hp_loss":0,"event_name":"Addict","floor":20,"gold_loss":0,"cards_obtained":["Shame"]},{"damage_healed":0,"gold_gain":0,"player_choice":"Opened","damage_taken":0,"relics_obtained":["Pantograph"],"max_hp_gain":0,"max_hp_loss":0,"event_name":"The Mausoleum","floor":21,"gold_loss":0,"cards_obtained":["Writhe"]},{"damage_healed":0,"gold_gain":0,"player_choice":"Fight","damage_taken":0,"max_hp_gain":0,"max_hp_loss":0,"event_name":"Colosseum","floor":27,"gold_loss":0},{"damage_healed":0,"gold_gain":0,"player_choice":"Fought Nobs","damage_taken":0,"max_hp_gain":0,"max_hp_loss":0,"event_name":"Colosseum","floor":27,"gold_loss":0},{"cards_removed":["Strike_B"],"damage_healed":0,"gold_gain":0,"player_choice":"Removed Attack","damage_taken":0,"max_hp_gain":0,"max_hp_loss":0,"event_name":"Falling","floor":42,"gold_loss":0},{"damage_healed":0,"gold_gain":0,"player_choice":"Fight","damage_taken":0,"max_hp_gain":0,"max_hp_loss":0,"event_name":"MindBloom","floor":47,"gold_loss":0}],"is_beta":false,"boss_relics":[{"not_picked":["Astrolabe","Black Star"],"picked":"Philosopher\u0027s Stone"},{"not_picked":["Sozu","Runic Dome"],"picked":"Inserter"}],"items_purged_floors":[],"is_endless":false,"potions_floor_spawned":[2,5,12,13,14,22,25,27,31,33,36,38,39,47],"ascension_level":1}