{"gold_per_floor":[216,216,227,227,240,272,272],"floor_reached":7,"playtime":329,"items_purged":[],"score":102,"play_id":"65a4d071-9718-444f-bf85-c4d66a39c1e0","local_time":"20190729200143","is_ascension_mode":true,"campfire_choices":[],"neow_cost":"NONE","seed_source_timestamp":610860748177244,"circlet_count":0,"master_deck":["AscendersBane","Strike_G","Strike_G","Strike_G","Strike_G","Strike_G+1","Defend_G+1","Defend_G+1","Defend_G","Defend_G","Defend_G","Survivor+1","Neutralize","Footwork","Quick Slash","Noxious Fumes"],"special_seed":0,"relics":["Ring of the Snake","NlothsMask","War Paint"],"potions_floor_usage":[6,6],"damage_taken":[{"damage":9.0,"enemies":"Jaw Worm","floor":1.0,"turns":4.0},{"damage":0.0,"enemies":"2 Louse","floor":3.0,"turns":3.0},{"damage":4.0,"enemies":"Cultist","floor":5.0,"turns":5.0},{"damage":20,"enemies":"Lagavulin","floor":6,"turns":10},{"damage":8,"enemies":"Lots of Slimes","floor":7,"turns":2}],"seed_played":"3204186873999298305","potions_obtained":[{"floor":1.0,"key":"Poison Potion"},{"floor":5.0,"key":"Dexterity Potion"}],"is_trial":false,"path_per_floor":["M","?","M","?","M","E","M"],"character_chosen":"THE_SILENT","items_purchased":[],"campfire_rested":0,"item_purchase_floors":[],"current_hp_per_floor":[50,30,30,30,26,6,0],"gold":272,"neow_bonus":"HUNDRED_GOLD","is_prod":false,"is_daily":false,"chose_seed":false,"campfire_upgraded":0,"win_rate":0,"timestamp":1564444903,"path_taken":["M","?","M","?","?","E","M"],"build_version":"2019-07-17","purchased_purges":0,"victory":false,"max_hp_per_floor":[66,66,66,66,66,66,66],"card_choices":[{"not_picked":["Backstab","Outmaneuver"],"picked":"Footwork","floor":1.0},{"not_picked":["Accuracy","Acrobatics","Underhanded Strike"],"picked":"SKIP","floor":3.0},{"not_picked":["Escape Plan","Deflect"],"picked":"Quick Slash","floor":5.0},{"not_picked":["PiercingWail","Flechettes"],"picked":"Noxious Fumes","floor":6}],"player_experience":1176359,"relics_obtained":[{"floor":6,"key":"War Paint"}],"event_choices":[{"damage_healed":0.0,"max_hp_gain":0.0,"max_hp_loss":0.0,"gold_gain":0.0,"event_name":"Shining Light","player_choice":"Entered Light","floor":2.0,"gold_loss":0.0,"damage_taken":20.0,"cards_upgraded":["Strike_G","Defend_G"]},{"damage_healed":0.0,"max_hp_gain":0.0,"max_hp_loss":0.0,"gold_gain":0.0,"event_name":"FaceTrader","player_choice":"Trade","floor":4.0,"gold_loss":0.0,"damage_taken":0.0,"relics_obtained":["NlothsMask"]}],"is_beta":false,"boss_relics":[],"items_purged_floors":[],"is_endless":false,"potions_floor_spawned":[1,5],"killed_by":"Lots of Slimes","ascension_level":20}