{"gold_per_floor":[17,17,29,104,121,151,151,162,162,218,250,265,265,39,39,118,118,131,181,198,210,135,135,166,178,178,178,178,178,203,58,58,132,132,149,169,169,181,193,193],"floor_reached":40,"playtime":1827,"items_purged":["Strike_G","Strike_G"],"score":763,"play_id":"e6b21445-538f-433d-8ef6-d1779147ae40","local_time":"20190702174240","is_ascension_mode":true,"campfire_choices":[{"data":"Terror","floor":7.0,"key":"SMITH"},{"data":"Neutralize","floor":13.0,"key":"SMITH"},{"data":"Dagger Spray","floor":15.0,"key":"SMITH"},{"data":"Corpse Explosion","floor":23.0,"key":"SMITH"},{"floor":27.0,"key":"REST"},{"floor":29.0,"key":"REST"},{"data":"Crippling Poison","floor":32.0,"key":"SMITH"}],"neow_cost":"NO_GOLD","seed_source_timestamp":0,"circlet_count":0,"master_deck":["AscendersBane","Strike_G","Strike_G","Defend_G","Defend_G","Defend_G","Defend_G","Defend_G","Survivor","Neutralize+1","Poisoned Stab+1","Bouncing Flask","Terror+1","Dash","Dagger Spray+1","Corpse Explosion+1","Crippling Poison+1","Footwork","Corpse Explosion","Backflip","Adrenaline"],"special_seed":0,"relics":["Ring of the Snake","Dead Branch","Pear","Pantograph","Blue Candle","Happy Flower","Snecko Eye","Calipers","Molten Egg 2","Gremlin Horn","Busted Crown"],"potions_floor_usage":[],"damage_taken":[{"damage":1.0,"enemies":"2 Louse","floor":1.0,"turns":4.0},{"damage":0.0,"enemies":"Jaw Worm","floor":3.0,"turns":4.0},{"damage":3.0,"enemies":"Small Slimes","floor":5.0,"turns":5.0},{"damage":13.0,"enemies":"Gremlin Nob","floor":6.0,"turns":4.0},{"damage":1.0,"enemies":"Looter","floor":8.0,"turns":3.0},{"damage":30.0,"enemies":"Lagavulin","floor":11.0,"turns":6.0},{"damage":0.0,"enemies":"Lots of Slimes","floor":12.0,"turns":1.0},{"damage":19.0,"enemies":"The Guardian","floor":16.0,"turns":10.0},{"damage":6.0,"enemies":"Spheric Guardian","floor":18.0,"turns":3.0},{"damage":7.0,"enemies":"3 Byrds","floor":20.0,"turns":3.0},{"damage":14.0,"enemies":"Snake Plant","floor":21.0,"turns":4.0},{"damage":33.0,"enemies":"Book of Stabbing","floor":24.0,"turns":5.0},{"damage":0.0,"enemies":"Sentry and Sphere","floor":25.0,"turns":3.0},{"damage":18.0,"enemies":"Gremlin Leader","floor":30.0,"turns":4.0},{"damage":30.0,"enemies":"Collector","floor":33.0,"turns":6.0},{"damage":9,"enemies":"Orb Walker","floor":35,"turns":3},{"damage":19,"enemies":"3 Shapes","floor":36,"turns":2},{"damage":18,"enemies":"Transient","floor":38,"turns":5},{"damage":0,"enemies":"Sphere and 2 Shapes","floor":39,"turns":3},{"damage":31,"enemies":"Giant Head","floor":40,"turns":6}],"seed_played":"2731477499493990476","potions_obtained":[{"floor":3.0,"key":"SpeedPotion"},{"floor":5.0,"key":"EssenceOfSteel"},{"floor":6.0,"key":"SkillPotion"},{"floor":16.0,"key":"Fire Potion"},{"floor":20.0,"key":"Block Potion"},{"floor":24.0,"key":"Fire Potion"},{"floor":30.0,"key":"Swift Potion"},{"floor":38,"key":"EntropicBrew"}],"is_trial":false,"path_per_floor":["M","?","M","?","M","E","R","M","T","?","E","M","R","$","R","B",null,"M","?","M","M","?","R","E","M","T","R","?","R","E","$","R","B",null,"M","M","?","M","M","E"],"character_chosen":"THE_SILENT","items_purchased":["Happy Flower","Backflip"],"campfire_rested":2,"item_purchase_floors":[14,31],"current_hp_per_floor":[58,58,58,47,44,41,41,40,40,40,10,10,10,10,10,16,61,55,55,48,34,34,34,1,1,1,23,23,45,27,27,27,22,63,54,35,35,17,17,0],"gold":193,"neow_bonus":"ONE_RARE_RELIC","is_prod":false,"is_daily":false,"chose_seed":false,"campfire_upgraded":5,"win_rate":0,"timestamp":1562082160,"path_taken":["M","?","M","?","M","E","R","M","T","?","E","M","R","$","R","BOSS","M","?","?","M","?","R","E","M","T","R","?","R","E","$","R","BOSS","M","?","?","M","?","E"],"build_version":"2019-07-01","purchased_purges":2,"victory":false,"max_hp_per_floor":[66,66,66,66,66,76,76,76,76,76,76,76,76,76,76,76,76,76,76,76,76,76,76,76,76,76,76,76,76,76,76,76,76,76,76,76,76,76,76,76],"card_choices":[{"not_picked":["Bane","Backflip"],"picked":"Poisoned Stab","floor":1.0},{"not_picked":["Prepared","Sucker Punch","Blade Dance"],"picked":"SKIP","floor":3.0},{"not_picked":["Sucker Punch","Poisoned Stab"],"picked":"Bouncing Flask","floor":5.0},{"not_picked":["Choke","Tools of the Trade"],"picked":"Terror","floor":6.0},{"not_picked":["Blade Dance","Slice"],"picked":"Dash","floor":8.0},{"not_picked":["Underhanded Strike","Acrobatics"],"picked":"Dagger Spray","floor":11.0},{"not_picked":["Prepared","Choke","Expertise"],"picked":"SKIP","floor":12.0},{"not_picked":["Storm of Steel","After Image"],"picked":"Corpse Explosion","floor":16.0},{"not_picked":["Dagger Throw","Poisoned Stab","Underhanded Strike"],"picked":"SKIP","floor":18.0},{"not_picked":["Backflip","Caltrops"],"picked":"Crippling Poison","floor":20.0},{"not_picked":["Deflect","Slice"],"picked":"Footwork","floor":21.0},{"not_picked":["Slice","Flying Knee","Sucker Punch"],"picked":"SKIP","floor":24.0},{"not_picked":["Deflect","Prepared","Slice"],"picked":"SKIP","floor":25.0},{"not_picked":["Caltrops","Dodge and Roll"],"picked":"Corpse Explosion","floor":30.0},{"not_picked":["Tools of the Trade","Envenom"],"picked":"Adrenaline","floor":33.0},{"not_picked":["Outmaneuver"],"picked":"SKIP","floor":35},{"not_picked":["Deadly Poison"],"picked":"SKIP","floor":36},{"not_picked":["Finisher+1"],"picked":"SKIP","floor":38},{"not_picked":["Heel Hook+1"],"picked":"SKIP","floor":39}],"player_experience":608617,"relics_obtained":[{"floor":6.0,"key":"Pear"},{"floor":9.0,"key":"Pantograph"},{"floor":11.0,"key":"Blue Candle"},{"floor":24.0,"key":"Calipers"},{"floor":26.0,"key":"Molten Egg 2"},{"floor":30.0,"key":"Gremlin Horn"}],"event_choices":[{"damage_healed":0.0,"max_hp_gain":0.0,"max_hp_loss":0.0,"gold_gain":0.0,"event_name":"Living Wall","player_choice":"Grow","floor":2.0,"gold_loss":0.0,"damage_taken":0.0,"cards_upgraded":["Poisoned Stab"]},{"damage_healed":0.0,"max_hp_gain":0.0,"max_hp_loss":0.0,"gold_gain":75.0,"event_name":"World of Goop","player_choice":"Gather Gold","floor":4.0,"gold_loss":0.0,"damage_taken":11.0},{"damage_healed":0.0,"max_hp_gain":0.0,"max_hp_loss":0.0,"gold_gain":56.0,"event_name":"Golden Wing","player_choice":"Gained Gold","floor":10.0,"gold_loss":0.0,"damage_taken":0.0},{"damage_healed":0.0,"max_hp_gain":0.0,"max_hp_loss":0.0,"gold_gain":50.0,"event_name":"Golden Shrine","player_choice":"Pray","floor":19.0,"gold_loss":0.0,"damage_taken":0.0},{"cards_removed":["Strike_G"],"damage_healed":0.0,"max_hp_gain":0.0,"max_hp_loss":0.0,"gold_gain":0.0,"event_name":"Beggar","player_choice":"Gave Gold","floor":22.0,"gold_loss":75.0,"damage_taken":0.0},{"damage_healed":0.0,"max_hp_gain":0.0,"max_hp_loss":0.0,"gold_gain":0.0,"event_name":"N\u0027loth","player_choice":"Ignored","floor":28.0,"gold_loss":0.0,"damage_taken":0.0},{"damage_healed":0,"gold_gain":0,"player_choice":"0 cards matched","damage_taken":0,"max_hp_gain":0,"max_hp_loss":0,"event_name":"Match and Keep!","floor":37,"gold_loss":0,"cards_obtained":[]}],"is_beta":false,"boss_relics":[{"not_picked":["Cursed Key","Tiny House"],"picked":"Snecko Eye"},{"not_picked":["Lizard Tail","Eternal Feather"],"picked":"Busted Crown"}],"items_purged_floors":[14,31],"is_endless":false,"potions_floor_spawned":[3,5,6,11,16,20,24,30,38,39],"killed_by":"Giant Head","ascension_level":15}