{"gold_per_floor":[115,115,133,145,320,320,345,362,388,398,412,412,54,82,82,177,177,192,117,17,17,36,61,61,87,113,128,139,139,149,161,161,257,257,267,1266,1280,86,0,33,33,43,88,88,102,117,127,142,142,142],"floor_reached":51,"playtime":5867,"items_purged":["Doubt","Strike_G","Normality"],"score":829,"play_id":"0d7cc3cc-be22-4301-9756-a84d43066f51","local_time":"20180803210352","is_ascension_mode":true,"campfire_choices":[{"data":"Neutralize","floor":6,"key":"SMITH"},{"data":"Sucker Punch","floor":12,"key":"SMITH"},{"floor":15,"key":"REST"},{"floor":24,"key":"REST"},{"floor":29,"key":"REST"},{"floor":32,"key":"REST"},{"data":"Thinking Ahead","floor":41,"key":"SMITH"},{"data":"Prepared","floor":44,"key":"SMITH"},{"floor":49,"key":"REST"}],"neow_cost":"NONE","seed_source_timestamp":849497379408798,"circlet_count":0,"master_deck":["Defend_G","Defend_G","Defend_G","Defend_G","Defend_G","Strike_G","Strike_G","Strike_G","Survivor+1","Neutralize+1","Infinite Blades+1","Backstab","Dagger Throw","Acrobatics+1","Dagger Throw","Sucker Punch+1","Eviscerate","Underhanded Strike+1","Poisoned Stab+1","Grand Finale+1","Backflip+1","Flechettes+1","Accuracy","Noxious Fumes","Flying Knee+1","Tactician","Finisher+1","Prepared+1","Die Die Die+1","Dagger Spray+1","Normality","Dodge and Roll+1","Dash+1","Finisher+1","Mind Blast+1","Thinking Ahead+1","Terror+1","Parasite","Cloak And Dagger+1","Prepared+1","Corpse Explosion"],"relics":["Ring of the Serpent","Regal Pillow","War Paint","Molten Egg 2","Snake Skull","Shuriken","Strawberry","Vajra","Cursed Key","Ninja Scroll","Blood Vial","Frozen Eye","Red Mask","Ginger","Orichalcum"],"potions_floor_usage":[7,16,23,25,30,33,50,50],"damage_taken":[{"damage":17,"enemies":"Jaw Worm","floor":1,"turns":6},{"damage":4,"enemies":"Small Slimes","floor":3,"turns":3},{"damage":3,"enemies":"2 Louse","floor":4,"turns":3},{"damage":16,"enemies":"Gremlin Nob","floor":7,"turns":4},{"damage":4,"enemies":"Blue Slaver","floor":8,"turns":4},{"damage":0,"enemies":"2 Fungi Beasts","floor":10,"turns":3},{"damage":0,"enemies":"Large Slime","floor":11,"turns":3},{"damage":17,"enemies":"3 Sentries","floor":14,"turns":7},{"damage":14,"enemies":"Hexaghost","floor":16,"turns":10},{"damage":1,"enemies":"Chosen","floor":18,"turns":4},{"damage":9,"enemies":"3 Byrds","floor":22,"turns":5},{"damage":43,"enemies":"Slavers","floor":23,"turns":8},{"damage":20,"enemies":"Book of Stabbing","floor":25,"turns":4},{"damage":3,"enemies":"Snecko","floor":27,"turns":4},{"damage":17,"enemies":"Centurion and Healer","floor":28,"turns":5},{"damage":11,"enemies":"Slaver and Parasite","floor":30,"turns":4},{"damage":3,"enemies":"Chosen and Byrds","floor":31,"turns":3},{"damage":24,"enemies":"Automaton","floor":33,"turns":6},{"damage":12,"enemies":"Flame Bruiser 1 Orb","floor":35,"turns":5},{"damage":5,"enemies":"3 Shapes","floor":37,"turns":4},{"damage":9,"enemies":"2 Orb Walkers","floor":40,"turns":3},{"damage":6,"enemies":"Sphere and 2 Shapes","floor":42,"turns":3},{"damage":2,"enemies":"4 Shapes","floor":45,"turns":3},{"damage":11,"enemies":"Flame Bruiser 2 Orb","floor":46,"turns":3},{"damage":17,"enemies":"Transient","floor":47,"turns":5},{"damage":0,"enemies":"Sphere and 2 Shapes","floor":48,"turns":2},{"damage":22,"enemies":"Donu and Deca","floor":50,"turns":3}],"seed_played":"7904730184072342121","potions_obtained":[{"floor":1,"key":"FairyPotion"},{"floor":4,"key":"Poison Potion"},{"floor":14,"key":"EssenceOfSteel"},{"floor":16,"key":"EssenceOfSteel"},{"floor":22,"key":"Ancient Potion"},{"floor":23,"key":"SkillPotion"},{"floor":27,"key":"Weak Potion"},{"floor":31,"key":"Poison Potion"},{"floor":37,"key":"AttackPotion"},{"floor":47,"key":"Dexterity Potion"}],"is_trial":false,"path_per_floor":["M","?","M","M","?","R","E","M","T","M","M","R","$","E","R","B",null,"M","?","$","?","M","E","R","E","T","M","M","R","M","M","R","B",null,"M","?","M","$","?","E","R","M","T","R","M","M","M","M","R","B"],"character_chosen":"THE_SILENT","items_purchased":["Molten Egg 2","Underhanded Strike+1","Ninja Scroll","Blood Vial","Frozen Eye","Dash+1","Finisher+1","Mind Blast+1","Thinking Ahead"],"campfire_rested":5,"item_purchase_floors":[13,13,38,38,38,38,38,38,38],"current_hp_per_floor":[60,60,56,53,53,53,37,33,33,33,33,33,33,16,54,40,77,76,76,76,76,67,24,62,49,49,46,29,69,58,55,84,60,84,72,72,67,67,67,60,60,56,56,56,56,47,32,34,74,54],"gold":142,"neow_bonus":"TEN_PERCENT_HP_BONUS","is_prod":false,"is_daily":false,"chose_seed":false,"campfire_upgraded":4,"win_rate":0,"timestamp":1533344632,"path_taken":["M","?","M","M","?","R","E","M","T","M","M","R","$","E","R","BOSS","M","?","$","?","?","E","R","E","T","M","M","R","M","M","R","BOSS","M","?","M","$","?","E","R","M","T","R","M","?","M","M","R","BOSS"],"build_version":"2018-08-02","purchased_purges":3,"victory":true,"max_hp_per_floor":[77,77,77,77,77,77,77,77,77,77,77,77,77,77,77,77,77,77,77,77,77,77,77,77,84,84,84,84,84,84,84,84,84,84,84,84,84,84,84,84,84,84,84,84,84,84,84,84,84,84],"card_choices":[{"not_picked":["Quick Slash","PiercingWail"],"picked":"Infinite Blades","floor":1},{"not_picked":["Bane","Sucker Punch"],"picked":"Backstab","floor":3},{"not_picked":["Escape Plan","Underhanded Strike"],"picked":"Dagger Throw","floor":4},{"not_picked":["Eviscerate","PiercingWail"],"picked":"Acrobatics","floor":7},{"not_picked":["Deflect","Riddle With Holes"],"picked":"Dagger Throw","floor":8},{"not_picked":["Setup","Flying Knee"],"picked":"Sucker Punch","floor":10},{"not_picked":["Dodge and Roll","Bane"],"picked":"Eviscerate","floor":11},{"not_picked":["Crippling Poison","Flechettes+1"],"picked":"Poisoned Stab+1","floor":14},{"not_picked":["Phantasmal Killer","Envenom"],"picked":"Grand Finale+1","floor":16},{"not_picked":["Sucker Punch+1","Blade Dance"],"picked":"Backflip+1","floor":18},{"not_picked":["Prepared","Endless Agony+1"],"picked":"Flechettes+1","floor":22},{"not_picked":["Skewer+1","Backflip"],"picked":"Accuracy","floor":23},{"not_picked":["Expertise","Reflex+1"],"picked":"Noxious Fumes","floor":25},{"not_picked":["Escape Plan","Eviscerate+1"],"picked":"Flying Knee+1","floor":27},{"not_picked":["Quick Slash+1","Flying Knee+1"],"picked":"Tactician","floor":28},{"not_picked":["Calculated Gamble","Flying Knee+1"],"picked":"Finisher+1","floor":30},{"not_picked":["Heel Hook+1","Leg Sweep+1"],"picked":"Prepared","floor":31},{"not_picked":["Grand Finale+1","Malaise"],"picked":"Die Die Die+1","floor":33},{"not_picked":["Slice+1","Dagger Throw+1"],"picked":"Dagger Spray+1","floor":35},{"not_picked":["Acrobatics+1","Backflip"],"picked":"Dodge and Roll+1","floor":37},{"not_picked":["Underhanded Strike+1","Deadly Poison"],"picked":"Terror+1","floor":40},{"not_picked":["Reflex+1","Quick Slash+1","Deflect"],"picked":"SKIP","floor":42},{"not_picked":["Noxious Fumes+1","Flying Knee+1"],"picked":"Cloak And Dagger+1","floor":45},{"not_picked":["Bane+1","Underhanded Strike+1","Finisher+1"],"picked":"SKIP","floor":46},{"not_picked":["Endless Agony+1","Blur"],"picked":"Prepared+1","floor":47},{"not_picked":["Underhanded Strike+1","Predator+1"],"picked":"Corpse Explosion","floor":48}],"player_experience":205579,"relics_obtained":[{"floor":7,"key":"Regal Pillow"},{"floor":9,"key":"War Paint"},{"floor":14,"key":"Snake Skull"},{"floor":23,"key":"Shuriken"},{"floor":25,"key":"Strawberry"},{"floor":26,"key":"Vajra"},{"floor":40,"key":"Ginger"},{"floor":43,"key":"Orichalcum"}],"event_choices":[{"event_name":"Living Wall","player_choice":"Grow","floor":2,"damage_taken":0},{"event_name":"Liars Game","player_choice":"agreed","floor":5,"damage_taken":0},{"event_name":"Beggar","player_choice":"Gave Gold","floor":19,"damage_taken":0},{"event_name":"Ghosts","player_choice":"Ignored","floor":21,"damage_taken":0},{"event_name":"MindBloom","player_choice":"Gold","floor":36,"damage_taken":0},{"event_name":"Tomb of Lord Red Mask","player_choice":"Paid","floor":39,"damage_taken":0}],"is_beta":false,"boss_relics":[{"not_picked":["Snecko Eye","Velvet Choker"],"picked":"Ring of the Serpent"},{"not_picked":["Black Star","Pandora\u0027s Box"],"picked":"Cursed Key"}],"items_purged_floors":[13,20,38],"is_endless":false,"potions_floor_spawned":[1,4,14,16,22,23,27,28,31,37,42,47],"ascension_level":2}