{"gold_per_floor":[117,128,142,142,156,156,167,167,249,280,299,309,329,355,355,452,452,464,464,478,274,274,303,303,303,303,303,321,321,339,356,356,456,456,476,487,227,227,244,277,277,277,277,352,352,370,401,413,413,413,413,413,12,44,44],"floor_reached":56,"playtime":3033,"items_purged":["Strike_R","Strike_R","Strike_R"],"score":1216,"play_id":"67c0a5d5-3851-4ce4-b11a-59e155b0016d","local_time":"20190228221139","is_ascension_mode":false,"campfire_choices":[{"data":"Body Slam","floor":6,"key":"SMITH"},{"data":"Uppercut","floor":8,"key":"SMITH"},{"data":"True Grit","floor":15,"key":"SMITH"},{"data":"Whirlwind","floor":24,"key":"SMITH"},{"data":"Rampage","floor":27,"key":"SMITH"},{"data":"Inflame","floor":29,"key":"SMITH"},{"data":"Body Slam","floor":32,"key":"SMITH"},{"floor":41,"key":"RECALL"},{"data":"Immolate","floor":45,"key":"SMITH"},{"data":"Headbutt","floor":49,"key":"SMITH"},{"data":"Bash","floor":52,"key":"SMITH"}],"neow_cost":"PERCENT_DAMAGE","seed_source_timestamp":3289585835577619,"circlet_count":0,"master_deck":["Strike_R","Defend_R+1","Defend_R+1","Bash+1","Body Slam+1","True Grit+1","Uppercut+1","Rampage+1","Inflame+1","Shrug It Off+1","Thunderclap","Entrench+1","Whirlwind+1","Headbutt+1","Immolate+1","Twin Strike+1","Necronomicurse","Sentinel+1","Body Slam+1","Shrug It Off+1","The Bomb+1","Battle Trance+1"],"relics":["Burning Blood","Pocketwatch","Toxic Egg 2","Smiling Mask","Boot","Busted Crown","MutagenicStrength","Red Skull","Necronomicon","Strawberry","Velvet Choker","War Paint","Vajra","Bottled Lightning","Bottled Tornado","Bronze Scales","HandDrill","Centennial Puzzle"],"potions_floor_usage":[55,55,55],"damage_taken":[{"damage":6,"enemies":"2 Louse","floor":1,"turns":3},{"damage":0,"enemies":"Cultist","floor":2,"turns":3},{"damage":0,"enemies":"Small Slimes","floor":3,"turns":3},{"damage":3,"enemies":"Red Slaver","floor":5,"turns":4},{"damage":1,"enemies":"2 Fungi Beasts","floor":7,"turns":3},{"damage":13,"enemies":"3 Sentries","floor":10,"turns":6},{"damage":1,"enemies":"3 Louse","floor":11,"turns":3},{"damage":0,"enemies":"Exordium Thugs","floor":12,"turns":5},{"damage":10,"enemies":"Looter","floor":13,"turns":2},{"damage":4,"enemies":"Gremlin Nob","floor":14,"turns":3},{"damage":32,"enemies":"Hexaghost","floor":16,"turns":9},{"damage":22,"enemies":"3 Byrds","floor":18,"turns":4},{"damage":0,"enemies":"Chosen","floor":20,"turns":4},{"damage":18,"enemies":"Gremlin Leader","floor":23,"turns":3},{"damage":14,"enemies":"Shelled Parasite and Fungi","floor":28,"turns":3},{"damage":0,"enemies":"Snake Plant","floor":30,"turns":2},{"damage":0,"enemies":"Centurion and Healer","floor":31,"turns":2},{"damage":16,"enemies":"Champ","floor":33,"turns":6},{"damage":1,"enemies":"Orb Walker","floor":35,"turns":2},{"damage":8,"enemies":"3 Darklings","floor":36,"turns":2},{"damage":0,"enemies":"Sphere and 2 Shapes","floor":39,"turns":1},{"damage":18,"enemies":"Nemesis","floor":40,"turns":5},{"damage":0,"enemies":"4 Shapes","floor":46,"turns":3},{"damage":0,"enemies":"Reptomancer","floor":47,"turns":4},{"damage":0,"enemies":"3 Darklings","floor":48,"turns":2},{"damage":6,"enemies":"Awakened One","floor":50,"turns":8},{"damage":17,"enemies":"Shield and Spear","floor":54,"turns":3},{"damage":75,"enemies":"The Heart","floor":55,"turns":6}],"seed_played":"6114266380902623836","potions_obtained":[{"floor":3,"key":"Strength Potion"},{"floor":7,"key":"FearPotion"},{"floor":11,"key":"Dexterity Potion"}],"is_trial":false,"path_per_floor":["M","M","M","?","M","R","M","R","T","E","M","M","M","E","R","B",null,"M","?","M","$","?","E","R","?","T","R","M","R","M","M","R","B",null,"M","M","$","?","M","E","R","?","T","?","R","M","E","M","R","B",null,"R","$","E","B",null],"character_chosen":"IRONCLAD","items_purchased":["Red Skull","Shrug It Off+1","War Paint","Bronze Scales","HandDrill"],"campfire_rested":0,"item_purchase_floors":[21,37,37,53,53],"current_hp_per_floor":[56,62,68,56,59,59,64,64,64,57,62,68,64,66,66,40,80,64,64,70,70,54,49,49,49,49,49,41,41,47,53,53,43,87,87,85,85,80,86,74,74,74,74,66,66,72,78,84,84,84,87,87,87,76,7],"gold":44,"neow_bonus":"TRANSFORM_TWO_CARDS","is_prod":false,"is_daily":false,"chose_seed":false,"campfire_upgraded":10,"win_rate":0,"timestamp":1551409899,"path_taken":["M","M","M","?","M","R","M","R","T","E","M","M","M","E","R","BOSS","M","?","M","$","?","E","R","?","T","R","M","R","?","M","R","BOSS","M","M","$","?","M","E","R","?","T","?","R","M","E","?","R","BOSS","R","$","E","BOSS"],"build_version":"2019-01-23","purchased_purges":3,"victory":true,"max_hp_per_floor":[80,80,80,80,80,80,80,80,80,80,80,80,80,80,80,80,80,80,80,80,80,80,87,87,87,87,87,87,87,87,87,87,87,87,87,87,87,87,87,87,87,87,87,87,87,87,87,87,87,87,87,87,87,87,87],"card_choices":[{"not_picked":["Perfected Strike","Reckless Charge"],"picked":"Uppercut","floor":1},{"not_picked":["Pummel","Sword Boomerang"],"picked":"Rampage","floor":2},{"not_picked":["Iron Wave","Blood for Blood"],"picked":"Inflame","floor":3},{"not_picked":["Warcry","Reckless Charge","Evolve"],"picked":"SKIP","floor":5},{"not_picked":["Heavy Blade","Dark Embrace"],"picked":"Shrug It Off","floor":7},{"not_picked":["Warcry+1","Clash"],"picked":"Thunderclap","floor":10},{"not_picked":["Armaments+1","Pommel Strike"],"picked":"Entrench+1","floor":11},{"not_picked":["Perfected Strike","Heavy Blade"],"picked":"Whirlwind","floor":12},{"not_picked":["Feel No Pain","Armaments+1"],"picked":"Headbutt","floor":13},{"not_picked":["Sever Soul","Inflame","Hemokinesis"],"picked":"SKIP","floor":14},{"not_picked":["Impervious+1","Fiend Fire"],"picked":"Immolate","floor":16},{"not_picked":[],"picked":"Twin Strike+1","floor":18},{"not_picked":["Pommel Strike+1"],"picked":"SKIP","floor":20},{"not_picked":["Headbutt+1"],"picked":"SKIP","floor":23},{"not_picked":[],"picked":"Sentinel+1","floor":28},{"not_picked":[],"picked":"Body Slam","floor":30},{"not_picked":["Clash"],"picked":"SKIP","floor":31},{"not_picked":["Burning Pact+1"],"picked":"SKIP","floor":35},{"not_picked":["Clothesline+1"],"picked":"SKIP","floor":36},{"not_picked":["Clothesline+1"],"picked":"SKIP","floor":36},{"not_picked":[],"picked":"The Bomb+1","floor":38},{"not_picked":["Warcry+1"],"picked":"SKIP","floor":39},{"not_picked":[],"picked":"Battle Trance+1","floor":40},{"not_picked":["Corruption"],"picked":"SKIP","floor":46},{"not_picked":["Rupture+1"],"picked":"SKIP","floor":47},{"not_picked":["Sword Boomerang"],"picked":"SKIP","floor":48},{"not_picked":["Body Slam"],"picked":"SKIP","floor":54}],"player_experience":699585,"relics_obtained":[{"floor":9,"key":"Toxic Egg 2"},{"floor":10,"key":"Smiling Mask"},{"floor":14,"key":"Boot"},{"floor":22,"key":"Necronomicon"},{"floor":23,"key":"Strawberry"},{"floor":40,"key":"Vajra"},{"floor":43,"key":"Bottled Lightning"},{"floor":47,"key":"Bottled Tornado"},{"floor":54,"key":"Centennial Puzzle"}],"event_choices":[{"damage_healed":0,"gold_gain":0,"player_choice":"Success","damage_taken":12,"relics_obtained":["Pocketwatch"],"max_hp_gain":0,"max_hp_loss":0,"event_name":"Scrap Ooze","floor":4,"gold_loss":0},{"damage_healed":0,"gold_gain":0,"player_choice":"Inject Mutagens","damage_taken":0,"relics_obtained":["MutagenicStrength"],"max_hp_gain":0,"max_hp_loss":0,"event_name":"Drug Dealer","floor":19,"gold_loss":0},{"damage_healed":0,"gold_gain":0,"player_choice":"Obtained Book","damage_taken":16,"max_hp_gain":0,"max_hp_loss":0,"event_name":"Cursed Tome","floor":22,"gold_loss":0},{"damage_healed":0,"gold_gain":0,"player_choice":"Upgraded","damage_taken":0,"max_hp_gain":0,"max_hp_loss":0,"event_name":"Upgrade Shrine","floor":25,"gold_loss":0,"cards_upgraded":["Shrug It Off"]},{"damage_healed":0,"gold_gain":0,"player_choice":"Memory 2","damage_taken":5,"max_hp_gain":0,"max_hp_loss":0,"event_name":"SensoryStone","floor":38,"gold_loss":0},{"cards_removed":["Defend_R"],"damage_healed":0,"gold_gain":0,"player_choice":"Removed Skill","damage_taken":0,"max_hp_gain":0,"max_hp_loss":0,"event_name":"Falling","floor":42,"gold_loss":0},{"damage_healed":0,"gold_gain":75,"player_choice":"Touch","damage_taken":8,"max_hp_gain":0,"max_hp_loss":0,"event_name":"FaceTrader","floor":44,"gold_loss":0}],"is_beta":false,"boss_relics":[{"not_picked":["White Beast Statue","Black Blood"],"picked":"Busted Crown"},{"not_picked":["Snecko Eye","Runic Pyramid"],"picked":"Velvet Choker"}],"items_purged_floors":[21,37,53],"is_endless":false,"potions_floor_spawned":[3,7,11,12,16,23,31,35,36,46,47,54],"ascension_level":0}