{"gold_per_floor":[109,109,21,0,16,16,51,51,104,131,144,144,179,22,22,125,125,135,135,147,18,28,28,45,45,45,45,79,79,97,112,112,213,213,233,233,35,46,0,0,25,44,44,44,58,58,58,58,58,58],"floor_reached":51,"playtime":3846,"items_purged":["Strike_G","Tactician+1"],"score":1048,"play_id":"226615a6-5c02-4cc0-a221-0660984192ff","local_time":"20180927222631","is_ascension_mode":true,"campfire_choices":[{"data":"Blur","floor":6.0,"key":"SMITH"},{"data":"Footwork","floor":8.0,"key":"SMITH"},{"data":"Dagger Throw","floor":12.0,"key":"SMITH"},{"floor":15.0,"key":"DIG"},{"floor":23.0,"key":"REST"},{"data":"Glass Knife","floor":25.0,"key":"SMITH"},{"floor":27.0,"key":"REST"},{"floor":32.0,"key":"REST"},{"floor":40,"key":"REST"},{"floor":44,"key":"REST"},{"floor":46,"key":"REST"},{"floor":49,"key":"REST"}],"neow_cost":"NONE","seed_source_timestamp":1822611990345632,"circlet_count":0,"master_deck":["Defend_G","Defend_G","Defend_G","Defend_G","Strike_G","Strike_G","Survivor","Neutralize+1","AscendersBane","Terror","Footwork+1","Dagger Throw+1","Blur+1","Phantasmal Killer","Accuracy","Dagger Spray","Corpse Explosion","Dodge and Roll+1","RitualDagger","Cloak And Dagger+1","Sucker Punch","Glass Knife+1","Outmaneuver","Deadly Poison+1","Dash+1","Blade Dance+1","Impatience","Infinite Blades+1","Flying Knee+1","Infinite Blades","Madness","Madness"],"special_seed":0,"relics":["Runic Dome","Letter Opener","Happy Flower","StoneCalendar","Shovel","Oddly Smooth Stone","Unceasing Top","Sozu","Sundial","Ice Cream","Astrolabe","Red Mask","Pocketwatch","Ancient Tea Set"],"potions_floor_usage":[50],"damage_taken":[{"damage":0.0,"enemies":"Small Slimes","floor":1.0,"turns":4.0},{"damage":0.0,"enemies":"2 Louse","floor":5.0,"turns":3.0},{"damage":1.0,"enemies":"Lagavulin","floor":7.0,"turns":9.0},{"damage":3.0,"enemies":"3 Sentries","floor":10.0,"turns":8.0},{"damage":0.0,"enemies":"Cultist","floor":11.0,"turns":4.0},{"damage":15.0,"enemies":"3 Sentries","floor":13.0,"turns":7.0},{"damage":6.0,"enemies":"The Guardian","floor":16.0,"turns":8.0},{"damage":0.0,"enemies":"3 Byrds","floor":18.0,"turns":2.0},{"damage":6.0,"enemies":"Chosen","floor":20.0,"turns":5.0},{"damage":19.0,"enemies":"Snecko","floor":22.0,"turns":7.0},{"damage":7.0,"enemies":"Shelled Parasite and Fungi","floor":24.0,"turns":6.0},{"damage":24.0,"enemies":"Slavers","floor":28.0,"turns":4.0},{"damage":6.0,"enemies":"Snake Plant","floor":30.0,"turns":3.0},{"damage":14.0,"enemies":"Centurion and Healer","floor":31.0,"turns":4.0},{"damage":30,"enemies":"Automaton","floor":33,"turns":8},{"damage":3,"enemies":"3 Shapes","floor":35,"turns":3},{"damage":6,"enemies":"Orb Walker","floor":38,"turns":2},{"damage":16,"enemies":"Nemesis","floor":41,"turns":7},{"damage":29,"enemies":"3 Darklings","floor":42,"turns":3},{"damage":5,"enemies":"Maw","floor":45,"turns":6},{"damage":26,"enemies":"Donu and Deca","floor":50,"turns":5}],"seed_played":"8103297086450878092","potions_obtained":[{"floor":7.0,"key":"EssenceOfSteel"},{"floor":16.0,"key":"Regen Potion"}],"is_trial":false,"path_per_floor":["M","?","$","?","M","R","E","R","T","E","M","R","?","$","R","B",null,"M","?","M","$","M","R","M","R","T","R","E","$","M","M","R","B",null,"M","?","$","M","?","R","E","M","T","R","M","R","?","$","R","B"],"character_chosen":"THE_SILENT","items_purchased":["Footwork","Dagger Throw","Oddly Smooth Stone","Sucker Punch","Impatience"],"campfire_rested":7,"item_purchase_floors":[3,3,14,21,37],"current_hp_per_floor":[63,63,63,63,63,63,62,62,62,59,59,59,44,44,44,38,62,62,56,50,50,31,52,45,45,45,66,42,42,36,22,43,13,56,53,53,53,47,47,68,52,23,23,44,39,60,51,51,70,49],"gold":58,"neow_bonus":"BOSS_RELIC","is_prod":false,"is_daily":false,"chose_seed":false,"campfire_upgraded":4,"win_rate":0,"timestamp":1538101591,"path_taken":["M","?","$","?","?","R","E","R","T","E","M","R","?","?","R","BOSS","M","?","M","$","M","R","M","R","T","R","E","?","M","M","R","BOSS","M","?","$","M","?","R","E","M","T","R","M","R","?","?","R","BOSS"],"build_version":"2018-09-27","purchased_purges":2,"victory":true,"max_hp_per_floor":[70,70,70,70,70,70,70,70,70,70,70,70,70,70,70,70,70,70,70,70,70,70,70,70,70,70,70,70,70,70,70,70,70,70,70,70,70,70,70,70,70,70,70,70,70,70,70,70,70,70],"card_choices":[{"not_picked":["Backflip","Choke"],"picked":"Terror","floor":1.0},{"not_picked":["Reflex","Underhanded Strike"],"picked":"Blur","floor":5.0},{"not_picked":["Deadly Poison","Deflect"],"picked":"Phantasmal Killer","floor":7.0},{"not_picked":["Bouncing Flask","Slice"],"picked":"Accuracy","floor":10.0},{"not_picked":["Eviscerate","Acrobatics"],"picked":"Dagger Spray","floor":11.0},{"not_picked":["Die Die Die","Tools of the Trade"],"picked":"Corpse Explosion","floor":16.0},{"not_picked":["Predator","Flying Knee"],"picked":"Dodge and Roll+1","floor":18.0},{"not_picked":["Dash","Poisoned Stab"],"picked":"Cloak And Dagger+1","floor":20.0},{"not_picked":["Concentrate","Underhanded Strike","Eviscerate"],"picked":"SKIP","floor":22.0},{"not_picked":["Prepared","Dodge and Roll"],"picked":"Glass Knife","floor":24.0},{"not_picked":["Predator","All Out Attack+1"],"picked":"Outmaneuver","floor":28.0},{"not_picked":["Riddle With Holes","Underhanded Strike+1","Slice"],"picked":"SKIP","floor":30.0},{"not_picked":["Eviscerate","Deflect","Slice"],"picked":"SKIP","floor":31.0},{"not_picked":["Dagger Throw+1","Acrobatics+1"],"picked":"Blade Dance+1","floor":35},{"not_picked":["Accuracy+1","Expertise+1"],"picked":"Infinite Blades+1","floor":38},{"not_picked":["Eviscerate+1","Escape Plan","All Out Attack"],"picked":"SKIP","floor":41},{"not_picked":["Dagger Spray+1","Quick Slash"],"picked":"Flying Knee+1","floor":42},{"not_picked":["Leg Sweep","Sucker Punch"],"picked":"Infinite Blades","floor":45}],"player_experience":483968,"relics_obtained":[{"floor":7.0,"key":"Letter Opener"},{"floor":9.0,"key":"Happy Flower"},{"floor":10.0,"key":"StoneCalendar"},{"floor":13.0,"key":"Shovel"},{"floor":15.0,"key":"Unceasing Top"},{"floor":26.0,"key":"Sundial"},{"floor":28.0,"key":"Ice Cream"},{"floor":41,"key":"Pocketwatch"},{"floor":43,"key":"Ancient Tea Set"}],"event_choices":[{"event_name":"Living Wall","player_choice":"Grow","floor":2.0,"damage_taken":0.0},{"event_name":"World of Goop","player_choice":"Left","floor":4.0,"damage_taken":0.0},{"event_name":"Dead Adventurer","player_choice":"Searched \u00272\u0027 times","floor":13.0,"damage_taken":0.0},{"event_name":"Nest","player_choice":"Joined the Cult","floor":19.0,"damage_taken":0.0},{"event_name":"The Lab","player_choice":"Got Potions","floor":36,"damage_taken":0},{"event_name":"Tomb of Lord Red Mask","player_choice":"Paid","floor":39,"damage_taken":0},{"event_name":"Winding Halls","player_choice":"Embrace Madness","floor":47,"damage_taken":0}],"is_beta":false,"boss_relics":[{"not_picked":["Velvet Choker","Tiny House"],"picked":"Sozu"},{"not_picked":["White Beast Statue","Black Star"],"picked":"Astrolabe"}],"items_purged_floors":[21,37],"is_endless":false,"potions_floor_spawned":[7,16,22,24,30,41,42,45],"ascension_level":11}