{"gold_per_floor":[15,29,39,52,64,64,30,30,30,56,76,95,130,201,201,201],"floor_reached":16,"playtime":576,"items_purged":[],"score":114,"play_id":"8e96049d-a590-43ae-b122-221cf4766a5f","local_time":"20190205203732","is_ascension_mode":false,"campfire_choices":[{"data":"Bash","floor":6,"key":"SMITH"},{"data":"Whirlwind","floor":8,"key":"SMITH"},{"data":"Sword Boomerang","floor":15,"key":"SMITH"}],"neow_cost":"NO_GOLD","seed_source_timestamp":1299292234543566,"circlet_count":0,"master_deck":["Strike_R","Strike_R","Strike_R","Strike_R","Strike_R","Defend_R","Defend_R","Defend_R","Defend_R","Bash+1","Sword Boomerang+1","Twin Strike","Pommel Strike","Battle Trance","Whirlwind+1","Thunderclap","Brutality"],"relics":["Burning Blood","Ginger","Pen Nib","Bag of Preparation","Pantograph"],"potions_floor_usage":[5,13],"damage_taken":[{"damage":1,"enemies":"Cultist","floor":1,"turns":4},{"damage":0,"enemies":"Small Slimes","floor":2,"turns":4},{"damage":6,"enemies":"2 Louse","floor":3,"turns":3},{"damage":10,"enemies":"Looter","floor":4,"turns":3},{"damage":24,"enemies":"Exordium Thugs","floor":5,"turns":4},{"damage":40,"enemies":"Lagavulin","floor":10,"turns":5},{"damage":0,"enemies":"Exordium Wildlife","floor":11,"turns":1},{"damage":10,"enemies":"Looter","floor":12,"turns":3},{"damage":2,"enemies":"Gremlin Nob","floor":13,"turns":3},{"damage":67,"enemies":"Hexaghost","floor":16,"turns":8}],"seed_played":"-8686602878138953575","potions_obtained":[{"floor":1,"key":"Block Potion"},{"floor":2,"key":"Block Potion"},{"floor":5,"key":"FairyPotion"},{"floor":10,"key":"PowerPotion"}],"is_trial":false,"path_per_floor":["M","M","M","M","M","R","$","R","T","E","M","M","E","T","R","B"],"character_chosen":"IRONCLAD","items_purchased":["Whirlwind"],"campfire_rested":0,"item_purchase_floors":[7],"current_hp_per_floor":[80,80,80,76,58,58,58,58,58,24,30,26,30,30,30,0],"gold":201,"neow_bonus":"ONE_RARE_RELIC","is_prod":false,"is_daily":false,"chose_seed":false,"campfire_upgraded":3,"win_rate":0,"timestamp":1549417052,"path_taken":["M","M","M","M","M","R","$","R","T","E","M","M","E","?","R","BOSS"],"build_version":"2019-01-23","purchased_purges":0,"victory":false,"max_hp_per_floor":[80,80,80,80,80,80,80,80,80,80,80,80,80,80,80,80],"card_choices":[{"not_picked":["Power Through","Battle Trance"],"picked":"Sword Boomerang","floor":1},{"not_picked":["Warcry","True Grit"],"picked":"Twin Strike","floor":2},{"not_picked":["Clothesline","Bloodletting"],"picked":"Pommel Strike","floor":3},{"not_picked":["Warcry","True Grit","Headbutt"],"picked":"SKIP","floor":4},{"not_picked":["Clothesline","Iron Wave"],"picked":"Battle Trance","floor":5},{"not_picked":["Whirlwind","Dark Embrace","Combust"],"picked":"SKIP","floor":10},{"not_picked":["Anger","Headbutt"],"picked":"Thunderclap","floor":11},{"not_picked":["Heavy Blade","Armaments","Clash"],"picked":"SKIP","floor":12},{"not_picked":["Armaments","Intimidate"],"picked":"Brutality","floor":13}],"player_experience":657687,"relics_obtained":[{"floor":9,"key":"Pen Nib"},{"floor":10,"key":"Bag of Preparation"},{"floor":13,"key":"Pantograph"}],"event_choices":[],"is_beta":false,"boss_relics":[],"items_purged_floors":[],"is_endless":false,"potions_floor_spawned":[1,2,5,10],"killed_by":"Hexaghost","ascension_level":0}