{"gold_per_floor":[116,40,40,52,52,52,81,81,81,115,42,42,42,53,53,126,126,145,145,162,162,162,196,196,216,216,17,42,92,92,120,120,197,197,208,8,21,121,0,27,52,52,52,85,115,115,148,181,181,181,181,181,52,77,77],"floor_reached":56,"playtime":4894,"items_purged":["Strike_G","Strike_G"],"score":2429,"play_id":"53f9155d-6382-41cb-b085-0884e2bdf2aa","local_time":"20190720152705","is_ascension_mode":true,"campfire_choices":[{"data":"Neutralize","floor":6.0,"key":"SMITH"},{"data":"Noxious Fumes","floor":13.0,"key":"SMITH"},{"data":"Leg Sweep","floor":15.0,"key":"SMITH"},{"floor":24.0,"key":"REST"},{"data":"After Image","floor":30,"key":"SMITH"},{"data":"Catalyst","floor":32,"key":"SMITH"},{"data":"Malaise","floor":42,"key":"SMITH"},{"data":"Catalyst","floor":46,"key":"SMITH"},{"floor":49,"key":"RECALL"},{"data":"Wraith Form v2","floor":52,"key":"SMITH"}],"neow_cost":"NONE","seed_source_timestamp":0,"circlet_count":0,"master_deck":["AscendersBane","Defend_G","Defend_G","Defend_G","Defend_G","Defend_G","Survivor","Neutralize+1","Flying Knee","Footwork+1","Backflip","Backstab","Leg Sweep+1","Noxious Fumes+1","PiercingWail","After Image+1","PiercingWail","Quick Slash","Malaise+1","Catalyst+1","RitualDagger","Dodge and Roll","Footwork+1","Dash","Wraith Form v2+1","Dodge and Roll+1","Backflip+1","PiercingWail","Catalyst+1","Backflip","Dash+1","Escape Plan","Backflip"],"special_seed":0,"relics":["Ring of the Snake","NeowsBlessing","WingedGreaves","Art of War","Smiling Mask","Sozu","Pantograph","Blue Candle","DollysMirror","Boot","Dream Catcher","Runic Pyramid","Lantern","FossilizedHelix","Red Mask","Question Card","Shovel","Dodecahedron","Centennial Puzzle","Snake Skull","Calipers","Strawberry"],"potions_floor_usage":[55,55],"damage_taken":[{"damage":0.0,"enemies":"Cultist","floor":1.0,"turns":1.0},{"damage":0.0,"enemies":"Small Slimes","floor":4.0,"turns":1.0},{"damage":0.0,"enemies":"3 Sentries","floor":7.0,"turns":1.0},{"damage":4.0,"enemies":"Lagavulin","floor":10.0,"turns":13.0},{"damage":0.0,"enemies":"2 Louse","floor":14.0,"turns":3.0},{"damage":17.0,"enemies":"The Guardian","floor":16.0,"turns":13.0},{"damage":5.0,"enemies":"Shell Parasite","floor":18.0,"turns":8.0},{"damage":0.0,"enemies":"Spheric Guardian","floor":20.0,"turns":8.0},{"damage":22.0,"enemies":"Slavers","floor":23.0,"turns":10.0},{"damage":0.0,"enemies":"Centurion and Healer","floor":25.0,"turns":9.0},{"damage":6.0,"enemies":"Book of Stabbing","floor":28.0,"turns":11.0},{"damage":14,"enemies":"Slavers","floor":31,"turns":8},{"damage":37,"enemies":"Champ","floor":33,"turns":23},{"damage":3,"enemies":"3 Shapes","floor":35,"turns":6},{"damage":0,"enemies":"3 Darklings","floor":37,"turns":10},{"damage":0,"enemies":"Mind Bloom Boss Battle","floor":38,"turns":13},{"damage":0,"enemies":"Nemesis","floor":40,"turns":15},{"damage":0,"enemies":"Giant Head","floor":41,"turns":20},{"damage":0,"enemies":"Nemesis","floor":44,"turns":11},{"damage":14,"enemies":"Reptomancer","floor":45,"turns":11},{"damage":0,"enemies":"Giant Head","floor":47,"turns":10},{"damage":0,"enemies":"Nemesis","floor":48,"turns":11},{"damage":9,"enemies":"Time Eater","floor":50,"turns":19},{"damage":0,"enemies":"Shield and Spear","floor":54,"turns":13},{"damage":28,"enemies":"The Heart","floor":55,"turns":16}],"seed_played":"7078988493617367311","potions_obtained":[{"floor":4.0,"key":"EssenceOfSteel"},{"floor":10.0,"key":"Dexterity Potion"},{"floor":14.0,"key":"EntropicBrew"}],"is_trial":false,"path_per_floor":["M","$","?","M","?","R","E","?","T","E","$","?","R","M","R","B",null,"M","?","M","?","?","E","R","M","T","$","E","?","R","E","R","B",null,"M","$","M","?","?","E","E","R","T","E","E","R","E","E","R","B",null,"R","$","E","B",null],"character_chosen":"THE_SILENT","items_purchased":["Footwork","Noxious Fumes","DollysMirror","Lantern","Escape Plan"],"campfire_rested":1,"item_purchase_floors":[2,11,27,36,53],"current_hp_per_floor":[59,59,59,59,59,59,59,64,64,60,60,53,53,53,53,36,62,57,57,57,51,51,29,50,50,50,50,44,37,37,23,23,11,56,53,53,53,71,71,71,71,71,71,71,57,57,57,57,57,62,69,69,69,76,50],"gold":77,"neow_bonus":"THREE_ENEMY_KILL","is_prod":false,"is_daily":false,"chose_seed":false,"campfire_upgraded":8,"win_rate":0,"timestamp":1563629225,"path_taken":["M","$","?","M","?","R","E","?","T","E","?","?","R","M","R","BOSS","M","?","M","?","?","E","R","?","T","$","E","?","R","E","R","BOSS","M","$","?","?","?","E","E","R","T","E","E","R","E","E","R","BOSS","R","$","E","BOSS"],"build_version":"2019-07-17","purchased_purges":2,"victory":true,"max_hp_per_floor":[66,66,66,66,66,66,66,71,71,71,71,71,71,71,71,71,71,71,71,71,71,71,71,71,71,71,71,71,71,71,71,71,71,71,71,71,71,71,71,71,71,71,71,71,71,71,71,71,71,71,71,71,71,78,78],"card_choices":[{"not_picked":["Bane","Sucker Punch"],"picked":"Flying Knee","floor":1.0},{"not_picked":["PiercingWail","Underhanded Strike"],"picked":"Backflip","floor":4.0},{"not_picked":["Prepared","Finisher"],"picked":"Backstab","floor":7.0},{"not_picked":["Well Laid Plans","Slice"],"picked":"Leg Sweep","floor":10.0},{"not_picked":["Dagger Throw","Caltrops"],"picked":"PiercingWail","floor":14.0},{"not_picked":["Phantasmal Killer","Venomology"],"picked":"After Image","floor":16.0},{"not_picked":["Accuracy","Outmaneuver+1"],"picked":"PiercingWail","floor":18.0},{"not_picked":["Quick Slash+1","Prepared"],"picked":"Catalyst","floor":20.0},{"not_picked":["Terror","Tools of the Trade","Flying Knee"],"picked":"SKIP","floor":23.0},{"not_picked":["Slice","Eviscerate"],"picked":"Dodge and Roll","floor":25.0},{"not_picked":["Calculated Gamble","Deflect"],"picked":"Dash","floor":28.0},{"not_picked":["Deadly Poison","Dagger Spray+1","Eviscerate"],"picked":"SKIP","floor":31},{"not_picked":["Phantasmal Killer","Unload"],"picked":"Wraith Form v2","floor":33},{"not_picked":["Sucker Punch","Slice+1","Deadly Poison"],"picked":"SKIP","floor":35},{"not_picked":["Distraction","Endless Agony","Predator"],"picked":"SKIP","floor":37},{"not_picked":["Flying Knee","Quick Slash+1"],"picked":"Dodge and Roll+1","floor":38},{"not_picked":["Outmaneuver+1","Bullet Time","Acrobatics+1"],"picked":"SKIP","floor":40},{"not_picked":["Outmaneuver+1","Bullet Time","Acrobatics+1"],"picked":"SKIP","floor":40},{"not_picked":["Poisoned Stab","Flying Knee","All Out Attack"],"picked":"Backflip+1","floor":41},{"not_picked":["Expertise","Deadly Poison","Dodge and Roll"],"picked":"PiercingWail","floor":44},{"not_picked":["Deadly Poison","Deflect","Caltrops"],"picked":"Catalyst","floor":45},{"not_picked":["Underhanded Strike+1","Acrobatics","Deflect"],"picked":"Backflip","floor":47},{"not_picked":["Slice","Bane","Eviscerate"],"picked":"Dash+1","floor":48},{"not_picked":["All Out Attack","Finisher","Endless Agony"],"picked":"Backflip","floor":54}],"player_experience":670548,"relics_obtained":[{"floor":7.0,"key":"WingedGreaves"},{"floor":9.0,"key":"Art of War"},{"floor":10.0,"key":"Smiling Mask"},{"floor":23.0,"key":"Pantograph"},{"floor":26.0,"key":"Blue Candle"},{"floor":28.0,"key":"Boot"},{"floor":31,"key":"Dream Catcher"},{"floor":38,"key":"FossilizedHelix"},{"floor":40,"key":"Question Card"},{"floor":41,"key":"Shovel"},{"floor":44,"key":"Dodecahedron"},{"floor":45,"key":"Centennial Puzzle"},{"floor":47,"key":"Snake Skull"},{"floor":48,"key":"Calipers"},{"floor":54,"key":"Strawberry"}],"event_choices":[{"damage_healed":0.0,"max_hp_gain":0.0,"max_hp_loss":0.0,"gold_gain":0.0,"event_name":"Living Wall","player_choice":"Grow","floor":3.0,"gold_loss":0.0,"damage_taken":0.0,"cards_upgraded":["Footwork"]},{"damage_healed":0.0,"max_hp_gain":0.0,"max_hp_loss":0.0,"gold_gain":0.0,"event_name":"The Cleric","player_choice":"Leave","floor":5.0,"gold_loss":0.0,"damage_taken":0.0},{"damage_healed":0.0,"max_hp_gain":5.0,"max_hp_loss":0.0,"gold_gain":0.0,"event_name":"Big Fish","player_choice":"Donut","floor":8.0,"gold_loss":0.0,"damage_taken":0.0},{"cards_removed":["Strike_G"],"damage_healed":0.0,"max_hp_gain":0.0,"max_hp_loss":0.0,"gold_gain":0.0,"event_name":"Golden Wing","player_choice":"Card Removal","floor":12.0,"gold_loss":0.0,"damage_taken":7.0},{"damage_healed":0.0,"max_hp_gain":0.0,"max_hp_loss":0.0,"gold_gain":0.0,"cards_transformed":["Strike_G","Strike_G"],"event_name":"Drug Dealer","player_choice":"Became Test Subject","floor":19.0,"gold_loss":0.0,"damage_taken":0.0,"cards_obtained":["Quick Slash","Malaise"]},{"damage_healed":0.0,"max_hp_gain":0.0,"max_hp_loss":0.0,"gold_gain":0.0,"event_name":"Nest","player_choice":"Joined the Cult","floor":21.0,"gold_loss":0.0,"damage_taken":6.0,"cards_obtained":["RitualDagger"]},{"damage_healed":0.0,"max_hp_gain":0.0,"max_hp_loss":0.0,"gold_gain":0.0,"event_name":"Cursed Tome","player_choice":"Ignored","floor":22.0,"gold_loss":0.0,"damage_taken":0.0},{"damage_healed":0,"gold_gain":50,"player_choice":"Touch","damage_taken":7,"max_hp_gain":0,"max_hp_loss":0,"event_name":"FaceTrader","floor":29,"gold_loss":0},{"damage_healed":0,"gold_gain":0,"player_choice":"Fight","damage_taken":0,"max_hp_gain":0,"max_hp_loss":0,"event_name":"MindBloom","floor":38,"gold_loss":0},{"damage_healed":0,"gold_gain":0,"player_choice":"Paid","damage_taken":0,"relics_obtained":["Red Mask"],"max_hp_gain":0,"max_hp_loss":0,"event_name":"Tomb of Lord Red Mask","floor":39,"gold_loss":121}],"is_beta":false,"boss_relics":[{"not_picked":["Eternal Feather","Busted Crown"],"picked":"Sozu"},{"not_picked":["Tiny House","Snecko Eye"],"picked":"Runic Pyramid"}],"items_purged_floors":[36,53],"is_endless":false,"potions_floor_spawned":[4,10,14,23,25,33,35,40,41,45,54],"ascension_level":15}