{"gold_per_floor":[211,224,224,239,251,251,277,277,348,66,92,109,109,34,34,110,110,129,140,140,40,120,151,151,186,237,237,237,237,247,40,40,116,116,135,107,107,122,14,14,14],"floor_reached":41,"playtime":2262,"items_purged":["Pain","Strike_G"],"score":926,"play_id":"e92bc075-3a4c-4f60-bffa-8a4bd4f0733f","local_time":"20190718200939","is_ascension_mode":true,"campfire_choices":[{"floor":6.0,"key":"REST"},{"floor":8.0,"key":"REST"},{"floor":13,"key":"REST"},{"floor":15,"key":"REST"},{"floor":24,"key":"REST"},{"floor":28,"key":"REST"},{"floor":32,"key":"REST"},{"data":"Burst","floor":40,"key":"SMITH"}],"neow_cost":"NONE","seed_source_timestamp":1574922490926481,"circlet_count":0,"master_deck":["AscendersBane","Strike_G","Strike_G","Strike_G","Defend_G","Defend_G","Defend_G","Defend_G","Defend_G","Survivor","Neutralize","Predator","All Out Attack","Deflect","PiercingWail","Quick Slash","Well Laid Plans","Deadly Poison","Corpse Explosion","Backflip","Crippling Poison","Die Die Die","Escape Plan","PanicButton","Noxious Fumes","Deadly Poison","Malaise","Burst+1","Malaise","Deadly Poison","Deflect","Cloak And Dagger+1","PiercingWail","Caltrops","Panacea"],"special_seed":0,"relics":["Ring of the Snake","WarpedTongs","Peace Pipe","Darkstone Periapt","PreservedInsect","Sozu","Nloth\u0027s Gift","Letter Opener","Bottled Flame","Pantograph","Orichalcum","Orrery"],"potions_floor_usage":[11,12,29,41],"damage_taken":[{"damage":9.0,"enemies":"Jaw Worm","floor":1.0,"turns":7.0},{"damage":3.0,"enemies":"Cultist","floor":2.0,"turns":4.0},{"damage":0.0,"enemies":"2 Louse","floor":4.0,"turns":2.0},{"damage":14.0,"enemies":"Large Slime","floor":5.0,"turns":6.0},{"damage":30.0,"enemies":"Lagavulin","floor":7.0,"turns":8.0},{"damage":36,"enemies":"Gremlin Nob","floor":11,"turns":5},{"damage":2,"enemies":"Exordium Thugs","floor":12,"turns":6},{"damage":21,"enemies":"The Guardian","floor":16,"turns":12},{"damage":7,"enemies":"Spheric Guardian","floor":18,"turns":6},{"damage":5,"enemies":"3 Byrds","floor":19,"turns":3},{"damage":12,"enemies":"Gremlin Leader","floor":23,"turns":6},{"damage":32,"enemies":"Book of Stabbing","floor":25,"turns":5},{"damage":0,"enemies":"Snake Plant","floor":29,"turns":1},{"damage":9,"enemies":"Centurion and Healer","floor":30,"turns":5},{"damage":47,"enemies":"Champ","floor":33,"turns":14},{"damage":10,"enemies":"3 Darklings","floor":35,"turns":3},{"damage":0,"enemies":"3 Shapes","floor":38,"turns":2},{"damage":70,"enemies":"Giant Head","floor":41,"turns":9}],"seed_played":"1376313847718618322","potions_obtained":[{"floor":1.0,"key":"Dexterity Potion"},{"floor":2.0,"key":"AttackPotion"},{"floor":11,"key":"FearPotion"},{"floor":12,"key":"GhostInAJar"},{"floor":16,"key":"SmokeBomb"}],"is_trial":false,"path_per_floor":["M","M","?","M","M","R","E","R","T","$","E","M","R","?","R","B",null,"M","M","?","$","T","E","R","E","T","?","R","M","M","$","R","B",null,"M","$","?","M","$","R","E"],"character_chosen":"THE_SILENT","items_purchased":["Well Laid Plans","Tiny Chest","PanicButton","Noxious Fumes","Deadly Poison","PiercingWail","Panacea"],"campfire_rested":7,"item_purchase_floors":[10,10,31,31,31,36,39],"current_hp_per_floor":[50,47,47,47,33,52,22,41,41,41,5,3,22,22,41,20,55,48,43,43,43,43,31,50,18,18,18,37,37,28,28,47,19,54,44,44,44,44,44,44,0],"gold":14,"neow_bonus":"HUNDRED_GOLD","is_prod":false,"is_daily":false,"chose_seed":false,"campfire_upgraded":1,"win_rate":0,"timestamp":1563494979,"path_taken":["M","M","?","M","?","R","E","R","T","$","E","M","R","?","R","BOSS","M","M","?","$","?","E","R","E","T","?","R","M","M","?","R","BOSS","M","$","?","M","$","R","E"],"build_version":"2019-07-17","purchased_purges":2,"victory":false,"max_hp_per_floor":[66,66,66,66,66,66,66,66,66,66,66,66,66,66,66,66,66,66,66,66,66,66,66,66,66,66,66,66,66,66,66,66,66,66,66,66,66,66,66,66,66],"card_choices":[{"not_picked":["Tactician","Prepared"],"picked":"Predator","floor":1.0},{"not_picked":["Bane","Riddle With Holes"],"picked":"All Out Attack","floor":2.0},{"not_picked":["Concentrate","Terror"],"picked":"Deflect","floor":4.0},{"not_picked":["Backflip","Heel Hook"],"picked":"PiercingWail","floor":5.0},{"not_picked":["Concentrate","Grand Finale"],"picked":"Quick Slash","floor":7.0},{"not_picked":["All Out Attack","Choke"],"picked":"Deadly Poison","floor":11},{"not_picked":["Outmaneuver","Choke","Dagger Spray"],"picked":"SKIP","floor":12},{"not_picked":["A Thousand Cuts","Envenom"],"picked":"Corpse Explosion","floor":16},{"not_picked":["Bane","Poisoned Stab"],"picked":"Backflip","floor":18},{"not_picked":["Flechettes","Slice"],"picked":"Crippling Poison","floor":19},{"not_picked":["Riddle With Holes","Terror"],"picked":"Die Die Die","floor":23},{"not_picked":["Storm of Steel","Accuracy"],"picked":"Escape Plan","floor":25},{"not_picked":["Acrobatics","Predator","Underhanded Strike"],"picked":"SKIP","floor":30},{"not_picked":["Doppelganger","Adrenaline"],"picked":"Malaise","floor":33},{"not_picked":["Flying Knee+1","Backstab"],"picked":"Burst","floor":34},{"not_picked":["Sucker Punch","Flechettes+1"],"picked":"Malaise","floor":34},{"not_picked":["Eviscerate","Predator"],"picked":"Deadly Poison","floor":34},{"not_picked":["Dash","Heel Hook"],"picked":"Deflect","floor":34},{"not_picked":["Slice","Setup+1"],"picked":"Cloak And Dagger+1","floor":34},{"not_picked":["Setup","Sucker Punch","Masterful Stab"],"picked":"SKIP","floor":35},{"not_picked":["Bane","Corpse Explosion","Flying Knee"],"picked":"SKIP","floor":38},{"not_picked":["Bane","Corpse Explosion","Flying Knee"],"picked":"SKIP","floor":38}],"player_experience":1136628,"relics_obtained":[{"floor":7.0,"key":"Peace Pipe"},{"floor":9.0,"key":"Darkstone Periapt"},{"floor":11,"key":"PreservedInsect"},{"floor":22,"key":"Letter Opener"},{"floor":23,"key":"Bottled Flame"},{"floor":25,"key":"Pantograph"},{"floor":26,"key":"Orichalcum"}],"event_choices":[{"damage_healed":0.0,"max_hp_gain":0.0,"max_hp_loss":0.0,"gold_gain":0.0,"event_name":"Accursed Blacksmith","player_choice":"Rummage","floor":3.0,"gold_loss":0.0,"damage_taken":0.0,"relics_obtained":["WarpedTongs"],"cards_obtained":["Pain"]},{"cards_removed":["Strike_G"],"damage_healed":0,"gold_gain":0,"player_choice":"Card Removal","damage_taken":0,"max_hp_gain":0,"max_hp_loss":0,"event_name":"The Cleric","floor":14,"gold_loss":75},{"damage_healed":0,"gold_gain":0,"player_choice":"Traded Relic","damage_taken":0,"relics_obtained":["Nloth\u0027s Gift"],"max_hp_gain":0,"max_hp_loss":0,"event_name":"N\u0027loth","floor":20,"relics_lost":["Tiny Chest"],"gold_loss":0},{"damage_healed":0,"gold_gain":0,"player_choice":"Ignored","damage_taken":0,"max_hp_gain":0,"max_hp_loss":0,"event_name":"Cursed Tome","floor":27,"gold_loss":0},{"damage_healed":0,"gold_gain":0,"player_choice":"1 cards matched","damage_taken":0,"max_hp_gain":0,"max_hp_loss":0,"event_name":"Match and Keep!","floor":37,"gold_loss":0,"cards_obtained":["Caltrops"]}],"is_beta":false,"boss_relics":[{"not_picked":["WristBlade","Astrolabe"],"picked":"Sozu"},{"not_picked":["Velvet Choker","HoveringKite"],"picked":"Orrery"}],"items_purged_floors":[10,21],"is_endless":false,"potions_floor_spawned":[1,2,11,12,16,18,25,29,35,38],"killed_by":"Giant Head","ascension_level":19}