{"gold_per_floor":[117,130,144,161,172,172,202,202,227,227,227,74,101,1,1,105,105,118,118,137,157,167,167,187,187,187,200,200,217,245,120,120,216,216,236,251,251,270,287,287,137,137,137,137,137,150,161,177,177,177],"floor_reached":51,"playtime":3959,"items_purged":["Defend_G","Strike_G","Clumsy","Parasite"],"score":633,"play_id":"76ecd871-d3d5-4f5c-8d68-bfe9be2af5a5","local_time":"20191014013027","is_ascension_mode":false,"campfire_choices":[{"data":"Dagger Spray","floor":6,"key":"SMITH"},{"floor":8,"key":"REST"},{"data":"Neutralize","floor":10,"key":"SMITH"},{"data":"Accuracy","floor":15,"key":"SMITH"},{"data":"Cloak And Dagger","floor":23,"key":"SMITH"},{"data":"Backflip","floor":25,"key":"SMITH"},{"data":"After Image","floor":28,"key":"SMITH"},{"data":"Backflip","floor":32,"key":"SMITH"},{"data":"Night Terror","floor":40,"key":"SMITH"},{"floor":42,"key":"REST"},{"data":"Blur","floor":45,"key":"SMITH"},{"floor":49,"key":"REST"}],"neow_cost":"TEN_PERCENT_HP_LOSS","seed_source_timestamp":346539581918300,"circlet_count":0,"master_deck":["Strike_G","Strike_G","Strike_G","Defend_G","Defend_G","Survivor","Neutralize+1","Backflip+1","Backflip+1","Cloak And Dagger+1","Blade Dance","Dagger Spray+1","Tools of the Trade","Accuracy+1","Die Die Die","Blade Dance","Blur+1","After Image+1","Terror","Night Terror+1","Blur+1","Regret","Footwork+1"],"relics":["Ring of the Snake","Bag of Preparation","Dream Catcher","Lantern","Cursed Key","Incense Burner","Art of War","Lizard Tail","Singing Bowl"],"potions_floor_usage":[7,7,22,30,50,50],"damage_taken":[{"damage":0,"enemies":"Cultist","floor":1,"turns":5},{"damage":2,"enemies":"2 Louse","floor":2,"turns":3},{"damage":7,"enemies":"Small Slimes","floor":3,"turns":5},{"damage":0,"enemies":"Red Slaver","floor":4,"turns":5},{"damage":0,"enemies":"3 Louse","floor":5,"turns":4},{"damage":25,"enemies":"Lagavulin","floor":7,"turns":6},{"damage":19,"enemies":"Gremlin Nob","floor":13,"turns":5},{"damage":4,"enemies":"The Guardian","floor":16,"turns":16},{"damage":10,"enemies":"2 Thieves","floor":18,"turns":3},{"damage":2,"enemies":"Spheric Guardian","floor":20,"turns":3},{"damage":5,"enemies":"Cultist and Chosen","floor":21,"turns":5},{"damage":2,"enemies":"Shelled Parasite and Fungi","floor":22,"turns":5},{"damage":0,"enemies":"Snake Plant","floor":24,"turns":6},{"damage":0,"enemies":"Snecko","floor":27,"turns":7},{"damage":1,"enemies":"Sentry and Sphere","floor":29,"turns":5},{"damage":11,"enemies":"Slavers","floor":30,"turns":3},{"damage":9,"enemies":"Collector","floor":33,"turns":10},{"damage":26,"enemies":"3 Darklings","floor":35,"turns":4},{"damage":4,"enemies":"3 Shapes","floor":36,"turns":6},{"damage":0,"enemies":"Spire Growth","floor":38,"turns":4},{"damage":0,"enemies":"Writhing Mass","floor":39,"turns":5},{"damage":14,"enemies":"4 Shapes","floor":46,"turns":6},{"damage":1,"enemies":"Maw","floor":47,"turns":10},{"damage":8,"enemies":"Jaw Worm Horde","floor":48,"turns":4},{"damage":26,"enemies":"Time Eater","floor":50,"turns":23}],"seed_played":"6689528869911847870","potions_obtained":[{"floor":3,"key":"AttackPotion"},{"floor":4,"key":"Fire Potion"},{"floor":16,"key":"Regen Potion"},{"floor":18,"key":"Weak Potion"},{"floor":20,"key":"SkillPotion"},{"floor":24,"key":"GamblersBrew"},{"floor":27,"key":"Strength Potion"},{"floor":36,"key":"SneckoOil"}],"is_trial":false,"path_per_floor":["M","M","M","M","M","R","E","R","T","R","?","$","E","$","R","B",null,"M","$","M","M","M","R","M","R","T","M","R","M","E","$","R","B",null,"M","M","?","M","M","R","$","R","T","?","R","M","M","M","R","B",null],"character_chosen":"THE_SILENT","items_purchased":["Accuracy"],"campfire_rested":3,"item_purchase_floors":[12],"current_hp_per_floor":[63,61,54,54,54,54,29,47,47,47,47,47,28,28,28,24,63,53,53,51,46,58,58,58,58,58,58,58,57,46,46,46,37,63,37,33,33,33,33,33,33,51,51,51,51,39,38,32,52,26],"gold":177,"neow_bonus":"REMOVE_TWO","is_prod":false,"is_daily":false,"chose_seed":false,"campfire_upgraded":9,"win_rate":0,"timestamp":1571031027,"path_taken":["M","?","M","M","M","R","E","R","T","R","?","$","E","$","R","BOSS","M","$","M","M","M","R","M","R","T","M","R","M","E","$","R","BOSS","M","M","?","M","?","R","$","R","T","?","R","M","M","M","R","BOSS"],"build_version":"2019-07-17","purchased_purges":4,"victory":true,"max_hp_per_floor":[63,63,63,63,63,63,63,63,63,63,63,63,63,63,63,63,63,63,63,63,63,63,63,63,63,63,63,63,63,63,63,63,63,63,63,63,63,63,63,63,60,60,60,57,57,59,59,61,63,63],"card_choices":[{"not_picked":["Prepared","Masterful Stab"],"picked":"Backflip","floor":1},{"not_picked":["Eviscerate","Deflect"],"picked":"Backflip","floor":2},{"not_picked":["Choke","Bane"],"picked":"Cloak And Dagger","floor":3},{"not_picked":["Poisoned Stab","Outmaneuver"],"picked":"Blade Dance","floor":4},{"not_picked":["All Out Attack","Quick Slash"],"picked":"Dagger Spray","floor":5},{"not_picked":["Predator","Escape Plan"],"picked":"Tools of the Trade","floor":7},{"not_picked":["Blade Dance","Distraction","Dagger Spray"],"picked":"SKIP","floor":13},{"not_picked":["Bullet Time","Wraith Form v2"],"picked":"Die Die Die","floor":16},{"not_picked":["Bane","Acrobatics"],"picked":"Blade Dance","floor":18},{"not_picked":["Dagger Spray","Dodge and Roll+1"],"picked":"Blur","floor":20},{"not_picked":["Blade Dance","Setup","Dodge and Roll+1"],"picked":"SKIP","floor":21},{"not_picked":["Underhanded Strike+1","Sucker Punch"],"picked":"After Image","floor":22},{"not_picked":["Footwork","Deflect+1","Leg Sweep"],"picked":"SKIP","floor":24},{"not_picked":["PiercingWail","Cloak And Dagger","Prepared+1"],"picked":"SKIP","floor":27},{"not_picked":["Dodge and Roll","Acrobatics","Deflect"],"picked":"SKIP","floor":29},{"not_picked":["Dagger Throw","Quick Slash"],"picked":"Terror","floor":30},{"not_picked":["Tools of the Trade","Unload"],"picked":"Night Terror","floor":33},{"not_picked":["Dodge and Roll+1","Eviscerate+1","Poisoned Stab+1"],"picked":"SKIP","floor":35},{"not_picked":["Acrobatics+1","Blade Dance","Backflip"],"picked":"SKIP","floor":36},{"not_picked":["Bane","Sucker Punch","Backflip+1"],"picked":"SKIP","floor":38},{"not_picked":["Slice+1","Skewer+1"],"picked":"Blur+1","floor":39},{"not_picked":["Acrobatics+1","Dodge and Roll","Tactician"],"picked":"Singing Bowl","floor":46},{"not_picked":["Predator","Deadly Poison+1"],"picked":"Footwork+1","floor":47},{"not_picked":["Acrobatics","Blade Dance","Masterful Stab+1"],"picked":"Singing Bowl","floor":48},{"not_picked":["All Out Attack","Blade Dance","Venomology"],"picked":"Singing Bowl","floor":49}],"player_experience":371907,"relics_obtained":[{"floor":7,"key":"Bag of Preparation"},{"floor":9,"key":"Dream Catcher"},{"floor":13,"key":"Lantern"},{"floor":26,"key":"Incense Burner"},{"floor":30,"key":"Art of War"},{"floor":43,"key":"Singing Bowl"}],"event_choices":[{"cards_removed":["Defend_G"],"damage_healed":0,"gold_gain":0,"player_choice":"Forget","damage_taken":0,"max_hp_gain":0,"max_hp_loss":0,"event_name":"Living Wall","floor":11,"gold_loss":0},{"damage_healed":0,"gold_gain":0,"player_choice":"Ignored","damage_taken":0,"max_hp_gain":0,"max_hp_loss":0,"event_name":"NoteForYourself","floor":37,"gold_loss":0},{"damage_healed":0,"gold_gain":0,"player_choice":"Max HP","damage_taken":0,"max_hp_gain":0,"max_hp_loss":3,"event_name":"Winding Halls","floor":44,"gold_loss":0}],"is_beta":false,"boss_relics":[{"not_picked":["Ectoplasm","Runic Dome"],"picked":"Cursed Key"},{"not_picked":["Fusion Hammer","Orrery"],"picked":"Lizard Tail"}],"items_purged_floors":[12,14,31,41],"is_endless":false,"potions_floor_spawned":[3,4,16,18,20,24,27,36,39],"ascension_level":0}