{"gold_per_floor":[110,60,60,77,77,102,102,129,156,156,183,198,161,175,175,175],"floor_reached":16,"playtime":568,"items_purged":[],"score":108,"play_id":"999b3d60-4c26-4b37-8614-3d96404ba381","local_time":"20190322211458","is_ascension_mode":false,"campfire_choices":[{"data":"Neutralize","floor":7,"key":"SMITH"},{"data":"Noxious Fumes","floor":10,"key":"SMITH"},{"data":"Dash","floor":15,"key":"SMITH"}],"neow_cost":"NONE","seed_source_timestamp":530368888116766,"circlet_count":0,"master_deck":["Defend_G","Defend_G","Defend_G","Defend_G","Defend_G","Strike_G+1","Strike_G","Strike_G","Strike_G","Survivor","Neutralize+1","Noxious Fumes+1","Skewer+1","Escape Plan","Dash+1","Sucker Punch","Noxious Fumes"],"relics":["Ring of the Snake","Paper Crane","Anchor","Centennial Puzzle"],"potions_floor_usage":[16],"damage_taken":[{"damage":0,"enemies":"2 Louse","floor":1,"turns":3},{"damage":1,"enemies":"Jaw Worm","floor":4,"turns":5},{"damage":21,"enemies":"Gremlin Nob","floor":6,"turns":4},{"damage":17,"enemies":"3 Sentries","floor":11,"turns":9},{"damage":0,"enemies":"Small Slimes","floor":12,"turns":3},{"damage":0,"enemies":"Blue Slaver","floor":14,"turns":3},{"damage":25,"enemies":"Slime Boss","floor":16,"turns":7}],"seed_played":"-2017984454054963597","potions_obtained":[{"floor":4,"key":"Poison Potion"},{"floor":6,"key":"Strength Potion"}],"is_trial":false,"path_per_floor":["M","?","?","M","?","E","R","T","T","R","E","M","$","M","R","B"],"character_chosen":"THE_SILENT","items_purchased":["Noxious Fumes"],"campfire_rested":0,"item_purchase_floors":[13],"current_hp_per_floor":[77,77,77,76,61,40,40,40,40,40,23,23,23,23,23,0],"gold":175,"neow_bonus":"TEN_PERCENT_HP_BONUS","is_prod":false,"is_daily":false,"chose_seed":false,"campfire_upgraded":3,"win_rate":0,"timestamp":1553303698,"path_taken":["M","?","?","M","?","E","R","?","T","R","E","M","$","?","R","BOSS"],"build_version":"2019-01-23","purchased_purges":0,"victory":false,"max_hp_per_floor":[77,77,77,77,77,77,77,77,77,77,77,77,77,77,77,77],"card_choices":[{"not_picked":["Sucker Punch","Slice"],"picked":"Noxious Fumes","floor":1},{"not_picked":["Cloak And Dagger","Prepared"],"picked":"Skewer","floor":4},{"not_picked":["Distraction","Setup"],"picked":"Escape Plan","floor":6},{"not_picked":["Predator","Blade Dance"],"picked":"Dash","floor":11},{"not_picked":["Acrobatics","Bane"],"picked":"Sucker Punch","floor":12},{"not_picked":["Finisher","Poisoned Stab","Underhanded Strike"],"picked":"SKIP","floor":14}],"player_experience":741614,"relics_obtained":[{"floor":6,"key":"Paper Crane"},{"floor":8,"key":"Anchor"},{"floor":11,"key":"Centennial Puzzle"}],"event_choices":[{"cards_removed":["Strike_G"],"damage_healed":0,"gold_gain":0,"player_choice":"Card Removal","damage_taken":0,"max_hp_gain":0,"max_hp_loss":0,"event_name":"The Cleric","floor":2,"gold_loss":50},{"damage_healed":0,"gold_gain":0,"player_choice":"Ignored","damage_taken":0,"max_hp_gain":0,"max_hp_loss":0,"event_name":"Liars Game","floor":3,"gold_loss":0},{"damage_healed":0,"gold_gain":0,"player_choice":"Entered Light","damage_taken":15,"max_hp_gain":0,"max_hp_loss":0,"event_name":"Shining Light","floor":5,"gold_loss":0,"cards_upgraded":["Skewer","Strike_G"]}],"is_beta":false,"boss_relics":[],"items_purged_floors":[],"is_endless":false,"potions_floor_spawned":[4,6],"killed_by":"Slime Boss","ascension_level":0}