{"gold_per_floor":[109,121,131,147,147,178,242,305,305,335,355,372,405,418,418,489,489,501,551,601,651,664,664],"floor_reached":23,"playtime":1292,"items_purged":[],"score":434,"play_id":"3f8ea7a8-2d84-4d57-8e37-a51b52d1d14d","local_time":"20190912211635","is_ascension_mode":true,"campfire_choices":[{"floor":15.0,"key":"REST"}],"neow_cost":"NONE","seed_source_timestamp":0,"circlet_count":0,"master_deck":["AscendersBane","Strike_R+1","Strike_R+1","Strike_R+1","Strike_R+1","Strike_R+1","Defend_R+1","Defend_R+1","Defend_R+1","Defend_R+1","Bash+1","Carnage","Iron Wave","Battle Trance","Inflame","Anger","Carnage","Sword Boomerang","Immolate","Battle Trance","Spot Weakness","Impervious"],"special_seed":0,"relics":["Burning Blood","SsserpentHead","Anchor","Shuriken","Peace Pipe","Self Forming Clay","Snecko Eye","Enchiridion"],"potions_floor_usage":[23,23],"damage_taken":[{"damage":7.0,"enemies":"Jaw Worm","floor":1.0,"turns":4.0},{"damage":1.0,"enemies":"Cultist","floor":2.0,"turns":3.0},{"damage":5.0,"enemies":"Small Slimes","floor":3.0,"turns":3.0},{"damage":7.0,"enemies":"2 Fungi Beasts","floor":4.0,"turns":3.0},{"damage":31.0,"enemies":"Gremlin Nob","floor":6.0,"turns":4.0},{"damage":1.0,"enemies":"Looter","floor":7.0,"turns":3.0},{"damage":0.0,"enemies":"Red Slaver","floor":8.0,"turns":3.0},{"damage":20.0,"enemies":"3 Sentries","floor":10.0,"turns":6.0},{"damage":9.0,"enemies":"2 Fungi Beasts","floor":11.0,"turns":3.0},{"damage":21.0,"enemies":"Large Slime","floor":12.0,"turns":6.0},{"damage":32.0,"enemies":"Gremlin Nob","floor":13.0,"turns":4.0},{"damage":0.0,"enemies":"Blue Slaver","floor":14.0,"turns":2.0},{"damage":37.0,"enemies":"The Guardian","floor":16.0,"turns":12.0},{"damage":20.0,"enemies":"Shell Parasite","floor":18.0,"turns":4.0},{"damage":0.0,"enemies":"3 Byrds","floor":22.0,"turns":3.0},{"damage":35,"enemies":"Slavers","floor":23,"turns":3}],"seed_played":"-8568890255768219093","potions_obtained":[{"floor":2.0,"key":"Energy Potion"},{"floor":4.0,"key":"Regen Potion"},{"floor":6.0,"key":"Explosive Potion"},{"floor":13.0,"key":"Explosive Potion"},{"floor":16.0,"key":"Strength Potion"},{"floor":18.0,"key":"BloodPotion"}],"is_trial":false,"path_per_floor":["M","M","M","M","?","E","M","M","T","E","M","M","E","M","R","B",null,"M","?","?","?","M","E"],"character_chosen":"IRONCLAD","items_purchased":[],"campfire_rested":1,"item_purchase_floors":[],"current_hp_per_floor":[67,72,73,72,72,47,52,58,58,44,41,26,12,18,40,9,59,45,24,3,3,9,0],"gold":664,"neow_bonus":"UPGRADE_CARD","is_prod":false,"is_daily":false,"chose_seed":false,"campfire_upgraded":0,"win_rate":0,"timestamp":1568337395,"path_taken":["M","M","M","M","?","E","?","?","T","E","M","M","E","M","R","BOSS","M","?","?","?","M","E"],"build_version":"2019-09-11v2","purchased_purges":0,"victory":false,"max_hp_per_floor":[75,75,75,75,75,75,75,75,75,75,75,75,75,75,75,75,75,75,80,80,80,80,80],"card_choices":[{"not_picked":["Warcry","Cleave"],"picked":"Carnage","floor":1.0},{"not_picked":["Reckless Charge","Armaments"],"picked":"Iron Wave","floor":2.0},{"not_picked":["Havoc","Twin Strike","Warcry"],"picked":"SKIP","floor":3.0},{"not_picked":["Thunderclap","Clothesline"],"picked":"Battle Trance","floor":4.0},{"not_picked":["Ghostly Armor","Seeing Red"],"picked":"Inflame","floor":6.0},{"not_picked":["Clothesline","Body Slam"],"picked":"Anger","floor":7.0},{"not_picked":["Iron Wave","Reckless Charge"],"picked":"Carnage","floor":8.0},{"not_picked":["Pummel","Thunderclap","Havoc"],"picked":"SKIP","floor":10.0},{"not_picked":["Combust","Searing Blow"],"picked":"Sword Boomerang","floor":11.0},{"not_picked":["Havoc","Twin Strike"],"picked":"Immolate","floor":12.0},{"not_picked":["Hemokinesis","Flex"],"picked":"Battle Trance","floor":13.0},{"not_picked":["Flex","Cleave"],"picked":"Spot Weakness","floor":14.0},{"not_picked":["Bludgeon","Dark Embrace"],"picked":"Impervious","floor":16.0},{"not_picked":["Inflame","Battle Trance","Rampage"],"picked":"SKIP","floor":18.0},{"not_picked":["Reckless Charge","Blood for Blood","Dropkick"],"picked":"SKIP","floor":22.0}],"player_experience":816090,"relics_obtained":[{"floor":6.0,"key":"Anchor"},{"floor":9.0,"key":"Shuriken"},{"floor":10.0,"key":"Peace Pipe"},{"floor":13.0,"key":"Self Forming Clay"},{"floor":20.0,"key":"Enchiridion"}],"event_choices":[{"damage_healed":0.0,"max_hp_gain":0.0,"max_hp_loss":0.0,"gold_gain":0.0,"event_name":"FaceTrader","player_choice":"Trade","floor":5.0,"gold_loss":0.0,"damage_taken":0.0,"relics_obtained":["SsserpentHead"]},{"damage_healed":0.0,"max_hp_gain":5.0,"max_hp_loss":0.0,"gold_gain":0.0,"event_name":"Forgotten Altar","player_choice":"Shed Blood","floor":19.0,"gold_loss":0.0,"damage_taken":26.0},{"damage_healed":0.0,"max_hp_gain":0.0,"max_hp_loss":0.0,"gold_gain":0.0,"event_name":"Cursed Tome","player_choice":"Obtained Book","floor":20.0,"gold_loss":0.0,"damage_taken":21.0},{"damage_healed":0.0,"max_hp_gain":0.0,"max_hp_loss":0.0,"gold_gain":0.0,"event_name":"Back to Basics","player_choice":"Simplicity","floor":21.0,"gold_loss":0.0,"damage_taken":0.0,"cards_upgraded":["Strike_R","Strike_R","Strike_R","Strike_R","Strike_R","Defend_R","Defend_R","Defend_R","Defend_R"]}],"is_beta":true,"boss_relics":[{"not_picked":["Coffee Dripper","Fusion Hammer"],"picked":"Snecko Eye"}],"items_purged_floors":[],"is_endless":false,"potions_floor_spawned":[2,4,6,13,14,16,18],"killed_by":"Slavers","ascension_level":20}