{"gold_per_floor":[117,117,42,62,79,79,111,111,165,199,210,210,160,23,23,118,118,128,141,141,141,159,220,220,236,236,236,252,252,277,289,289,289],"floor_reached":33,"playtime":1275,"items_purged":["Strike_R","Strike_R"],"score":295,"play_id":"60456add-5cf7-4b8b-a481-0adf1fe8a6df","local_time":"20190205213550","is_ascension_mode":false,"campfire_choices":[{"data":"Immolate","floor":6,"key":"SMITH"},{"data":"Rage","floor":8,"key":"SMITH"},{"data":"Bash","floor":12,"key":"SMITH"},{"data":"Uppercut","floor":15,"key":"SMITH"},{"data":"Immolate","floor":24,"key":"SMITH"},{"data":"Shockwave","floor":27,"key":"SMITH"},{"data":"Defend_R","floor":29,"key":"SMITH"},{"data":"Pommel Strike","floor":32,"key":"SMITH"}],"neow_cost":"NONE","seed_source_timestamp":1302080325890242,"circlet_count":0,"master_deck":["Strike_R","Defend_R","Defend_R+1","Defend_R+1","Defend_R+1","Bash+1","Immolate+1","Headbutt","Thunderclap","Rage+1","Inflame","Uppercut+1","Immolate+1","Shockwave+1","Corruption","Evolve+1","Bloodletting+1","Reaper","Pommel Strike+1"],"special_seed":0,"relics":["Black Blood","War Paint","Red Skull","Tiny Chest","Magic Flower","Pantograph"],"potions_floor_usage":[23,23,30,30,33],"damage_taken":[{"damage":0.0,"enemies":"2 Louse","floor":1.0,"turns":1.0},{"damage":1,"enemies":"Cultist","floor":4,"turns":3},{"damage":5,"enemies":"Small Slimes","floor":5,"turns":2},{"damage":30,"enemies":"Lagavulin","floor":7,"turns":5},{"damage":10,"enemies":"Gremlin Nob","floor":10,"turns":4},{"damage":4,"enemies":"Looter","floor":11,"turns":3},{"damage":27,"enemies":"Slime Boss","floor":16,"turns":9},{"damage":10,"enemies":"3 Byrds","floor":18,"turns":3},{"damage":0,"enemies":"Chosen","floor":19,"turns":3},{"damage":10,"enemies":"Centurion and Healer","floor":22,"turns":4},{"damage":45,"enemies":"Book of Stabbing","floor":23,"turns":6},{"damage":0,"enemies":"3 Cultists","floor":25,"turns":2},{"damage":24,"enemies":"Snake Plant","floor":28,"turns":3},{"damage":33,"enemies":"Slavers","floor":30,"turns":6},{"damage":9,"enemies":"Cultist and Chosen","floor":31,"turns":2},{"damage":96,"enemies":"Champ","floor":33,"turns":10}],"seed_played":"7063351918351136630","potions_obtained":[{"floor":1.0,"key":"FearPotion"},{"floor":11,"key":"FearPotion"},{"floor":19,"key":"GamblersBrew"},{"floor":25,"key":"Swift Potion"},{"floor":28,"key":"Explosive Potion"}],"is_trial":false,"path_per_floor":["M","?","$","M","M","R","E","R","T","E","M","R","?","$","R","B",null,"M","M","?","?","M","E","R","M","T","R","M","R","E","M","R","B"],"character_chosen":"IRONCLAD","items_purchased":["Uppercut"],"campfire_rested":0,"item_purchase_floors":[14],"current_hp_per_floor":[80,80,80,80,80,80,56,56,56,52,54,54,54,54,54,33,80,80,80,80,80,80,45,45,55,55,55,46,46,28,64,64,0],"gold":289,"neow_bonus":"ONE_RANDOM_RARE_CARD","is_prod":false,"is_daily":false,"chose_seed":false,"campfire_upgraded":8,"win_rate":0,"timestamp":1549420550,"path_taken":["M","?","?","M","M","R","E","R","T","E","M","R","?","$","R","BOSS","M","M","?","?","M","E","R","?","T","R","M","R","E","M","R","BOSS"],"build_version":"2019-01-23","purchased_purges":2,"victory":false,"max_hp_per_floor":[80,80,80,80,80,80,80,80,80,80,80,80,80,80,80,80,80,80,80,80,80,80,80,80,80,80,80,80,80,80,80,80,80],"card_choices":[{"not_picked":["Fire Breathing","Iron Wave"],"picked":"Headbutt","floor":1.0},{"not_picked":["Seeing Red","Anger"],"picked":"Thunderclap","floor":4},{"not_picked":["Thunderclap","Headbutt"],"picked":"Rage","floor":5},{"not_picked":["Wild Strike","Rupture","Combust"],"picked":"SKIP","floor":7},{"not_picked":["Wild Strike","Iron Wave"],"picked":"Inflame","floor":10},{"not_picked":["Iron Wave","Thunderclap","Warcry"],"picked":"SKIP","floor":11},{"not_picked":["Limit Break","Fiend Fire"],"picked":"Immolate","floor":16},{"not_picked":["Armaments+1","Warcry","Headbutt"],"picked":"SKIP","floor":18},{"not_picked":["Pommel Strike","Intimidate"],"picked":"Shockwave","floor":19},{"not_picked":["Thunderclap+1","Heavy Blade+1"],"picked":"Evolve+1","floor":22},{"not_picked":["Whirlwind+1","Thunderclap+1","Flex"],"picked":"SKIP","floor":23},{"not_picked":["Body Slam","Intimidate"],"picked":"Bloodletting+1","floor":25},{"not_picked":["Infernal Blade","Heavy Blade+1","Twin Strike+1"],"picked":"SKIP","floor":28},{"not_picked":["Headbutt","Pommel Strike"],"picked":"Reaper","floor":30},{"not_picked":["Wild Strike","Flex"],"picked":"Pommel Strike","floor":31}],"player_experience":660423,"relics_obtained":[{"floor":7,"key":"War Paint"},{"floor":10,"key":"Red Skull"},{"floor":23,"key":"Tiny Chest"},{"floor":26,"key":"Magic Flower"},{"floor":30,"key":"Pantograph"}],"event_choices":[{"damage_healed":0.0,"max_hp_gain":0.0,"max_hp_loss":0.0,"gold_gain":0.0,"event_name":"NoteForYourself","player_choice":"Ignored","floor":2.0,"gold_loss":0.0,"damage_taken":0.0},{"cards_removed":["Strike_R"],"damage_healed":0,"gold_gain":0,"player_choice":"Card Removal","damage_taken":0,"max_hp_gain":0,"max_hp_loss":0,"event_name":"The Cleric","floor":13,"gold_loss":50},{"damage_healed":0,"gold_gain":0,"player_choice":"Ignored","damage_taken":0,"max_hp_gain":0,"max_hp_loss":0,"event_name":"Vampires","floor":20,"gold_loss":0},{"damage_healed":0,"gold_gain":0,"cards_transformed":["Strike_R"],"player_choice":"Transformed","damage_taken":0,"max_hp_gain":0,"max_hp_loss":0,"event_name":"Transmorgrifier","floor":21,"gold_loss":0,"cards_obtained":["Corruption"]}],"is_beta":false,"boss_relics":[{"not_picked":["Astrolabe","Tiny House"],"picked":"Black Blood"}],"items_purged_floors":[3,14],"is_endless":false,"potions_floor_spawned":[1,11,19,25,28],"killed_by":"Champ","ascension_level":0}