{"gold_per_floor":[110,128,141,291,134,161,161,193,239,266,266,285,285,285,285,363,363,377,292,36,36,48,48,48],"floor_reached":24,"playtime":1182,"items_purged":["Doubt","Strike_B"],"score":413,"play_id":"d2bbaea0-28ef-42bd-8f12-77e8b963fc61","local_time":"20190722192751","is_ascension_mode":true,"campfire_choices":[{"floor":7,"key":"REST"},{"floor":13,"key":"REST"},{"floor":15,"key":"REST"},{"data":"Multi-Cast","floor":23,"key":"SMITH"}],"neow_cost":"NONE","seed_source_timestamp":3205254224944,"circlet_count":0,"master_deck":["AscendersBane","Strike_B","Defend_B","Defend_B","Defend_B","Defend_B","Zap+1","Dualcast","Conserve Battery","Coolheaded","Chaos","Sweeping Beam","Ball Lightning","Compile Driver","Darkness","Melter","Multi-Cast+1","Buffer","Conserve Battery","Good Instincts","Lockon"],"relics":["Cracked Core","The Courier","Smiling Mask","Juzu Bracelet","Letter Opener","Velvet Choker","Blood Vial","Oddly Smooth Stone"],"potions_floor_usage":[6,8,24],"damage_taken":[{"damage":1,"enemies":"2 Louse","floor":1,"turns":3},{"damage":0,"enemies":"Jaw Worm","floor":2,"turns":4},{"damage":0,"enemies":"Cultist","floor":3,"turns":3},{"damage":23,"enemies":"Lagavulin","floor":6,"turns":7},{"damage":28,"enemies":"Gremlin Nob","floor":8,"turns":4},{"damage":28,"enemies":"Lagavulin","floor":10,"turns":5},{"damage":2,"enemies":"3 Louse","floor":12,"turns":3},{"damage":26,"enemies":"Slime Boss","floor":16,"turns":4},{"damage":0,"enemies":"Chosen","floor":18,"turns":4},{"damage":8,"enemies":"2 Thieves","floor":22,"turns":4},{"damage":54,"enemies":"Gremlin Leader","floor":24,"turns":8}],"seed_played":"-5003804337708327499","potions_obtained":[{"floor":1,"key":"Block Potion"},{"floor":3,"key":"Ancient Potion"},{"floor":12,"key":"Fire Potion"},{"floor":16,"key":"Block Potion"}],"is_trial":false,"path_per_floor":["M","M","M","?","$","E","R","E","T","E","?","M","R","?","R","B",null,"M","?","$","?","M","R","E"],"character_chosen":"DEFECT","items_purchased":["Sweeping Beam","Ball Lightning","Oddly Smooth Stone","Good Instincts"],"campfire_rested":3,"item_purchase_floors":[5,5,20,20],"current_hp_per_floor":[63,63,63,63,63,40,61,33,33,5,5,3,24,24,45,19,58,58,58,58,58,52,52,0],"gold":48,"neow_bonus":"UPGRADE_CARD","is_prod":false,"is_daily":false,"chose_seed":false,"campfire_upgraded":1,"win_rate":0,"timestamp":1563838071,"path_taken":["M","M","M","?","$","E","R","E","T","E","?","M","R","?","R","BOSS","M","?","$","?","M","R","E"],"build_version":"2019-07-17","purchased_purges":2,"victory":false,"max_hp_per_floor":[71,71,71,71,71,71,71,71,71,71,71,71,71,71,71,71,71,71,71,71,71,71,71,71],"card_choices":[{"not_picked":["Gash","Chaos"],"picked":"Conserve Battery","floor":1},{"not_picked":["Go for the Eyes","Streamline"],"picked":"Coolheaded","floor":2},{"not_picked":["Stack","Barrage"],"picked":"Chaos","floor":3},{"not_picked":["Gash","Barrage"],"picked":"Compile Driver","floor":6},{"not_picked":["Chill","Barrage"],"picked":"Darkness","floor":8},{"not_picked":["Sweeping Beam","Redo"],"picked":"Melter","floor":10},{"not_picked":["Turbo","Coolheaded"],"picked":"Multi-Cast","floor":12},{"not_picked":["Seek","Echo Form"],"picked":"Buffer","floor":16},{"not_picked":["Sweeping Beam","Compile Driver"],"picked":"Conserve Battery","floor":18},{"not_picked":["Conserve Battery","Scrape"],"picked":"Lockon","floor":22}],"player_experience":1144726,"relics_obtained":[{"floor":6,"key":"The Courier"},{"floor":8,"key":"Smiling Mask"},{"floor":9,"key":"Juzu Bracelet"},{"floor":10,"key":"Letter Opener"}],"event_choices":[{"damage_healed":0,"gold_gain":150,"player_choice":"AGREE","damage_taken":0,"max_hp_gain":0,"max_hp_loss":0,"event_name":"Liars Game","floor":4,"gold_loss":0,"cards_obtained":["Doubt"]},{"cards_removed":["Strike_B"],"damage_healed":0,"gold_gain":0,"player_choice":"Forget","damage_taken":0,"max_hp_gain":0,"max_hp_loss":0,"event_name":"Living Wall","floor":11,"gold_loss":0},{"cards_removed":["Strike_B"],"damage_healed":0,"gold_gain":0,"player_choice":"Offered Basic","damage_taken":0,"max_hp_gain":0,"max_hp_loss":0,"event_name":"Bonfire Elementals","floor":14,"gold_loss":0},{"damage_healed":0,"gold_gain":0,"player_choice":"Obtained Relic","damage_taken":0,"relics_obtained":["Blood Vial"],"max_hp_gain":0,"max_hp_loss":0,"event_name":"Addict","floor":19,"gold_loss":85},{"damage_healed":0,"gold_gain":0,"player_choice":"Ignored","damage_taken":0,"max_hp_gain":0,"max_hp_loss":0,"event_name":"Ghosts","floor":21,"gold_loss":0}],"is_beta":false,"boss_relics":[{"not_picked":["Runic Dome","Coffee Dripper"],"picked":"Velvet Choker"}],"items_purged_floors":[5,20],"is_endless":false,"potions_floor_spawned":[1,3,12,16,18,22],"killed_by":"Gremlin Leader","ascension_level":19}