{"gold_per_floor":[117,70,70,90,9,9,40,40,40,57,21,37,37,71,71,149,149,166,66,83,83,83,109,109,171,171,171,171,190,26,54,54,128,128,145,156,168,168,184,184],"floor_reached":40,"playtime":2426,"items_purged":["Strike_B"],"score":860,"play_id":"eb752dfb-b4ca-4fd7-9592-a1ffad1bd4c5","local_time":"20190720191418","is_ascension_mode":true,"campfire_choices":[{"data":"Loop","floor":6.0,"key":"SMITH"},{"data":"Electrodynamics","floor":8.0,"key":"SMITH"},{"data":"Loop","floor":13.0,"key":"SMITH"},{"data":"Reinforced Body","floor":15.0,"key":"SMITH"},{"data":"Undo","floor":24.0,"key":"SMITH"},{"floor":27.0,"key":"REST"},{"floor":32.0,"key":"REST"}],"neow_cost":"NONE","seed_source_timestamp":811940662139702,"circlet_count":0,"master_deck":["AscendersBane","Strike_B","Defend_B","Defend_B","Defend_B","Defend_B","Zap","Dualcast","Go for the Eyes","Steam","Ball Lightning","Undo+1","Electrodynamics+1","Sweeping Beam","Loop+1","Ball Lightning","Hologram","Loop+1","Coolheaded","Reinforced Body+1","Echo Form","Cold Snap","Coolheaded","Melter","Conserve Battery","FTL","Defragment","Dark Shackles","Core Surge","Coolheaded","Coolheaded","Leap","Machine Learning","Glacier"],"special_seed":0,"relics":["Cracked Core","Ancient Tea Set","Bottled Tornado","Oddly Smooth Stone","Inserter","Pen Nib","Tiny Chest","Bottled Lightning","Turnip","Coffee Dripper"],"potions_floor_usage":[35],"damage_taken":[{"damage":5.0,"enemies":"2 Louse","floor":1.0,"turns":3.0},{"damage":1.0,"enemies":"Cultist","floor":4.0,"turns":4.0},{"damage":19.0,"enemies":"3 Sentries","floor":7.0,"turns":3.0},{"damage":0.0,"enemies":"Jaw Worm","floor":10.0,"turns":2.0},{"damage":0.0,"enemies":"Lots of Slimes","floor":12.0,"turns":1.0},{"damage":8.0,"enemies":"Gremlin Nob","floor":14.0,"turns":3.0},{"damage":3.0,"enemies":"The Guardian","floor":16.0,"turns":11.0},{"damage":6.0,"enemies":"3 Byrds","floor":18.0,"turns":2.0},{"damage":0.0,"enemies":"Chosen","floor":20.0,"turns":6.0},{"damage":0.0,"enemies":"Gremlin Leader","floor":23.0,"turns":7.0},{"damage":22.0,"enemies":"Slavers","floor":25.0,"turns":5.0},{"damage":17.0,"enemies":"Shelled Parasite and Fungi","floor":29.0,"turns":5.0},{"damage":31.0,"enemies":"Book of Stabbing","floor":31.0,"turns":7.0},{"damage":28,"enemies":"Collector","floor":33,"turns":11},{"damage":0,"enemies":"3 Shapes","floor":35,"turns":2},{"damage":0,"enemies":"Orb Walker","floor":36,"turns":6},{"damage":29,"enemies":"Jaw Worm Horde","floor":37,"turns":3},{"damage":7,"enemies":"Sphere and 2 Shapes","floor":39,"turns":4},{"damage":37,"enemies":"Reptomancer","floor":40,"turns":3}],"seed_played":"-1845102574889970202","potions_obtained":[{"floor":4.0,"key":"Ancient Potion"},{"floor":10.0,"key":"Ancient Potion"},{"floor":12.0,"key":"Swift Potion"},{"floor":20.0,"key":"Fruit Juice"},{"floor":31.0,"key":"Strength Potion"},{"floor":33,"key":"Explosive Potion"},{"floor":39,"key":"Poison Potion"}],"is_trial":false,"path_per_floor":["M","$","?","M","$","R","E","R","T","M","$","M","R","E","R","B",null,"M","$","M","?","?","E","R","E","T","R","T","M","$","E","R","B",null,"M","M","M","?","M","E"],"character_chosen":"DEFECT","items_purchased":["Ball Lightning","Loop","Loop","Coolheaded","Defragment","Dark Shackles"],"campfire_rested":2,"item_purchase_floors":[2,5,11,19,30,30],"current_hp_per_floor":[59,59,59,58,58,58,39,39,39,39,39,39,39,31,31,28,60,54,54,59,59,59,59,59,37,37,59,59,42,42,11,33,5,58,58,58,29,29,22,0],"gold":184,"neow_bonus":"TRANSFORM_CARD","is_prod":false,"is_daily":false,"chose_seed":false,"campfire_upgraded":5,"win_rate":0,"timestamp":1563642858,"path_taken":["M","$","?","M","?","R","E","R","T","?","?","M","R","E","R","BOSS","M","$","M","?","?","E","R","E","T","R","?","M","?","E","R","BOSS","M","M","M","?","M","E"],"build_version":"2019-07-17","purchased_purges":1,"victory":false,"max_hp_per_floor":[71,71,71,71,71,71,71,71,71,71,71,71,71,71,71,71,71,71,71,76,76,76,76,76,76,76,76,76,76,76,76,76,76,76,76,76,76,76,76,76],"card_choices":[{"not_picked":["Leap","Rebound"],"picked":"Steam","floor":1.0},{"not_picked":["Reinforced Body","Compile Driver"],"picked":"Sweeping Beam","floor":4.0},{"not_picked":["Thunder Strike","Sweeping Beam"],"picked":"Ball Lightning","floor":7.0},{"not_picked":["Steam","Blizzard"],"picked":"Hologram","floor":10.0},{"not_picked":["Scrape","Go for the Eyes"],"picked":"Coolheaded","floor":12.0},{"not_picked":["Skim","Ball Lightning"],"picked":"Reinforced Body","floor":14.0},{"not_picked":["Rainbow","Fission"],"picked":"Echo Form","floor":16.0},{"not_picked":["Gash","Hologram"],"picked":"Cold Snap","floor":18.0},{"not_picked":["Reinforced Body","Aggregate"],"picked":"Melter","floor":20.0},{"not_picked":["Streamline","Stack","Rebound"],"picked":"SKIP","floor":23.0},{"not_picked":["Sweeping Beam+1","Redo"],"picked":"Conserve Battery","floor":25.0},{"not_picked":["Steam","Streamline"],"picked":"FTL","floor":29.0},{"not_picked":["Sweeping Beam","Electrodynamics","Blizzard"],"picked":"SKIP","floor":31.0},{"not_picked":["Hyperbeam","Buffer"],"picked":"Core Surge","floor":33},{"not_picked":["Melter+1","Loop"],"picked":"Coolheaded","floor":35},{"not_picked":["Redo","Rebound"],"picked":"Coolheaded","floor":36},{"not_picked":["Rebound+1","Static Discharge"],"picked":"Leap","floor":37},{"not_picked":["Stack","Double Energy"],"picked":"Glacier","floor":39}],"player_experience":675442,"relics_obtained":[{"floor":7.0,"key":"Ancient Tea Set"},{"floor":9.0,"key":"Bottled Tornado"},{"floor":14.0,"key":"Oddly Smooth Stone"},{"floor":23.0,"key":"Pen Nib"},{"floor":25.0,"key":"Tiny Chest"},{"floor":28.0,"key":"Bottled Lightning"},{"floor":31.0,"key":"Turnip"}],"event_choices":[{"damage_healed":0.0,"max_hp_gain":0.0,"max_hp_loss":0.0,"gold_gain":0.0,"event_name":"Match and Keep!","player_choice":"2 cards matched","floor":3.0,"gold_loss":0.0,"damage_taken":0.0,"cards_obtained":["Undo","Electrodynamics"]},{"damage_healed":0.0,"max_hp_gain":0.0,"max_hp_loss":0.0,"gold_gain":0.0,"event_name":"The Mausoleum","player_choice":"Ignored","floor":22.0,"gold_loss":0.0,"damage_taken":0.0},{"damage_healed":0,"gold_gain":0,"cards_transformed":["Strike_B"],"player_choice":"Transformed","damage_taken":0,"max_hp_gain":0,"max_hp_loss":0,"event_name":"Transmorgrifier","floor":38,"gold_loss":0,"cards_obtained":["Machine Learning"]}],"is_beta":false,"boss_relics":[{"not_picked":["Black Star","Fusion Hammer"],"picked":"Inserter"},{"not_picked":["Tiny House","Philosopher\u0027s Stone"],"picked":"Coffee Dripper"}],"items_purged_floors":[19],"is_endless":false,"potions_floor_spawned":[4,10,12,14,20,31,33,39],"killed_by":"Reptomancer","ascension_level":15}