{"gold_per_floor":[12,27,77,3,3,36,36,69,69,86,86,111,130,31,31,104,104,124,137,137,52,52,52,82,100,100,132,15,15,15,31,31,31],"floor_reached":33,"playtime":1784,"items_purged":["Strike_R"],"score":527,"play_id":"c1911dc1-1984-4266-89b2-18c8e4f806e1","local_time":"20190717195049","is_ascension_mode":true,"campfire_choices":[{"data":"Fiend Fire","floor":7,"key":"SMITH"},{"floor":11,"key":"REST"},{"floor":15,"key":"REST"},{"floor":23,"key":"REST"},{"floor":29,"key":"REST"},{"floor":32,"key":"REST"}],"neow_cost":"NO_GOLD","seed_source_timestamp":555643496190519,"circlet_count":0,"master_deck":["AscendersBane","Strike_R","Strike_R","Strike_R","Strike_R","Defend_R","Defend_R","Defend_R","Defend_R","Bash","Fiend Fire+1","Shockwave","Armaments","Metallicize","Pommel Strike","Anger","Armaments+1","Immolate","Spot Weakness+1","True Grit+1","Power Through+1","Sentinel+1","Double Tap+1","Corruption+1","Feel No Pain+1","Uppercut","Whirlwind+1"],"special_seed":0,"relics":["Burning Blood","Letter Opener","Nunchaku","Centennial Puzzle","Toxic Egg 2","Orrery","Blood Vial","Darkstone Periapt","Frozen Egg 2","Potion Belt","Nilry\u0027s Codex"],"potions_floor_usage":[25,27],"damage_taken":[{"damage":5.0,"enemies":"Small Slimes","floor":1.0,"turns":3.0},{"damage":0.0,"enemies":"Cultist","floor":2.0,"turns":2.0},{"damage":34,"enemies":"3 Sentries","floor":6,"turns":13},{"damage":33,"enemies":"Lagavulin","floor":8,"turns":10},{"damage":7,"enemies":"Jaw Worm","floor":10,"turns":2},{"damage":24,"enemies":"3 Sentries","floor":12,"turns":10},{"damage":0,"enemies":"Large Slime","floor":13,"turns":4},{"damage":37,"enemies":"Hexaghost","floor":16,"turns":11},{"damage":9,"enemies":"Chosen","floor":18,"turns":6},{"damage":9,"enemies":"Shell Parasite","floor":19,"turns":2},{"damage":48,"enemies":"Book of Stabbing","floor":24,"turns":5},{"damage":13,"enemies":"Snecko","floor":25,"turns":3},{"damage":21,"enemies":"Slavers","floor":27,"turns":4},{"damage":0,"enemies":"Centurion and Healer","floor":31,"turns":8},{"damage":63,"enemies":"Automaton","floor":33,"turns":8}],"seed_played":"-3627869309025631784","potions_obtained":[{"floor":1.0,"key":"SpeedPotion"},{"floor":2.0,"key":"PowerPotion"},{"floor":8,"key":"BloodPotion"},{"floor":25,"key":"GamblersBrew"},{"floor":31,"key":"Ancient Potion"}],"is_trial":false,"path_per_floor":["M","M","?","$","$","E","R","E","T","M","R","E","M","$","R","B",null,"M","M","?","?","$","R","E","M","T","E","$","R","?","M","R","B"],"character_chosen":"IRONCLAD","items_purchased":["Metallicize","Armaments+1","Feel No Pain+1","Uppercut"],"campfire_rested":5,"item_purchase_floors":[4,14,28,28],"current_hp_per_floor":[69,75,68,68,68,40,40,13,13,12,34,16,22,22,44,13,60,57,54,33,33,33,57,17,32,32,19,19,43,22,30,54,0],"gold":31,"neow_bonus":"THREE_RARE_CARDS","is_prod":false,"is_daily":false,"chose_seed":false,"campfire_upgraded":1,"win_rate":0,"timestamp":1563385849,"path_taken":["M","M","?","?","$","E","R","E","T","M","R","E","?","?","R","BOSS","M","M","?","?","$","R","E","M","T","E","$","R","?","M","R","BOSS"],"build_version":"2019-07-05","purchased_purges":1,"victory":false,"max_hp_per_floor":[75,75,75,75,75,75,75,75,75,75,75,75,75,75,75,75,75,75,75,80,80,80,80,80,80,80,80,80,80,80,80,80,80],"card_choices":[{"not_picked":["Demon Form","Exhume"],"picked":"Fiend Fire","floor":0.0},{"not_picked":["Searing Blow","Clash"],"picked":"Shockwave","floor":1.0},{"not_picked":["Perfected Strike","Intimidate"],"picked":"Armaments","floor":2.0},{"not_picked":["Corruption","Limit Break","Body Slam"],"picked":"SKIP","floor":6},{"not_picked":["Thunderclap","Fire Breathing","Dual Wield"],"picked":"SKIP","floor":8},{"not_picked":["Body Slam","Twin Strike"],"picked":"Pommel Strike","floor":10},{"not_picked":["Feel No Pain","Berserk"],"picked":"Anger","floor":12},{"not_picked":["Perfected Strike","Sever Soul","Body Slam"],"picked":"SKIP","floor":13},{"not_picked":["Perfected Strike","Sever Soul","Body Slam"],"picked":"SKIP","floor":13},{"not_picked":["Limit Break+1","Double Tap+1"],"picked":"Immolate","floor":16},{"not_picked":["Flex+1","Pommel Strike"],"picked":"Spot Weakness+1","floor":17},{"not_picked":["Pommel Strike","Heavy Blade"],"picked":"True Grit+1","floor":17},{"not_picked":["Rupture","Carnage"],"picked":"Power Through+1","floor":17},{"not_picked":["Entrench+1","Carnage"],"picked":"Sentinel+1","floor":18},{"not_picked":["Perfected Strike","Flex+1","Havoc+1"],"picked":"SKIP","floor":19},{"not_picked":["Immolate","Reckless Charge"],"picked":"Double Tap+1","floor":24},{"not_picked":["Clothesline","Pommel Strike","Armaments+1"],"picked":"SKIP","floor":25},{"not_picked":["Seeing Red+1","Anger"],"picked":"Corruption+1","floor":27},{"not_picked":["Rage+1","Clothesline"],"picked":"Whirlwind+1","floor":31}],"player_experience":650663,"relics_obtained":[{"floor":6,"key":"Letter Opener"},{"floor":8,"key":"Nunchaku"},{"floor":9,"key":"Centennial Puzzle"},{"floor":12,"key":"Toxic Egg 2"},{"floor":24,"key":"Darkstone Periapt"},{"floor":26,"key":"Frozen Egg 2"},{"floor":27,"key":"Potion Belt"},{"floor":30,"key":"Nilry\u0027s Codex"}],"event_choices":[{"damage_healed":0,"gold_gain":50,"player_choice":"Touch","damage_taken":7,"max_hp_gain":0,"max_hp_loss":0,"event_name":"FaceTrader","floor":3,"gold_loss":0},{"damage_healed":0,"gold_gain":0,"player_choice":"Shed Blood","damage_taken":26,"max_hp_gain":5,"max_hp_loss":0,"event_name":"Forgotten Altar","floor":20,"gold_loss":0},{"damage_healed":0,"gold_gain":0,"player_choice":"Obtained Relic","damage_taken":0,"relics_obtained":["Blood Vial"],"max_hp_gain":0,"max_hp_loss":0,"event_name":"Addict","floor":21,"gold_loss":85},{"damage_healed":0,"gold_gain":0,"player_choice":"Obtained Book","damage_taken":21,"max_hp_gain":0,"max_hp_loss":0,"event_name":"Cursed Tome","floor":30,"gold_loss":0}],"is_beta":false,"boss_relics":[{"not_picked":["Empty Cage","Black Blood"],"picked":"Orrery"}],"items_purged_floors":[14],"is_endless":false,"potions_floor_spawned":[1,2,8,13,16,24,25,31],"killed_by":"Automaton","ascension_level":15}