{"gold_per_floor":[117,24,44,44,44,44,69,87,111,130,110,110,129,149,149,245,245,260,260,260,260,175,175,206,206,231,231,12,12,25,38,38,140,140,150,0,0,0,0,0,12,32,32,32,52,72,50,66,66,66],"floor_reached":51,"playtime":3309,"items_purged":["Writhe"],"score":1074,"play_id":"8ddaaba7-3528-4145-8ec3-3ca730b7c916","local_time":"20181007180953","is_ascension_mode":true,"campfire_choices":[{"data":"Flex","floor":6,"key":"SMITH"},{"data":"Flex","floor":12,"key":"SMITH"},{"floor":15,"key":"REST"},{"floor":23,"key":"REST"},{"data":"Heavy Blade","floor":25,"key":"SMITH"},{"data":"Bash","floor":27,"key":"SMITH"},{"floor":29,"key":"REST"},{"data":"Demon Form","floor":32,"key":"SMITH"},{"data":"Shrug It Off","floor":40,"key":"SMITH"},{"data":"Defend_R","floor":44,"key":"SMITH"},{"floor":49,"key":"REST"}],"neow_cost":"TEN_PERCENT_HP_LOSS","seed_source_timestamp":319747932160995,"circlet_count":0,"master_deck":["Strike_R","Strike_R","Strike_R","Defend_R","Defend_R","Defend_R","Defend_R+1","Bash+1","AscendersBane","Thunderclap","Thunderclap","Flex+1","Metallicize","Pommel Strike","Flex+1","Combust","Blood for Blood","Impervious","Shrug It Off+1","Necronomicurse","Twin Strike","Heavy Blade+1","Clothesline","Demon Form+1","Limit Break","Battle Trance","Headbutt+1","Shrug It Off","Whirlwind"],"relics":["Burning Blood","Turnip","Dream Catcher","Bag of Marbles","Velvet Choker","Necronomicon","Ancient Tea Set","Mercury Hourglass","Regal Pillow","Shovel","Vajra","Orichalcum","Lizard Tail","Red Mask","Gambling Chip","Frozen Egg 2","Art of War"],"potions_floor_usage":[7,16,33,33,50,50],"damage_taken":[{"damage":6,"enemies":"2 Louse","floor":1,"turns":4},{"damage":12,"enemies":"Jaw Worm","floor":3,"turns":3},{"damage":23,"enemies":"Gremlin Nob","floor":7,"turns":4},{"damage":0,"enemies":"Cultist","floor":8,"turns":3},{"damage":14,"enemies":"Exordium Wildlife","floor":10,"turns":5},{"damage":5,"enemies":"Blue Slaver","floor":13,"turns":4},{"damage":9,"enemies":"Gremlin Gang","floor":14,"turns":5},{"damage":41,"enemies":"Slime Boss","floor":16,"turns":7},{"damage":24,"enemies":"2 Thieves","floor":18,"turns":4},{"damage":30,"enemies":"Book of Stabbing","floor":24,"turns":4},{"damage":6,"enemies":"Chosen","floor":30,"turns":2},{"damage":15,"enemies":"Centurion and Healer","floor":31,"turns":4},{"damage":13,"enemies":"Champ","floor":33,"turns":4},{"damage":19,"enemies":"3 Shapes","floor":35,"turns":3},{"damage":9,"enemies":"Mind Bloom Boss Battle","floor":38,"turns":3},{"damage":15,"enemies":"3 Darklings","floor":41,"turns":4},{"damage":3,"enemies":"Spire Growth","floor":42,"turns":3},{"damage":0,"enemies":"Maw","floor":45,"turns":4},{"damage":8,"enemies":"Transient","floor":46,"turns":5},{"damage":6,"enemies":"3 Darklings","floor":48,"turns":3},{"damage":62,"enemies":"Awakened One","floor":50,"turns":11}],"seed_played":"5395009531812691412","potions_obtained":[{"floor":1,"key":"SteroidPotion"},{"floor":3,"key":"Poison Potion"},{"floor":11,"key":"SneckoOil"},{"floor":13,"key":"FearPotion"},{"floor":24,"key":"Explosive Potion"},{"floor":33,"key":"Poison Potion"},{"floor":38,"key":"Weak Potion"},{"floor":41,"key":"Dexterity Potion"}],"is_trial":false,"path_per_floor":["M","$","M","?","?","R","E","M","T","M","?","R","M","M","R","B",null,"M","?","T","?","?","R","E","R","T","R","$","R","M","M","R","B",null,"M","?","?","?","T","R","M","M","T","R","M","M","$","M","R","B"],"character_chosen":"IRONCLAD","items_purchased":["Thunderclap","Flex","Orichalcum","Shrug It Off"],"campfire_rested":4,"item_purchase_floors":[2,2,28,47],"current_hp_per_floor":[72,72,66,59,59,59,42,48,48,40,40,40,41,38,59,24,60,42,26,26,26,26,62,38,38,38,38,38,72,72,63,63,56,68,55,55,55,52,52,52,43,46,46,46,52,50,50,50,72,16],"gold":66,"neow_bonus":"ONE_RARE_RELIC","is_prod":false,"is_daily":false,"chose_seed":false,"campfire_upgraded":7,"win_rate":0,"timestamp":1538950193,"path_taken":["M","$","M","?","?","R","E","M","T","M","?","R","?","M","R","BOSS","M","?","?","?","?","R","E","R","T","R","$","R","?","M","R","BOSS","M","?","?","?","?","R","M","M","T","R","?","?","$","M","R","BOSS"],"build_version":"2018-10-04v2","purchased_purges":1,"victory":true,"max_hp_per_floor":[72,72,72,72,72,72,72,72,72,72,72,72,72,72,72,72,72,72,72,72,72,72,72,72,72,72,72,72,72,72,72,72,72,72,72,72,72,72,72,72,72,72,72,72,72,72,72,72,72,72],"card_choices":[{"not_picked":["Twin Strike","Rupture"],"picked":"Thunderclap","floor":1},{"not_picked":["Disarm","Perfected Strike"],"picked":"Metallicize","floor":3},{"not_picked":["Armaments","Corruption","Anger"],"picked":"SKIP","floor":7},{"not_picked":["Havoc","Fire Breathing"],"picked":"Pommel Strike","floor":8},{"not_picked":["Pommel Strike","Clothesline"],"picked":"Flex","floor":10},{"not_picked":["Seeing Red","Wild Strike"],"picked":"Combust","floor":13},{"not_picked":["Fiend Fire","Body Slam","Warcry"],"picked":"SKIP","floor":14},{"not_picked":["Sentinel","Headbutt"],"picked":"Blood for Blood","floor":15},{"not_picked":["Barricade","Juggernaut"],"picked":"Impervious","floor":16},{"not_picked":["Clothesline","Warcry"],"picked":"Shrug It Off","floor":18},{"not_picked":["Havoc","Body Slam"],"picked":"Twin Strike","floor":23},{"not_picked":["Power Through+1","Blood for Blood"],"picked":"Heavy Blade","floor":24},{"not_picked":["Twin Strike","Thunderclap"],"picked":"Clothesline","floor":30},{"not_picked":["Clothesline","Body Slam"],"picked":"Demon Form","floor":31},{"not_picked":["Barricade","Feed"],"picked":"Limit Break","floor":33},{"not_picked":["Havoc+1","Twin Strike"],"picked":"Battle Trance","floor":35},{"not_picked":["Battle Trance","Hemokinesis+1"],"picked":"Headbutt+1","floor":41},{"not_picked":["Warcry+1","Wild Strike+1","Twin Strike+1"],"picked":"SKIP","floor":42},{"not_picked":["Corruption+1","Warcry+1","Sever Soul"],"picked":"SKIP","floor":45},{"not_picked":["Metallicize+1","Carnage","Anger"],"picked":"SKIP","floor":46},{"not_picked":["Twin Strike+1","Anger","Power Through"],"picked":"SKIP","floor":48},{"not_picked":["Pommel Strike","True Grit"],"picked":"Whirlwind","floor":49}],"player_experience":496750,"relics_obtained":[{"floor":7,"key":"Dream Catcher"},{"floor":9,"key":"Bag of Marbles"},{"floor":19,"key":"Necronomicon"},{"floor":20,"key":"Ancient Tea Set"},{"floor":24,"key":"Shovel"},{"floor":26,"key":"Vajra"},{"floor":38,"key":"Gambling Chip"},{"floor":39,"key":"Frozen Egg 2"},{"floor":43,"key":"Art of War"}],"event_choices":[{"event_name":"Golden Wing","player_choice":"Card Removal","floor":4,"damage_taken":0},{"event_name":"Bonfire Elementals","player_choice":"BASIC","floor":5,"damage_taken":0},{"event_name":"The Woman in Blue","player_choice":"Bought 1 Potion","floor":11,"damage_taken":0},{"event_name":"Cursed Tome","player_choice":"Obtained Book","floor":19,"damage_taken":0},{"event_name":"The Mausoleum","player_choice":"Yes","floor":21,"damage_taken":0},{"event_name":"Addict","player_choice":"Obtained Relic","floor":22,"damage_taken":0},{"event_name":"Tomb of Lord Red Mask","player_choice":"Paid","floor":36,"damage_taken":0},{"event_name":"SensoryStone","player_choice":"Memory 1","floor":37,"damage_taken":0},{"event_name":"MindBloom","player_choice":"Fight","floor":38,"damage_taken":0}],"is_beta":false,"boss_relics":[{"not_picked":["Runic Dome","Tiny House"],"picked":"Velvet Choker"},{"not_picked":["Black Blood","Orrery"],"picked":"Lizard Tail"}],"items_purged_floors":[28],"is_endless":false,"potions_floor_spawned":[1,3,13,14,24,33,38,41,42,48],"ascension_level":12}