{"gold_per_floor":[113,188,218,232,232,257,257,291,291,307,15,31,59,76,76,149,149,109,109,109,34,34,34,34,34],"floor_reached":25,"playtime":973,"items_purged":["Regret"],"score":524,"play_id":"d9cce91d-e083-48a9-851c-a03457d57d4f","local_time":"20190601215436","is_ascension_mode":true,"campfire_choices":[{"data":"Shockwave","floor":7.0,"key":"SMITH"},{"data":"Bash","floor":15.0,"key":"SMITH"},{"floor":23.0,"key":"REST"}],"neow_cost":"NONE","seed_source_timestamp":84578651848971,"circlet_count":0,"master_deck":["AscendersBane","Strike_R","Strike_R","Strike_R","Strike_R","Defend_R","Defend_R","Defend_R","Defend_R","Bash+1","Headbutt","Shockwave+1","Twin Strike","Clothesline","Heavy Blade","Twin Strike","Metallicize","Fiend Fire","Sentinel+1","Corruption"],"special_seed":0,"relics":["Burning Blood","NeowsBlessing","Tiny Chest","Matryoshka","Bag of Marbles","Sundial","Toxic Egg 2","Regal Pillow","Brimstone","Oddly Smooth Stone","Ectoplasm","Red Mask","PreservedInsect"],"potions_floor_usage":[25,25],"damage_taken":[{"damage":0.0,"enemies":"2 Louse","floor":1.0,"turns":1.0},{"damage":0.0,"enemies":"Small Slimes","floor":4.0,"turns":1.0},{"damage":0.0,"enemies":"Lagavulin","floor":6.0,"turns":1.0},{"damage":11.0,"enemies":"Gremlin Nob","floor":8.0,"turns":3.0},{"damage":8.0,"enemies":"Jaw Worm","floor":10.0,"turns":4.0},{"damage":0.0,"enemies":"3 Louse","floor":12.0,"turns":3.0},{"damage":13.0,"enemies":"Lagavulin","floor":13.0,"turns":5.0},{"damage":6.0,"enemies":"Looter","floor":14.0,"turns":2.0},{"damage":46.0,"enemies":"Hexaghost","floor":16.0,"turns":5.0},{"damage":15.0,"enemies":"2 Thieves","floor":18.0,"turns":3.0},{"damage":35.0,"enemies":"Masked Bandits","floor":19.0,"turns":4.0},{"damage":19.0,"enemies":"Colosseum Slavers","floor":20.0,"turns":3.0},{"damage":43.0,"enemies":"Book of Stabbing","floor":24.0,"turns":4.0},{"damage":14,"enemies":"3 Byrds","floor":25,"turns":3}],"seed_played":"4351943548893419335","potions_obtained":[{"floor":4.0,"key":"GamblersBrew"},{"floor":6.0,"key":"Fire Potion"},{"floor":13.0,"key":"Strength Potion"},{"floor":19.0,"key":"PowerPotion"}],"is_trial":false,"path_per_floor":["M","?","?","M","T","E","R","E","T","M","$","M","E","M","R","B",null,"M","?","?","?","$","R","E","M"],"character_chosen":"IRONCLAD","items_purchased":["Brimstone"],"campfire_rested":1,"item_purchase_floors":[11],"current_hp_per_floor":[74,63,63,69,69,75,75,70,70,68,68,74,67,67,67,27,63,54,25,12,12,12,49,12,0],"gold":34,"neow_bonus":"THREE_ENEMY_KILL","is_prod":false,"is_daily":false,"chose_seed":false,"campfire_upgraded":2,"win_rate":0,"timestamp":1559418876,"path_taken":["M","?","?","M","?","E","R","E","T","M","$","M","E","M","R","BOSS","M","?","?","?","$","R","E","M"],"build_version":"2019-01-23","purchased_purges":1,"victory":false,"max_hp_per_floor":[75,75,75,75,75,75,75,75,75,75,75,75,75,75,75,75,75,75,75,75,75,75,75,75,75],"card_choices":[{"not_picked":["Perfected Strike","Clash"],"picked":"Headbutt","floor":1.0},{"not_picked":["Body Slam","Flex"],"picked":"Shockwave","floor":4.0},{"not_picked":["Double Tap","Sword Boomerang"],"picked":"Twin Strike","floor":6.0},{"not_picked":["Sword Boomerang","Pommel Strike"],"picked":"Clothesline","floor":8.0},{"not_picked":["Fire Breathing","Blood for Blood","Clothesline"],"picked":"SKIP","floor":10.0},{"not_picked":["Reckless Charge","Headbutt"],"picked":"Heavy Blade","floor":12.0},{"not_picked":["Clash","Demon Form"],"picked":"Twin Strike","floor":13.0},{"not_picked":["Anger","Pommel Strike"],"picked":"Metallicize","floor":14.0},{"not_picked":["Brutality","Offering+1"],"picked":"Fiend Fire","floor":16.0},{"not_picked":["Rampage+1","Cleave","Rupture"],"picked":"SKIP","floor":18.0},{"not_picked":["Flex+1","Seeing Red+1"],"picked":"Sentinel+1","floor":19.0},{"not_picked":["Bloodletting+1","Heavy Blade"],"picked":"Corruption","floor":24.0}],"player_experience":414374,"relics_obtained":[{"floor":5.0,"key":"Matryoshka"},{"floor":6.0,"key":"Bag of Marbles"},{"floor":8.0,"key":"Sundial"},{"floor":9.0,"key":"Toxic Egg 2"},{"floor":9.0,"key":"Regal Pillow"},{"floor":13.0,"key":"Oddly Smooth Stone"},{"floor":19.0,"key":"Red Mask"},{"floor":24.0,"key":"PreservedInsect"}],"event_choices":[{"damage_healed":0.0,"max_hp_gain":0.0,"max_hp_loss":0.0,"gold_gain":75.0,"event_name":"World of Goop","player_choice":"Gather Gold","floor":2.0,"gold_loss":0.0,"damage_taken":11.0},{"damage_healed":0.0,"max_hp_gain":0.0,"max_hp_loss":0.0,"gold_gain":0.0,"event_name":"Big Fish","player_choice":"Box","floor":3.0,"gold_loss":0.0,"damage_taken":0.0,"relics_obtained":["Tiny Chest"],"cards_obtained":["Regret"]},{"damage_healed":0.0,"max_hp_gain":0.0,"max_hp_loss":0.0,"gold_gain":0.0,"event_name":"Masked Bandits","player_choice":"Fought Bandits","floor":19.0,"gold_loss":0.0,"damage_taken":0.0},{"damage_healed":0.0,"max_hp_gain":0.0,"max_hp_loss":0.0,"gold_gain":0.0,"event_name":"Colosseum","player_choice":"Fight","floor":20.0,"gold_loss":0.0,"damage_taken":0.0},{"damage_healed":0.0,"max_hp_gain":0.0,"max_hp_loss":0.0,"gold_gain":0.0,"event_name":"Colosseum","player_choice":"Fled From Nobs","floor":20.0,"gold_loss":0.0,"damage_taken":0.0},{"cards_removed":["Strike_R"],"damage_healed":0.0,"max_hp_gain":0.0,"max_hp_loss":0.0,"gold_gain":0.0,"event_name":"Beggar","player_choice":"Gave Gold","floor":21.0,"gold_loss":75.0,"damage_taken":0.0}],"is_beta":false,"boss_relics":[{"not_picked":["Calling Bell","Eternal Feather"],"picked":"Ectoplasm"}],"items_purged_floors":[11],"is_endless":false,"potions_floor_spawned":[4,6,13,19,24],"killed_by":"3 Byrds","ascension_level":20}