{"gold_per_floor":[14,32,32,107,121,121,135,135,160,86,101,101,141,162,162,162],"floor_reached":16,"playtime":573,"items_purged":["Strike_R"],"score":102,"play_id":"4fd894d3-0c14-4c40-b8f5-fd47a44cc56a","local_time":"20190923213436","is_ascension_mode":false,"campfire_choices":[{"data":"Double Tap","floor":6,"key":"SMITH"},{"data":"Bash","floor":8,"key":"SMITH"},{"data":"Searing Blow","floor":12,"key":"SMITH"},{"data":"Searing Blow+1","floor":15,"key":"SMITH"}],"neow_cost":"NO_GOLD","seed_source_timestamp":847313634280756,"circlet_count":0,"master_deck":["Strike_R","Strike_R","Strike_R","Strike_R","Defend_R","Defend_R","Defend_R","Defend_R","Bash+1","Battle Trance","Metallicize","Double Tap+1","Feel No Pain","Pommel Strike","Searing Blow+2","Disarm","Metallicize"],"relics":["Burning Blood","Charon\u0027s Ashes","Golden Idol","Smiling Mask","Regal Pillow"],"potions_floor_usage":[16,16],"damage_taken":[{"damage":2,"enemies":"2 Louse","floor":1,"turns":3},{"damage":3,"enemies":"Jaw Worm","floor":2,"turns":4},{"damage":1,"enemies":"Cultist","floor":5,"turns":4},{"damage":27,"enemies":"3 Louse","floor":7,"turns":6},{"damage":2,"enemies":"Looter","floor":11,"turns":4},{"damage":25,"enemies":"Lagavulin","floor":13,"turns":7},{"damage":4,"enemies":"Blue Slaver","floor":14,"turns":5},{"damage":20,"enemies":"Hexaghost","floor":16,"turns":11}],"seed_played":"-8910825776126797907","potions_obtained":[{"floor":5,"key":"FearPotion"},{"floor":7,"key":"Swift Potion"},{"floor":13,"key":"Poison Potion"}],"is_trial":false,"path_per_floor":["M","M","?","?","M","R","M","R","T","$","M","R","E","M","R","B"],"character_chosen":"IRONCLAD","items_purchased":["Pommel Strike"],"campfire_rested":0,"item_purchase_floors":[10],"current_hp_per_floor":[80,80,60,49,54,54,33,33,33,33,37,37,18,20,20,0],"gold":162,"neow_bonus":"ONE_RARE_RELIC","is_prod":false,"is_daily":false,"chose_seed":false,"campfire_upgraded":4,"win_rate":0,"timestamp":1569288876,"path_taken":["M","M","?","?","?","R","M","R","T","$","M","R","E","M","R","BOSS"],"build_version":"2019-07-17","purchased_purges":1,"victory":false,"max_hp_per_floor":[80,80,80,80,80,80,80,80,80,80,80,80,80,80,80,80],"card_choices":[{"not_picked":["Perfected Strike","Searing Blow"],"picked":"Battle Trance","floor":1},{"not_picked":["Body Slam","Perfected Strike"],"picked":"Metallicize","floor":2},{"not_picked":["Wild Strike","Shrug It Off"],"picked":"Double Tap","floor":5},{"not_picked":["Clash","Iron Wave"],"picked":"Feel No Pain","floor":7},{"not_picked":["Warcry","Ghostly Armor"],"picked":"Searing Blow","floor":11},{"not_picked":["Ghostly Armor","Reckless Charge"],"picked":"Disarm","floor":13},{"not_picked":["Burning Pact","Second Wind"],"picked":"Metallicize","floor":14}],"player_experience":1301854,"relics_obtained":[{"floor":9,"key":"Smiling Mask"},{"floor":13,"key":"Regal Pillow"}],"event_choices":[{"damage_healed":0,"gold_gain":0,"player_choice":"Take Damage","damage_taken":20,"relics_obtained":["Golden Idol"],"max_hp_gain":0,"max_hp_loss":0,"event_name":"Golden Idol","floor":3,"gold_loss":0},{"damage_healed":0,"gold_gain":75,"player_choice":"Gather Gold","damage_taken":11,"max_hp_gain":0,"max_hp_loss":0,"event_name":"World of Goop","floor":4,"gold_loss":0}],"is_beta":false,"boss_relics":[],"items_purged_floors":[10],"is_endless":false,"potions_floor_spawned":[5,7,13],"killed_by":"Hexaghost","ascension_level":0}