{"gold_per_floor":[114,134,184,197,213,247,263,275,275,308,328,339,489,97,97,175,175,186,236,236,250,264,292,292,319,319,348,348,377,234,77,77,154,154,165,183,201,217,231,263,263,276,353,367,379,161,190,201,201,201,201,201,84,114,114],"floor_reached":55,"playtime":3379,"items_purged":["Doubt","Strike_R+1","Armaments"],"score":1450,"play_id":"78f97d78-a120-409d-87d5-f3ca549c7ed5","local_time":"20190724193337","is_ascension_mode":true,"campfire_choices":[{"floor":15.0,"key":"REST"},{"data":"Battle Trance","floor":24.0,"key":"SMITH"},{"data":"Offering","floor":28,"key":"SMITH"},{"floor":32,"key":"REST"},{"data":"Dual Wield","floor":41,"key":"SMITH"},{"floor":49,"key":"RECALL"},{"data":"Metallicize","floor":52,"key":"PURGE"}],"neow_cost":"NONE","seed_source_timestamp":0,"circlet_count":0,"master_deck":["AscendersBane","Strike_R+1","Strike_R+1","Strike_R+1","Strike_R+1","Defend_R+1","Defend_R+1","Defend_R+1","Defend_R+1","Bash+1","Carnage","Anger","Offering+1","True Grit","Pommel Strike+1","Twin Strike+1","Shrug It Off","Inflame","PanicButton","Reaper+1","Clothesline+1","Heavy Blade+1","Battle Trance+1","Offering","Iron Wave+1","Uppercut+1","Reaper+1","Exhume","Flame Barrier","Dual Wield+1","Second Wind+1","Shrug It Off+1","Twin Strike+1","Iron Wave+1","Flame Barrier+1"],"special_seed":0,"relics":["Burning Blood","The Courier","Molten Egg 2","Art of War","Brimstone","Sozu","Mummified Hand","Letter Opener","Mercury Hourglass","Peace Pipe","Self Forming Clay","DollysMirror","Coffee Dripper","Lantern","Centennial Puzzle","Pear","Happy Flower","Strawberry"],"potions_floor_usage":[27,55],"damage_taken":[{"damage":5.0,"enemies":"Small Slimes","floor":1.0,"turns":3.0},{"damage":1.0,"enemies":"Cultist","floor":2.0,"turns":3.0},{"damage":6.0,"enemies":"Jaw Worm","floor":4.0,"turns":4.0},{"damage":1.0,"enemies":"2 Fungi Beasts","floor":5.0,"turns":3.0},{"damage":40.0,"enemies":"3 Sentries","floor":6.0,"turns":8.0},{"damage":22.0,"enemies":"Exordium Wildlife","floor":7.0,"turns":3.0},{"damage":0.0,"enemies":"Large Slime","floor":8.0,"turns":3.0},{"damage":18.0,"enemies":"Lagavulin","floor":10.0,"turns":7.0},{"damage":11.0,"enemies":"Exordium Thugs","floor":11.0,"turns":6.0},{"damage":10.0,"enemies":"Blue Slaver","floor":12.0,"turns":4.0},{"damage":23.0,"enemies":"Hexaghost","floor":16.0,"turns":7.0},{"damage":14.0,"enemies":"2 Thieves","floor":18.0,"turns":3.0},{"damage":9.0,"enemies":"Shell Parasite","floor":21.0,"turns":3.0},{"damage":0.0,"enemies":"Snake Plant","floor":22.0,"turns":2.0},{"damage":44.0,"enemies":"Gremlin Leader","floor":23.0,"turns":5.0},{"damage":25.0,"enemies":"Book of Stabbing","floor":25.0,"turns":4.0},{"damage":17,"enemies":"Slavers","floor":27,"turns":4},{"damage":14,"enemies":"Book of Stabbing","floor":29,"turns":4},{"damage":28,"enemies":"Champ","floor":33,"turns":5},{"damage":0,"enemies":"Orb Walker","floor":35,"turns":2},{"damage":15,"enemies":"3 Shapes","floor":36,"turns":2},{"damage":12,"enemies":"Transient","floor":37,"turns":5},{"damage":6,"enemies":"4 Shapes","floor":38,"turns":3},{"damage":12,"enemies":"Sphere and 2 Shapes","floor":39,"turns":3},{"damage":54,"enemies":"Reptomancer","floor":40,"turns":6},{"damage":12,"enemies":"Transient","floor":42,"turns":5},{"damage":21,"enemies":"Writhing Mass","floor":44,"turns":3},{"damage":13,"enemies":"Sphere and 2 Shapes","floor":45,"turns":3},{"damage":26,"enemies":"Giant Head","floor":47,"turns":5},{"damage":6,"enemies":"Transient","floor":48,"turns":5},{"damage":69,"enemies":"Donu and Deca","floor":50,"turns":7},{"damage":49,"enemies":"Shield and Spear","floor":54,"turns":5},{"damage":75,"enemies":"The Heart","floor":55,"turns":2}],"seed_played":"8323912577359420404","potions_obtained":[{"floor":2.0,"key":"Poison Potion"},{"floor":6.0,"key":"SpeedPotion"},{"floor":10.0,"key":"SpeedPotion"},{"floor":11.0,"key":"BloodPotion"}],"is_trial":false,"path_per_floor":["M","M","?","M","M","E","M","M","T","E","M","M","?","$","R","B",null,"M","?","?","M","M","E","R","E","T","E","R","E","$","$","R","B",null,"M","M","M","M","M","E","R","M","T","M","M","$","E","M","R","B",null,"R","$","E","B"],"character_chosen":"IRONCLAD","items_purchased":["Shrug It Off","Inflame","Brimstone","PanicButton","Uppercut+1","DollysMirror","Centennial Puzzle","Happy Flower"],"campfire_rested":2,"item_purchase_floors":[14,14,14,14,30,31,46,53],"current_hp_per_floor":[69,74,67,67,72,38,22,28,28,16,11,7,7,7,29,12,59,64,64,64,61,67,29,29,10,10,44,44,36,36,36,58,36,65,75,75,75,75,75,48,48,71,71,62,68,68,85,85,85,68,81,81,81,62,0],"gold":114,"neow_bonus":"UPGRADE_CARD","is_prod":false,"is_daily":false,"chose_seed":false,"campfire_upgraded":3,"win_rate":0,"timestamp":1563989617,"path_taken":["M","M","?","M","M","E","M","?","T","E","M","?","?","$","R","BOSS","M","?","?","M","M","E","R","E","T","E","R","E","?","$","R","BOSS","M","M","M","M","M","E","R","M","T","M","M","$","E","M","R","BOSS","R","$","E","BOSS"],"build_version":"2019-07-17","purchased_purges":3,"victory":false,"max_hp_per_floor":[75,75,75,75,75,75,75,75,75,75,75,75,75,75,75,75,75,75,75,75,75,75,75,75,75,75,75,75,75,75,75,75,75,75,75,75,75,75,75,75,75,75,75,75,75,75,85,85,85,85,85,85,85,92,92],"card_choices":[{"not_picked":["Heavy Blade","Searing Blow","Warcry"],"picked":"SKIP","floor":1.0},{"not_picked":["Body Slam","Burning Pact"],"picked":"Carnage","floor":2.0},{"not_picked":["Wild Strike","Feel No Pain"],"picked":"Anger","floor":4.0},{"not_picked":["Whirlwind","Reckless Charge"],"picked":"Armaments","floor":5.0},{"not_picked":["Warcry","Burning Pact"],"picked":"Offering","floor":6.0},{"not_picked":["Body Slam","Havoc"],"picked":"True Grit","floor":7.0},{"not_picked":["Rampage","True Grit"],"picked":"Metallicize","floor":8.0},{"not_picked":["Fire Breathing","Second Wind"],"picked":"Pommel Strike+1","floor":10.0},{"not_picked":["Warcry","Limit Break"],"picked":"Twin Strike+1","floor":11.0},{"not_picked":["Combust","Pommel Strike+1","Seeing Red"],"picked":"SKIP","floor":12.0},{"not_picked":["Brutality","Juggernaut"],"picked":"Reaper+1","floor":16.0},{"not_picked":["Burning Pact+1","Entrench"],"picked":"Clothesline+1","floor":18.0},{"not_picked":["Blood for Blood+1","True Grit"],"picked":"Heavy Blade+1","floor":21.0},{"not_picked":["Feel No Pain","Fire Breathing"],"picked":"Battle Trance","floor":22.0},{"not_picked":["Dropkick+1","Blood for Blood+1"],"picked":"Offering","floor":23.0},{"not_picked":["Wild Strike+1","Armaments","Havoc"],"picked":"SKIP","floor":25.0},{"not_picked":["Metallicize","Havoc"],"picked":"Iron Wave+1","floor":27},{"not_picked":["Wild Strike+1","Thunderclap+1","Perfected Strike+1"],"picked":"SKIP","floor":29},{"not_picked":["Double Tap","Feed+1"],"picked":"Exhume","floor":33},{"not_picked":["Clash+1","Anger+1","Clothesline+1"],"picked":"SKIP","floor":35},{"not_picked":["Flex","Clash+1"],"picked":"Flame Barrier","floor":36},{"not_picked":["Metallicize+1","Anger+1","Havoc"],"picked":"SKIP","floor":37},{"not_picked":["Offering","Wild Strike+1"],"picked":"Dual Wield","floor":38},{"not_picked":["Battle Trance","Uppercut+1","Wild Strike+1"],"picked":"SKIP","floor":39},{"not_picked":["Pummel+1","Reckless Charge+1"],"picked":"Second Wind+1","floor":40},{"not_picked":["True Grit+1","Perfected Strike+1","Body Slam+1"],"picked":"SKIP","floor":42},{"not_picked":["Wild Strike+1","Cleave+1"],"picked":"Shrug It Off+1","floor":44},{"not_picked":["Body Slam+1","Perfected Strike+1","Dark Embrace"],"picked":"SKIP","floor":45},{"not_picked":["Thunderclap+1","Body Slam+1"],"picked":"Twin Strike+1","floor":47},{"not_picked":["Shrug It Off+1","Wild Strike+1"],"picked":"Iron Wave+1","floor":48},{"not_picked":["Feel No Pain+1","Sentinel"],"picked":"Flame Barrier+1","floor":54}],"player_experience":687052,"relics_obtained":[{"floor":6.0,"key":"The Courier"},{"floor":9.0,"key":"Molten Egg 2"},{"floor":10.0,"key":"Art of War"},{"floor":23.0,"key":"Mummified Hand"},{"floor":25.0,"key":"Letter Opener"},{"floor":26.0,"key":"Mercury Hourglass"},{"floor":27,"key":"Peace Pipe"},{"floor":29,"key":"Self Forming Clay"},{"floor":40,"key":"Lantern"},{"floor":47,"key":"Pear"},{"floor":54,"key":"Strawberry"}],"event_choices":[{"damage_healed":0.0,"max_hp_gain":0.0,"max_hp_loss":0.0,"gold_gain":50.0,"event_name":"FaceTrader","player_choice":"Touch","floor":3.0,"gold_loss":0.0,"damage_taken":7.0},{"damage_healed":0.0,"max_hp_gain":0.0,"max_hp_loss":0.0,"gold_gain":150.0,"event_name":"Liars Game","player_choice":"AGREE","floor":13.0,"gold_loss":0.0,"damage_taken":0.0,"cards_obtained":["Doubt"]},{"damage_healed":0.0,"max_hp_gain":0.0,"max_hp_loss":0.0,"gold_gain":50.0,"event_name":"Nest","player_choice":"Stole From Cult","floor":19.0,"gold_loss":0.0,"damage_taken":0.0},{"damage_healed":0.0,"max_hp_gain":0.0,"max_hp_loss":0.0,"gold_gain":0.0,"event_name":"Back to Basics","player_choice":"Simplicity","floor":20.0,"gold_loss":0.0,"damage_taken":0.0,"cards_upgraded":["Strike_R","Strike_R","Strike_R","Strike_R","Strike_R","Defend_R","Defend_R","Defend_R","Defend_R"]}],"is_beta":false,"boss_relics":[{"not_picked":["Snecko Eye","Tiny House"],"picked":"Sozu"},{"not_picked":["Lizard Tail","Calling Bell"],"picked":"Coffee Dripper"}],"items_purged_floors":[14,30,46],"is_endless":false,"potions_floor_spawned":[2,6,10,11,16,18,23,25,29,35,37,39,44,45],"killed_by":"The Heart","ascension_level":15}