{"gold_per_floor":[116,116,129,129,129,147,147,178,254,273,300,300,300,315,315,413,413,413,413,413,413,413,413,413,413,413,413,413,156,156,156,156,156,156,156,156,156,156,156,156,156,156,156,156,156,156,156,156,156,156,156,156,88,88,88],"floor_reached":56,"playtime":3816,"items_purged":["Regret"],"score":1164,"play_id":"891246da-d926-4fc7-97c7-1b0e1068be42","local_time":"20190318222415","is_ascension_mode":false,"campfire_choices":[{"data":"Malaise","floor":7.0,"key":"SMITH"},{"data":"Burst","floor":13.0,"key":"SMITH"},{"data":"Choke","floor":15.0,"key":"SMITH"},{"data":"Blade Dance","floor":23.0,"key":"SMITH"},{"data":"Cloak And Dagger","floor":25.0,"key":"SMITH"},{"data":"Blade Dance","floor":28.0,"key":"SMITH"},{"floor":32,"key":"REST"},{"floor":40,"key":"RECALL"},{"data":"Adrenaline","floor":46,"key":"SMITH"},{"data":"Accuracy","floor":49,"key":"SMITH"},{"data":"After Image","floor":52,"key":"SMITH"}],"neow_cost":"CURSE","seed_source_timestamp":185618719557962,"circlet_count":0,"master_deck":["Defend_G","Defend_G","Defend_G","Defend_G","Defend_G","Strike_G+1","Strike_G","Strike_G","Strike_G+1","Strike_G","Survivor","Neutralize+1","Malaise+1","Infinite Blades","Cloak And Dagger+1","Flying Knee","Choke+1","Burst+1","After Image+1","Blade Dance+1","Accuracy+1","Thinking Ahead","Adrenaline+1","Backflip+1","Deflect","Finisher","Calculated Gamble+1","Riddle With Holes+1","Dodge and Roll+1","Footwork","After Image"],"special_seed":0,"relics":["Ring of the Snake","Snake Skull","Mango","Shuriken","Bird Faced Urn","Ectoplasm","Gambling Chip","MutagenicStrength","Eternal Feather","Incense Burner","Blood Vial","Bronze Scales","Question Card","Paper Crane"],"potions_floor_usage":[38,41,55,55,55],"damage_taken":[{"damage":6.0,"enemies":"Jaw Worm","floor":1.0,"turns":4.0},{"damage":0.0,"enemies":"Cultist","floor":3.0,"turns":5.0},{"damage":0.0,"enemies":"Small Slimes","floor":6.0,"turns":4.0},{"damage":12.0,"enemies":"Lagavulin","floor":8.0,"turns":10.0},{"damage":3.0,"enemies":"2 Fungi Beasts","floor":10.0,"turns":3.0},{"damage":12.0,"enemies":"Gremlin Nob","floor":11.0,"turns":5.0},{"damage":0.0,"enemies":"Looter","floor":14.0,"turns":3.0},{"damage":23.0,"enemies":"Hexaghost","floor":16.0,"turns":8.0},{"damage":9.0,"enemies":"3 Byrds","floor":18.0,"turns":5.0},{"damage":2.0,"enemies":"Spheric Guardian","floor":19.0,"turns":3.0},{"damage":19.0,"enemies":"Shelled Parasite and Fungi","floor":21.0,"turns":6.0},{"damage":3.0,"enemies":"Snake Plant","floor":22.0,"turns":6.0},{"damage":32.0,"enemies":"Slavers","floor":24.0,"turns":6.0},{"damage":0.0,"enemies":"Chosen and Byrds","floor":30.0,"turns":4.0},{"damage":0,"enemies":"Cultist and Chosen","floor":31,"turns":4},{"damage":28,"enemies":"Champ","floor":33,"turns":7},{"damage":3,"enemies":"3 Darklings","floor":35,"turns":4},{"damage":3,"enemies":"Orb Walker","floor":36,"turns":2},{"damage":4,"enemies":"3 Darklings","floor":38,"turns":4},{"damage":0,"enemies":"Mind Bloom Boss Battle","floor":39,"turns":6},{"damage":0,"enemies":"4 Shapes","floor":41,"turns":7},{"damage":11,"enemies":"Reptomancer","floor":42,"turns":6},{"damage":0,"enemies":"Sphere and 2 Shapes","floor":45,"turns":2},{"damage":13,"enemies":"Nemesis","floor":47,"turns":5},{"damage":9,"enemies":"Jaw Worm Horde","floor":48,"turns":4},{"damage":70,"enemies":"Time Eater","floor":50,"turns":13},{"damage":40,"enemies":"Shield and Spear","floor":54,"turns":9},{"damage":42,"enemies":"The Heart","floor":55,"turns":12}],"seed_played":"-8159739221004006445","potions_obtained":[{"floor":1.0,"key":"Fire Potion"},{"floor":6.0,"key":"LiquidBronze"},{"floor":14.0,"key":"Poison Potion"},{"floor":18.0,"key":"SkillPotion"},{"floor":24.0,"key":"AttackPotion"},{"floor":35,"key":"Strength Potion"},{"floor":38,"key":"Block Potion"},{"floor":41,"key":"SkillPotion"},{"floor":47,"key":"PowerPotion"}],"is_trial":false,"path_per_floor":["M","?","M","?","?","M","R","E","T","M","E","?","R","M","R","B",null,"M","M","?","M","M","R","E","R","T","?","R","$","M","M","R","B",null,"M","M","?","M","?","R","M","E","T","?","M","R","E","M","R","B",null,"R","$","E","B",null],"character_chosen":"THE_SILENT","items_purchased":["Thinking Ahead","Footwork"],"campfire_rested":1,"item_purchase_floors":[29,53],"current_hp_per_floor":[64,64,64,64,64,64,64,66,66,63,51,35,35,35,35,14,81,72,74,74,59,60,60,34,34,34,34,34,34,36,40,64,42,81,78,79,79,80,81,81,81,70,70,70,74,81,72,69,81,13,81,81,81,45,17],"gold":88,"neow_bonus":"THREE_RARE_CARDS","is_prod":false,"is_daily":false,"chose_seed":false,"campfire_upgraded":9,"win_rate":0,"timestamp":1552962255,"path_taken":["M","?","?","?","?","M","R","E","T","M","E","?","R","M","R","BOSS","M","M","?","M","M","R","E","R","T","?","R","$","M","M","R","BOSS","M","M","?","M","?","R","M","E","T","?","M","R","E","M","R","BOSS","R","$","E","BOSS"],"build_version":"2019-01-23","purchased_purges":1,"victory":true,"max_hp_per_floor":[70,70,70,67,67,67,67,81,81,81,81,81,81,81,81,81,81,81,81,81,81,81,81,81,81,81,81,81,81,81,81,81,81,81,81,81,81,81,81,81,81,81,81,81,81,81,81,81,81,81,81,81,81,81,81],"card_choices":[{"not_picked":["A Thousand Cuts","Unload"],"picked":"Malaise","floor":0.0},{"not_picked":["Slice","Setup"],"picked":"Infinite Blades","floor":1.0},{"not_picked":["Poisoned Stab","Flechettes"],"picked":"Cloak And Dagger","floor":3.0},{"not_picked":["PiercingWail","Dodge and Roll"],"picked":"Flying Knee","floor":6.0},{"not_picked":["Flechettes","Crippling Poison"],"picked":"Choke","floor":8.0},{"not_picked":["Quick Slash","Reflex"],"picked":"Blade Dance","floor":10.0},{"not_picked":["Bouncing Flask","Sucker Punch"],"picked":"Burst","floor":11.0},{"not_picked":["Leg Sweep","Bane","Outmaneuver"],"picked":"SKIP","floor":14.0},{"not_picked":["Tools of the Trade","Doppelganger"],"picked":"After Image","floor":16.0},{"not_picked":["Slice","Backflip"],"picked":"Blade Dance","floor":18.0},{"not_picked":["Calculated Gamble","Caltrops+1","Setup"],"picked":"SKIP","floor":19.0},{"not_picked":["Sucker Punch+1","PiercingWail"],"picked":"Accuracy","floor":21.0},{"not_picked":["Acrobatics","Sucker Punch","PiercingWail+1"],"picked":"SKIP","floor":22.0},{"not_picked":["Expertise","Predator+1","Poisoned Stab"],"picked":"SKIP","floor":24.0},{"not_picked":["Distraction","Crippling Poison+1","Bane+1"],"picked":"SKIP","floor":30.0},{"not_picked":["Dagger Throw","Masterful Stab+1","A Thousand Cuts"],"picked":"SKIP","floor":31},{"not_picked":["A Thousand Cuts","Envenom"],"picked":"Adrenaline","floor":33},{"not_picked":["Sucker Punch+1","Dagger Throw","Cloak And Dagger"],"picked":"SKIP","floor":35},{"not_picked":["Cloak And Dagger+1","Dagger Throw+1"],"picked":"Backflip+1","floor":36},{"not_picked":["Reflex","Underhanded Strike+1"],"picked":"Deflect","floor":38},{"not_picked":["Reflex+1","Blade Dance+1"],"picked":"Finisher","floor":39},{"not_picked":["Tactician","Masterful Stab","Acrobatics"],"picked":"SKIP","floor":41},{"not_picked":["Outmaneuver","Flying Knee"],"picked":"Calculated Gamble+1","floor":42},{"not_picked":["Bouncing Flask+1","Dagger Spray"],"picked":"Riddle With Holes+1","floor":45},{"not_picked":["Flying Knee","Eviscerate"],"picked":"Dodge and Roll+1","floor":47},{"not_picked":["Dagger Throw+1","Poisoned Stab","Prepared+1","Deadly Poison+1"],"picked":"SKIP","floor":48},{"not_picked":["Poisoned Stab+1","PiercingWail","Sucker Punch+1"],"picked":"After Image","floor":54}],"player_experience":736329,"relics_obtained":[{"floor":8.0,"key":"Mango"},{"floor":9.0,"key":"Shuriken"},{"floor":11.0,"key":"Bird Faced Urn"},{"floor":24.0,"key":"Gambling Chip"},{"floor":39,"key":"Incense Burner"},{"floor":42,"key":"Blood Vial"},{"floor":43,"key":"Bronze Scales"},{"floor":47,"key":"Question Card"},{"floor":54,"key":"Paper Crane"}],"event_choices":[{"damage_healed":0.0,"max_hp_gain":0.0,"max_hp_loss":0.0,"gold_gain":0.0,"event_name":"Accursed Blacksmith","player_choice":"Forge","floor":2.0,"gold_loss":0.0,"damage_taken":0.0,"cards_upgraded":["Neutralize"]},{"cards_removed":["Parasite"],"damage_healed":0.0,"max_hp_gain":0.0,"max_hp_loss":0.0,"gold_gain":0.0,"event_name":"Living Wall","player_choice":"Forget","floor":4.0,"gold_loss":0.0,"damage_taken":0.0},{"damage_healed":0.0,"max_hp_gain":0.0,"max_hp_loss":0.0,"gold_gain":0.0,"event_name":"Big Fish","player_choice":"Box","floor":5.0,"gold_loss":0.0,"damage_taken":0.0,"relics_obtained":["Snake Skull"],"cards_obtained":["Regret"]},{"damage_healed":0.0,"max_hp_gain":0.0,"max_hp_loss":0.0,"gold_gain":0.0,"event_name":"Shining Light","player_choice":"Entered Light","floor":12.0,"gold_loss":0.0,"damage_taken":16.0,"cards_upgraded":["Strike_G","Strike_G"]},{"damage_healed":0.0,"max_hp_gain":0.0,"max_hp_loss":0.0,"gold_gain":0.0,"event_name":"Vampires","player_choice":"Ignored","floor":20.0,"gold_loss":0.0,"damage_taken":0.0},{"damage_healed":0.0,"max_hp_gain":0.0,"max_hp_loss":0.0,"gold_gain":0.0,"event_name":"Drug Dealer","player_choice":"Inject Mutagens","floor":27.0,"gold_loss":0.0,"damage_taken":0.0,"relics_obtained":["MutagenicStrength"]},{"damage_healed":0,"gold_gain":0,"player_choice":"Memory 1","damage_taken":0,"max_hp_gain":0,"max_hp_loss":0,"event_name":"SensoryStone","floor":37,"gold_loss":0},{"damage_healed":0,"gold_gain":0,"player_choice":"Fight","damage_taken":0,"max_hp_gain":0,"max_hp_loss":0,"event_name":"MindBloom","floor":39,"gold_loss":0},{"cards_removed":["Blade Dance"],"damage_healed":0,"gold_gain":0,"player_choice":"Removed Skill","damage_taken":0,"max_hp_gain":0,"max_hp_loss":0,"event_name":"Falling","floor":44,"gold_loss":0}],"is_beta":false,"boss_relics":[{"not_picked":["Calling Bell","Ring of the Serpent"],"picked":"Ectoplasm"},{"not_picked":["Pandora\u0027s Box","Coffee Dripper"],"picked":"Eternal Feather"}],"items_purged_floors":[29],"is_endless":false,"potions_floor_spawned":[1,6,14,18,21,22,24,35,38,41,47,48,54],"ascension_level":0}