{"gold_per_floor":[116,66,66,82,82,82,82,82,82,113,113,127,170,56,56,179,179,192,207,207,306,306,306,345,369,392,243,281,281,306,306,306,426,426,439,772,772,792,322,352,364,380,404,423,423,452,468,479,479,479,479,479,90,122,122],"floor_reached":55,"playtime":3190,"items_purged":["Strike_G","Defend_G+1","Strike_G+1","Strike_G+1"],"score":898,"play_id":"bb16b0d8-f12a-4372-97d3-8b0d6b201b51","local_time":"20190520225410","is_ascension_mode":false,"campfire_choices":[{"data":"All Out Attack","floor":6.0,"key":"SMITH"},{"data":"Survivor","floor":8.0,"key":"SMITH"},{"data":"Masterful Stab","floor":11.0,"key":"SMITH"},{"data":"Footwork","floor":15.0,"key":"SMITH"},{"data":"Footwork","floor":23.0,"key":"SMITH"},{"data":"Poisoned Stab","floor":29.0,"key":"SMITH"},{"data":"Corpse Explosion","floor":32.0,"key":"SMITH"},{"floor":49,"key":"RECALL"},{"data":"Bouncing Flask","floor":52,"key":"SMITH"}],"neow_cost":"NONE","seed_source_timestamp":0,"circlet_count":0,"master_deck":["Defend_G+1","Defend_G+1","Defend_G+1","Strike_G+1","Survivor+1","Neutralize+1","Backflip+1","All Out Attack+1","Masterful Stab+1","Footwork+1","Footwork+1","Corpse Explosion+1","Dodge and Roll+1","Endless Agony+1","Poisoned Stab+1","Deadly Poison+1","Unload+1","Bouncing Flask+1","Well Laid Plans","Terror+1","Dodge and Roll+1","Blur+1","Catalyst+1"],"special_seed":0,"relics":["Ring of the Snake","Meat on the Bone","Regal Pillow","White Beast Statue","Mummified Hand","Happy Flower","Orichalcum","Strawberry","Paper Crane","Velvet Choker","ClockworkSouvenir","Question Card","Boot","Dream Catcher","Bottled Tornado","Art of War"],"potions_floor_usage":[40,55,55,55],"damage_taken":[{"damage":0.0,"enemies":"2 Louse","floor":1.0,"turns":4.0},{"damage":1.0,"enemies":"Cultist","floor":4.0,"turns":5.0},{"damage":10.0,"enemies":"Gremlin Nob","floor":10.0,"turns":5.0},{"damage":0.0,"enemies":"Small Slimes","floor":12.0,"turns":1.0},{"damage":0.0,"enemies":"3 Sentries","floor":13.0,"turns":5.0},{"damage":0.0,"enemies":"The Guardian","floor":16.0,"turns":12.0},{"damage":7.0,"enemies":"Spheric Guardian","floor":18.0,"turns":6.0},{"damage":3.0,"enemies":"Shell Parasite","floor":19.0,"turns":8.0},{"damage":8.0,"enemies":"Slavers","floor":24.0,"turns":5.0},{"damage":0.0,"enemies":"Snake Plant","floor":25.0,"turns":5.0},{"damage":4.0,"enemies":"Gremlin Leader","floor":28.0,"turns":5.0},{"damage":0.0,"enemies":"Shelled Parasite and Fungi","floor":30.0,"turns":5.0},{"damage":39.0,"enemies":"Automaton","floor":33.0,"turns":11.0},{"damage":4,"enemies":"3 Darklings","floor":35,"turns":2},{"damage":0,"enemies":"Orb Walker","floor":38,"turns":4},{"damage":15,"enemies":"Nemesis","floor":40,"turns":7},{"damage":0,"enemies":"3 Darklings","floor":41,"turns":3},{"damage":6,"enemies":"Transient","floor":42,"turns":5},{"damage":8,"enemies":"Writhing Mass","floor":44,"turns":5},{"damage":0,"enemies":"Giant Head","floor":46,"turns":8},{"damage":0,"enemies":"Sphere and 2 Shapes","floor":47,"turns":5},{"damage":0,"enemies":"Jaw Worm Horde","floor":48,"turns":4},{"damage":26,"enemies":"Donu and Deca","floor":50,"turns":8},{"damage":61,"enemies":"Shield and Spear","floor":54,"turns":6},{"damage":30,"enemies":"The Heart","floor":55,"turns":5}],"seed_played":"6633801031051118214","potions_obtained":[{"floor":1.0,"key":"Ancient Potion"},{"floor":4.0,"key":"Block Potion"},{"floor":10.0,"key":"Weak Potion"},{"floor":18.0,"key":"Weak Potion"},{"floor":19.0,"key":"Dexterity Potion"},{"floor":24.0,"key":"SpeedPotion"},{"floor":25.0,"key":"SkillPotion"},{"floor":28.0,"key":"Strength Potion"},{"floor":33.0,"key":"PowerPotion"},{"floor":40,"key":"Ancient Potion"},{"floor":41,"key":"SpeedPotion"},{"floor":44,"key":"SteroidPotion"}],"is_trial":false,"path_per_floor":["M","?","?","M","?","R","?","R","T","E","R","M","E","$","R","B",null,"M","M","?","?","T","R","E","M","T","$","E","R","M","?","R","B",null,"M","?","?","M","$","E","M","M","T","M","?","E","M","M","R","B",null,"R","$","E","B"],"character_chosen":"THE_SILENT","items_purchased":["Footwork","Poisoned Stab","ClockworkSouvenir","Bouncing Flask","Well Laid Plans","Bottled Tornado"],"campfire_rested":0,"item_purchase_floors":[14,27,39,39,39,53],"current_hp_per_floor":[70,70,70,69,52,52,52,52,52,42,42,42,42,42,42,42,70,63,60,60,60,60,60,52,52,52,52,55,55,55,55,55,28,77,73,73,73,73,73,58,58,52,52,44,44,44,44,44,44,30,77,77,77,28,0],"gold":122,"neow_bonus":"UPGRADE_CARD","is_prod":false,"is_daily":false,"chose_seed":false,"campfire_upgraded":8,"win_rate":0,"timestamp":1558407250,"path_taken":["M","?","?","?","?","R","?","R","T","E","R","M","E","$","R","BOSS","M","M","?","?","?","R","E","M","T","?","E","R","?","?","R","BOSS","M","?","?","M","$","E","?","M","T","M","?","E","M","M","R","BOSS","R","$","E","BOSS"],"build_version":"2019-01-23","purchased_purges":4,"victory":false,"max_hp_per_floor":[70,70,70,70,70,70,70,70,70,70,70,70,70,70,70,70,70,70,70,70,70,70,70,70,70,70,70,77,77,77,77,77,77,77,77,77,77,77,77,77,77,77,77,77,77,77,77,77,77,77,77,77,77,77,77],"card_choices":[{"not_picked":["Accuracy","Outmaneuver"],"picked":"Backflip","floor":1.0},{"not_picked":["Prepared","Well Laid Plans"],"picked":"All Out Attack","floor":4.0},{"not_picked":["Heel Hook","Distraction"],"picked":"Masterful Stab","floor":10.0},{"not_picked":["Reflex","Backstab"],"picked":"Footwork","floor":12.0},{"not_picked":["Masterful Stab","All Out Attack","Riddle With Holes"],"picked":"SKIP","floor":13.0},{"not_picked":["Envenom","Night Terror"],"picked":"Corpse Explosion","floor":16.0},{"not_picked":["Underhanded Strike","Quick Slash","Dagger Throw+1"],"picked":"SKIP","floor":18.0},{"not_picked":["Caltrops+1","Blade Dance+1"],"picked":"Dodge and Roll+1","floor":19.0},{"not_picked":["Outmaneuver","Footwork","Slice+1"],"picked":"SKIP","floor":24.0},{"not_picked":["Underhanded Strike+1","Outmaneuver"],"picked":"Endless Agony+1","floor":25.0},{"not_picked":["Backflip","Dagger Spray"],"picked":"Deadly Poison+1","floor":28.0},{"not_picked":["Prepared","Accuracy","Deadly Poison"],"picked":"SKIP","floor":30.0},{"not_picked":["Doppelganger","Glass Knife"],"picked":"Unload","floor":33.0},{"not_picked":["Dagger Spray","Cloak And Dagger","Setup+1"],"picked":"SKIP","floor":35},{"not_picked":["Endless Agony","Dodge and Roll","Bane+1"],"picked":"SKIP","floor":38},{"not_picked":["Acrobatics+1","Expertise","Adrenaline"],"picked":"SKIP","floor":40},{"not_picked":["Flechettes+1","Prepared","Deadly Poison","Slice+1"],"picked":"SKIP","floor":41},{"not_picked":["Deadly Poison","Die Die Die","Prepared+1"],"picked":"Terror+1","floor":42},{"not_picked":["Underhanded Strike","All Out Attack","Calculated Gamble+1","Concentrate+1"],"picked":"SKIP","floor":44},{"not_picked":["Backstab+1","Deflect","Dagger Spray+1"],"picked":"Blur+1","floor":46},{"not_picked":["Dodge and Roll","Backflip+1","Bouncing Flask+1","Expertise"],"picked":"SKIP","floor":47},{"not_picked":["Quick Slash+1","Bane+1","Poisoned Stab","Deflect"],"picked":"SKIP","floor":48},{"not_picked":["Flying Knee+1","Quick Slash","Predator"],"picked":"Catalyst+1","floor":54}],"player_experience":920999,"relics_obtained":[{"floor":10.0,"key":"Meat on the Bone"},{"floor":13.0,"key":"Regal Pillow"},{"floor":22.0,"key":"Mummified Hand"},{"floor":24.0,"key":"Happy Flower"},{"floor":26.0,"key":"Orichalcum"},{"floor":28.0,"key":"Strawberry"},{"floor":40,"key":"Question Card"},{"floor":43,"key":"Boot"},{"floor":46,"key":"Dream Catcher"},{"floor":54,"key":"Art of War"}],"event_choices":[{"cards_removed":["Defend_G"],"damage_healed":0.0,"max_hp_gain":0.0,"max_hp_loss":0.0,"gold_gain":0.0,"event_name":"The Cleric","player_choice":"Card Removal","floor":2.0,"gold_loss":50.0,"damage_taken":0.0},{"damage_healed":0.0,"max_hp_gain":0.0,"max_hp_loss":0.0,"gold_gain":0.0,"event_name":"Upgrade Shrine","player_choice":"Upgraded","floor":3.0,"gold_loss":0.0,"damage_taken":0.0,"cards_upgraded":["Backflip"]},{"damage_healed":0.0,"max_hp_gain":0.0,"max_hp_loss":0.0,"gold_gain":0.0,"event_name":"Golden Idol","player_choice":"Take Damage","floor":5.0,"gold_loss":0.0,"damage_taken":17.0,"relics_obtained":["Golden Idol"]},{"cards_removed":["Strike_G"],"damage_healed":0.0,"max_hp_gain":0.0,"max_hp_loss":0.0,"gold_gain":0.0,"event_name":"Living Wall","player_choice":"Forget","floor":7.0,"gold_loss":0.0,"damage_taken":0.0},{"damage_healed":0.0,"max_hp_gain":0.0,"max_hp_loss":0.0,"gold_gain":0.0,"event_name":"Back to Basics","player_choice":"Simplicity","floor":20.0,"gold_loss":0.0,"damage_taken":0.0,"cards_upgraded":["Defend_G","Defend_G","Defend_G","Defend_G","Strike_G","Strike_G","Strike_G"]},{"damage_healed":0.0,"max_hp_gain":0.0,"max_hp_loss":0.0,"gold_gain":99.0,"event_name":"Nest","player_choice":"Stole From Cult","floor":21.0,"gold_loss":0.0,"damage_taken":0.0},{"damage_healed":0.0,"max_hp_gain":0.0,"max_hp_loss":0.0,"gold_gain":0.0,"event_name":"The Mausoleum","player_choice":"Opened","floor":31.0,"gold_loss":0.0,"damage_taken":0.0,"relics_obtained":["Paper Crane"]},{"damage_healed":0,"gold_gain":333,"player_choice":"Gave Idol","damage_taken":0,"max_hp_gain":0,"max_hp_loss":0,"event_name":"The Moai Head","floor":36,"relics_lost":["Golden Idol"],"gold_loss":0},{"damage_healed":0,"gold_gain":0,"player_choice":"Upgraded","damage_taken":0,"max_hp_gain":0,"max_hp_loss":0,"event_name":"Upgrade Shrine","floor":37,"gold_loss":0,"cards_upgraded":["Unload"]},{"damage_healed":0,"gold_gain":0,"player_choice":"Copied","damage_taken":0,"max_hp_gain":0,"max_hp_loss":0,"event_name":"Duplicator","floor":45,"gold_loss":0,"cards_obtained":["Dodge and Roll"]}],"is_beta":false,"boss_relics":[{"not_picked":["Tiny House","WristBlade"],"picked":"White Beast Statue"},{"not_picked":["Calling Bell","Sozu"],"picked":"Velvet Choker"}],"items_purged_floors":[14,27,39,53],"is_endless":false,"potions_floor_spawned":[1,4,10,13,18,19,24,25,28,30,33,35,38,40,41,42,44,46,47,48,54],"killed_by":"The Heart","ascension_level":0}