{"gold_per_floor":[114,389,29,48,48,82,82,94,169,188,219,229,241,260,260,337,337,323,323,323,323,342,342,354,354,354,368,368,386,94,126,126,200,200,217,217,230,230,245,245,291,291,365,36,62,21,33,33,33,33],"floor_reached":51,"playtime":3037,"items_purged":["Regret","Decay"],"score":1294,"play_id":"64bf4e5a-de21-454b-9e75-f791db6512a7","local_time":"20190528220224","is_ascension_mode":true,"campfire_choices":[{"data":"After Image","floor":7.0,"key":"SMITH"},{"data":"Deadly Poison","floor":15,"key":"SMITH"},{"data":"Glass Knife","floor":23,"key":"SMITH"},{"data":"Well Laid Plans","floor":25,"key":"SMITH"},{"floor":28,"key":"REST"},{"data":"Wraith Form v2","floor":32,"key":"SMITH"},{"data":"Corpse Explosion","floor":40,"key":"SMITH"},{"data":"Acrobatics","floor":42,"key":"SMITH"},{"data":"Caltrops","floor":49,"key":"SMITH"}],"neow_cost":"NONE","seed_source_timestamp":0,"circlet_count":0,"master_deck":["AscendersBane","Defend_G","Defend_G","Defend_G","Defend_G","Defend_G","Strike_G","Strike_G","Strike_G","Strike_G","Strike_G","Neutralize","Poisoned Stab","Cloak And Dagger","After Image+1","Poisoned Stab","Dagger Spray","PiercingWail","Deadly Poison+1","Calculated Gamble","Glass Knife+1","Caltrops+1","Well Laid Plans+1","Acrobatics+1","Dash","Deflect+1","Bouncing Flask+1","Wraith Form v2+1","Corpse Explosion+1","Deadly Poison+1","Predator+1","Writhe","PiercingWail","Bane"],"special_seed":0,"relics":["Ring of the Snake","NeowsBlessing","The Specimen","Regal Pillow","Mummified Hand","Thread and Needle","Cursed Key","Kunai","FossilizedHelix","Centennial Puzzle","Busted Crown","Bird Faced Urn","The Courier","Gremlin Horn","Pantograph"],"potions_floor_usage":[27,33,45,50,50],"damage_taken":[{"damage":0.0,"enemies":"2 Louse","floor":1.0,"turns":1.0},{"damage":0.0,"enemies":"Cultist","floor":4.0,"turns":1.0},{"damage":0.0,"enemies":"Gremlin Nob","floor":6.0,"turns":1.0},{"damage":0.0,"enemies":"Jaw Worm","floor":8.0,"turns":5.0},{"damage":6.0,"enemies":"3 Louse","floor":10.0,"turns":4.0},{"damage":5.0,"enemies":"3 Sentries","floor":11.0,"turns":9.0},{"damage":1.0,"enemies":"Blue Slaver","floor":12.0,"turns":4.0},{"damage":0.0,"enemies":"Looter","floor":13.0,"turns":4.0},{"damage":0,"enemies":"Large Slime","floor":14,"turns":6},{"damage":7,"enemies":"Hexaghost","floor":16,"turns":10},{"damage":7,"enemies":"2 Thieves","floor":18,"turns":4},{"damage":11,"enemies":"Spheric Guardian","floor":22,"turns":5},{"damage":0,"enemies":"Centurion and Healer","floor":24,"turns":4},{"damage":23,"enemies":"Cultist and Chosen","floor":27,"turns":7},{"damage":4,"enemies":"Snake Plant","floor":29,"turns":4},{"damage":0,"enemies":"Gremlin Leader","floor":31,"turns":7},{"damage":23,"enemies":"Automaton","floor":33,"turns":12},{"damage":0,"enemies":"Orb Walker","floor":35,"turns":5},{"damage":0,"enemies":"3 Shapes","floor":37,"turns":3},{"damage":9,"enemies":"Jaw Worm Horde","floor":39,"turns":3},{"damage":11,"enemies":"2 Orb Walkers","floor":41,"turns":6},{"damage":0,"enemies":"Nemesis","floor":45,"turns":9},{"damage":0,"enemies":"3 Darklings","floor":47,"turns":3},{"damage":77,"enemies":"Time Eater","floor":50,"turns":13}],"seed_played":"2395698534902353893","potions_obtained":[{"floor":6.0,"key":"SkillPotion"},{"floor":10.0,"key":"Fruit Juice"},{"floor":12.0,"key":"GhostInAJar"},{"floor":27,"key":"Poison Potion"},{"floor":33,"key":"Fire Potion"},{"floor":37,"key":"PowerPotion"},{"floor":48,"key":"SkillPotion"}],"is_trial":false,"path_per_floor":["M","?","$","M","?","E","R","M","T","M","E","M","M","M","R","B",null,"M","?","?","?","M","R","M","R","T","M","R","M","$","E","R","B",null,"M","?","M","?","M","R","?","R","T","$","E","$","M","?","R","B",null],"character_chosen":"THE_SILENT","items_purchased":["The Specimen","FossilizedHelix","Gremlin Horn","PiercingWail","Bane"],"campfire_rested":1,"item_purchase_floors":[3,30,44,44,46],"current_hp_per_floor":[59,59,59,59,64,64,64,64,64,58,53,52,52,52,52,45,65,58,45,45,45,34,34,34,34,34,16,55,51,51,51,51,28,68,68,68,68,68,59,59,48,48,48,48,54,54,60,60,60,10],"gold":33,"neow_bonus":"THREE_ENEMY_KILL","is_prod":false,"is_daily":false,"chose_seed":false,"campfire_upgraded":8,"win_rate":0,"timestamp":1559073744,"path_taken":["M","?","$","?","?","E","R","M","T","M","E","M","M","M","R","BOSS","M","?","?","?","M","R","M","R","T","M","R","M","?","E","R","BOSS","M","?","M","?","M","R","?","R","T","$","E","$","M","?","R","BOSS"],"build_version":"2019-01-23","purchased_purges":2,"victory":true,"max_hp_per_floor":[66,66,66,66,71,71,71,71,71,71,71,71,71,71,71,71,71,71,76,76,76,76,76,76,76,76,81,81,81,81,81,81,81,81,81,81,81,81,81,81,81,81,81,81,81,81,81,81,81,81],"card_choices":[{"not_picked":["Flying Knee","Dagger Throw"],"picked":"Poisoned Stab","floor":1.0},{"not_picked":["Dodge and Roll","Deflect"],"picked":"Cloak And Dagger","floor":4.0},{"not_picked":["Underhanded Strike","Predator"],"picked":"After Image","floor":6.0},{"not_picked":["Cloak And Dagger","Reflex"],"picked":"Poisoned Stab","floor":8.0},{"not_picked":["Backstab","Reflex"],"picked":"Dagger Spray","floor":10.0},{"not_picked":["Dagger Throw","Heel Hook","Slice"],"picked":"SKIP","floor":11.0},{"not_picked":["Setup","Backflip"],"picked":"PiercingWail","floor":12.0},{"not_picked":["Quick Slash","Backflip"],"picked":"Deadly Poison","floor":13},{"not_picked":["Prepared","Dagger Spray"],"picked":"Calculated Gamble","floor":14},{"not_picked":["Unload","Envenom"],"picked":"Glass Knife","floor":16},{"not_picked":["All Out Attack","Dagger Spray"],"picked":"Caltrops","floor":18},{"not_picked":["Flying Knee","Flechettes"],"picked":"Acrobatics","floor":22},{"not_picked":["Sucker Punch","Outmaneuver+1"],"picked":"Dash","floor":24},{"not_picked":["Dagger Throw","Slice"],"picked":"Deflect+1","floor":27},{"not_picked":["Infinite Blades","Deflect+1"],"picked":"Bouncing Flask+1","floor":29},{"not_picked":["Quick Slash","Dagger Spray"],"picked":"Wraith Form v2","floor":31},{"not_picked":["Night Terror","Adrenaline"],"picked":"Corpse Explosion","floor":33},{"not_picked":["Outmaneuver"],"picked":"SKIP","floor":35},{"not_picked":["Deadly Poison"],"picked":"SKIP","floor":37},{"not_picked":[],"picked":"Deadly Poison+1","floor":39},{"not_picked":[],"picked":"Predator+1","floor":41},{"not_picked":["Poisoned Stab"],"picked":"SKIP","floor":45},{"not_picked":["Bane"],"picked":"SKIP","floor":47}],"player_experience":371224,"relics_obtained":[{"floor":6.0,"key":"Regal Pillow"},{"floor":9.0,"key":"Mummified Hand"},{"floor":11.0,"key":"Thread and Needle"},{"floor":26,"key":"Kunai"},{"floor":31,"key":"Centennial Puzzle"},{"floor":41,"key":"Bird Faced Urn"},{"floor":43,"key":"The Courier"},{"floor":45,"key":"Pantograph"}],"event_choices":[{"damage_healed":0.0,"max_hp_gain":0.0,"max_hp_loss":0.0,"gold_gain":275.0,"event_name":"Golden Shrine","player_choice":"Desecrate","floor":2.0,"gold_loss":0.0,"damage_taken":0.0,"cards_obtained":["Regret"]},{"damage_healed":0.0,"max_hp_gain":5.0,"max_hp_loss":0.0,"gold_gain":0.0,"event_name":"Big Fish","player_choice":"Donut","floor":5.0,"gold_loss":0.0,"damage_taken":0.0},{"damage_healed":0,"gold_gain":0,"player_choice":"Shed Blood","damage_taken":18,"max_hp_gain":5,"max_hp_loss":0,"event_name":"Forgotten Altar","floor":19,"gold_loss":0},{"damage_healed":0,"gold_gain":0,"player_choice":"Ignored","damage_taken":0,"max_hp_gain":0,"max_hp_loss":0,"event_name":"Vampires","floor":20,"gold_loss":0},{"damage_healed":0,"gold_gain":0,"player_choice":"Read","damage_taken":0,"max_hp_gain":0,"max_hp_loss":0,"event_name":"The Library","floor":21,"gold_loss":0,"cards_obtained":["Well Laid Plans"]},{"cards_removed":["Survivor"],"damage_healed":0,"gold_gain":0,"player_choice":"Removed Skill","damage_taken":0,"max_hp_gain":0,"max_hp_loss":0,"event_name":"Falling","floor":36,"gold_loss":0},{"damage_healed":0,"gold_gain":0,"player_choice":"Ignored","damage_taken":0,"max_hp_gain":0,"max_hp_loss":0,"event_name":"Tomb of Lord Red Mask","floor":38,"gold_loss":0},{"damage_healed":0,"gold_gain":0,"player_choice":"Fight","damage_taken":0,"max_hp_gain":0,"max_hp_loss":0,"event_name":"Mysterious Sphere","floor":41,"gold_loss":0},{"damage_healed":0,"gold_gain":0,"player_choice":"Got Potions","damage_taken":0,"max_hp_gain":0,"max_hp_loss":0,"event_name":"Lab","floor":48,"gold_loss":0}],"is_beta":false,"boss_relics":[{"not_picked":["Astrolabe","Empty Cage"],"picked":"Cursed Key"},{"not_picked":["Fusion Hammer","Eternal Feather"],"picked":"Busted Crown"}],"items_purged_floors":[3,44],"is_endless":false,"potions_floor_spawned":[6,10,12,13,24,27,33,37,39],"ascension_level":14}