{"gold_per_floor":[115,115,126,126,143,143,159,159,210,152,162,179,194,222,222,299,299,319,18,29,29,48,48,58,58,134,162,42,42,76,92,92,92],"floor_reached":33,"playtime":1618,"items_purged":["Strike_G"],"score":471,"play_id":"2606d91f-1579-4964-8603-e293b09aab0f","local_time":"20191007221318","is_ascension_mode":true,"campfire_choices":[{"floor":6.0,"key":"REST"},{"data":"Leg Sweep","floor":8.0,"key":"SMITH"},{"data":"Bouncing Flask","floor":15.0,"key":"SMITH"},{"floor":23.0,"key":"REST"},{"floor":29.0,"key":"REST"},{"data":"Burst","floor":32.0,"key":"SMITH"}],"neow_cost":"NONE","seed_source_timestamp":1237395938309900,"circlet_count":0,"master_deck":["AscendersBane","Strike_G","Strike_G+1","Strike_G+1","Strike_G","Defend_G","Defend_G","Defend_G","Defend_G","Defend_G","Survivor+1","Neutralize","Trip","Slice+1","Dagger Spray","Leg Sweep+1","Dagger Spray","Crippling Poison","Backstab","Bouncing Flask+1","Burst+1","PiercingWail","Well Laid Plans","Footwork","Noxious Fumes","PiercingWail"],"special_seed":0,"relics":["Ring of the Snake","Smiling Mask","Whetstone","Snake Skull","Molten Egg 2","Velvet Choker","Mercury Hourglass","Bottled Tornado","Red Mask","Shuriken"],"potions_floor_usage":[],"damage_taken":[{"damage":2.0,"enemies":"2 Louse","floor":1.0,"turns":3.0},{"damage":0.0,"enemies":"Small Slimes","floor":3.0,"turns":3.0},{"damage":0.0,"enemies":"Cultist","floor":5.0,"turns":3.0},{"damage":0.0,"enemies":"Looter","floor":7.0,"turns":4.0},{"damage":0.0,"enemies":"Blue Slaver","floor":11.0,"turns":3.0},{"damage":0.0,"enemies":"Large Slime","floor":12.0,"turns":4.0},{"damage":1.0,"enemies":"Looter","floor":13.0,"turns":2.0},{"damage":8.0,"enemies":"3 Sentries","floor":14.0,"turns":7.0},{"damage":3.0,"enemies":"Hexaghost","floor":16.0,"turns":7.0},{"damage":8.0,"enemies":"Shell Parasite","floor":18.0,"turns":6.0},{"damage":10.0,"enemies":"2 Thieves","floor":20.0,"turns":2.0},{"damage":22.0,"enemies":"Sentry and Sphere","floor":22.0,"turns":5.0},{"damage":2.0,"enemies":"Chosen and Byrds","floor":24.0,"turns":4.0},{"damage":22.0,"enemies":"Masked Bandits","floor":27.0,"turns":4.0},{"damage":1.0,"enemies":"Gremlin Leader","floor":30.0,"turns":5.0},{"damage":2.0,"enemies":"Centurion and Healer","floor":31.0,"turns":6.0},{"damage":26,"enemies":"Collector","floor":33,"turns":3}],"seed_played":"-7037468402094424054","potions_obtained":[{"floor":3.0,"key":"Fire Potion"},{"floor":7.0,"key":"Poison Potion"},{"floor":16.0,"key":"GamblersBrew"},{"floor":22.0,"key":"EssenceOfSteel"},{"floor":27.0,"key":"Poison Potion"},{"floor":31.0,"key":"Regen Potion"}],"is_trial":false,"path_per_floor":["M","?","M","?","M","R","M","R","T","?","M","M","M","E","R","B",null,"M","$","M","?","M","R","M","?","T","?","$","R","E","M","R","B"],"character_chosen":"THE_SILENT","items_purchased":["Mercury Hourglass","PiercingWail","Noxious Fumes"],"campfire_rested":3,"item_purchase_floors":[19,19,28],"current_hp_per_floor":[57,22,22,2,2,21,21,21,21,21,21,21,20,12,12,9,52,44,44,34,34,12,31,29,29,29,7,7,26,25,23,23,0],"gold":92,"neow_bonus":"RANDOM_COLORLESS","is_prod":false,"is_daily":false,"chose_seed":false,"campfire_upgraded":3,"win_rate":0,"timestamp":1570479198,"path_taken":["M","?","M","?","M","R","M","R","T","?","M","M","?","E","R","BOSS","M","$","M","?","M","R","M","?","T","?","$","R","E","M","R","BOSS"],"build_version":"2019-10-04","purchased_purges":1,"victory":false,"max_hp_per_floor":[66,66,66,66,66,66,66,66,66,66,66,66,66,66,66,66,66,66,66,66,66,66,66,66,66,66,66,66,66,66,66,66,66],"card_choices":[{"not_picked":["Purity","Deep Breath"],"picked":"Trip","floor":0.0},{"not_picked":["Accuracy","Setup"],"picked":"Slice","floor":1.0},{"not_picked":["Poisoned Stab","Riddle With Holes"],"picked":"Dagger Spray","floor":3.0},{"not_picked":["Deflect","PiercingWail"],"picked":"Leg Sweep","floor":5.0},{"not_picked":["Bane","Acrobatics"],"picked":"Dagger Spray","floor":7.0},{"not_picked":["Cloak And Dagger","Prepared"],"picked":"Crippling Poison","floor":11.0},{"not_picked":["Expertise","Calculated Gamble"],"picked":"Backstab","floor":12.0},{"not_picked":["Blade Dance","Setup"],"picked":"Bouncing Flask","floor":13.0},{"not_picked":["Distraction","Quick Slash","Grand Finale"],"picked":"SKIP","floor":14.0},{"not_picked":["Tools of the Trade","Phantasmal Killer"],"picked":"Burst","floor":16.0},{"not_picked":["Endless Agony+1","Slice+1","Heel Hook+1"],"picked":"SKIP","floor":18.0},{"not_picked":["Underhanded Strike+1","Eviscerate+1","Backflip"],"picked":"SKIP","floor":20.0},{"not_picked":["Dagger Throw+1","All Out Attack+1","Calculated Gamble"],"picked":"SKIP","floor":22.0},{"not_picked":["Sucker Punch+1","Cloak And Dagger","Underhanded Strike+1"],"picked":"SKIP","floor":24.0},{"not_picked":["Glass Knife+1","Poisoned Stab+1"],"picked":"Footwork","floor":27.0},{"not_picked":["Phantasmal Killer","Well Laid Plans"],"picked":"PiercingWail","floor":30.0},{"not_picked":["Expertise+1","Slice+1","Outmaneuver"],"picked":"SKIP","floor":31.0}],"player_experience":960541,"relics_obtained":[{"floor":9.0,"key":"Whetstone"},{"floor":14.0,"key":"Molten Egg 2"},{"floor":26.0,"key":"Bottled Tornado"},{"floor":27.0,"key":"Red Mask"},{"floor":30.0,"key":"Shuriken"}],"event_choices":[{"damage_healed":0.0,"max_hp_gain":0.0,"max_hp_loss":0.0,"gold_gain":0.0,"event_name":"Scrap Ooze","player_choice":"Success","floor":2.0,"gold_loss":0.0,"damage_taken":35.0,"relics_obtained":["Smiling Mask"]},{"damage_healed":0.0,"max_hp_gain":0.0,"max_hp_loss":0.0,"gold_gain":0.0,"event_name":"Shining Light","player_choice":"Entered Light","floor":4.0,"gold_loss":0.0,"damage_taken":20.0,"cards_upgraded":["Strike_G","Survivor"]},{"damage_healed":0.0,"max_hp_gain":0.0,"max_hp_loss":0.0,"gold_gain":0.0,"event_name":"WeMeetAgain","player_choice":"Paid Gold","floor":10.0,"gold_loss":58.0,"damage_taken":0.0,"relics_obtained":["Snake Skull"]},{"damage_healed":0.0,"max_hp_gain":0.0,"max_hp_loss":0.0,"gold_gain":0.0,"event_name":"The Library","player_choice":"Read","floor":21.0,"gold_loss":0.0,"damage_taken":0.0,"cards_obtained":["Well Laid Plans"]},{"damage_healed":0.0,"max_hp_gain":0.0,"max_hp_loss":0.0,"gold_gain":0.0,"event_name":"Cursed Tome","player_choice":"Ignored","floor":25.0,"gold_loss":0.0,"damage_taken":0.0},{"damage_healed":0.0,"max_hp_gain":0.0,"max_hp_loss":0.0,"gold_gain":0.0,"event_name":"Masked Bandits","player_choice":"Fought Bandits","floor":27.0,"gold_loss":0.0,"damage_taken":0.0}],"is_beta":true,"boss_relics":[{"not_picked":["Busted Crown","Astrolabe"],"picked":"Velvet Choker"}],"items_purged_floors":[28],"is_endless":false,"potions_floor_spawned":[3,7,14,16,22,24,27,31],"killed_by":"Collector","ascension_level":15}