{"gold_per_floor":[110,110,110,121,121,149,149,182,205,223,15,35,35,48,48,126,126,136,136,156,175,119,119,134,167,192,192,202,222,222,73,73,151,151,166,78,78,91,105,105,124,139,139,167,10,22,22,36,36,36],"floor_reached":50,"playtime":4203,"items_purged":["Strike_G"],"score":1062,"play_id":"e7265663-7b3d-4158-b66d-dc1987f976b6","local_time":"20190729224202","is_ascension_mode":true,"campfire_choices":[{"floor":7.0,"key":"REST"},{"data":"Dagger Spray","floor":13.0,"key":"SMITH"},{"data":"Footwork","floor":15.0,"key":"SMITH"},{"floor":23.0,"key":"REST"},{"floor":27.0,"key":"REST"},{"data":"Infinite Blades","floor":30.0,"key":"SMITH"},{"floor":32.0,"key":"REST"},{"floor":40,"key":"REST"},{"floor":47,"key":"REST"},{"floor":49,"key":"REST"}],"neow_cost":"TEN_PERCENT_HP_LOSS","seed_source_timestamp":612636958810934,"circlet_count":0,"master_deck":["AscendersBane","Defend_G+1","Defend_G+1","Defend_G+1","Survivor","Neutralize+1","Dagger Spray+1","Flying Knee","Deadly Poison","Backflip","Poisoned Stab","Footwork+1","Dodge and Roll","Crippling Poison","After Image","Flying Knee+1","Bullet Time+1","Adrenaline+1","Deflect","Infinite Blades+1","Flechettes","Outmaneuver","PiercingWail","Accuracy+1","Infinite Blades","Malaise","Night Terror","Dodge and Roll+1","Well Laid Plans+1","Calculated Gamble+1","Blur+1","Tools of the Trade","Noxious Fumes+1"],"special_seed":0,"relics":["Ring of the Snake","Pocketwatch","Centennial Puzzle","War Paint","Shuriken","Bag of Marbles","Astrolabe","Oddly Smooth Stone","Omamori","Boot","Empty Cage","Bag of Preparation","Sundial","Anchor"],"potions_floor_usage":[50],"damage_taken":[{"damage":0.0,"enemies":"2 Louse","floor":1.0,"turns":2.0},{"damage":0.0,"enemies":"Cultist","floor":4.0,"turns":4.0},{"damage":7.0,"enemies":"Lagavulin","floor":6.0,"turns":5.0},{"damage":6.0,"enemies":"Gremlin Nob","floor":8.0,"turns":3.0},{"damage":0.0,"enemies":"Small Slimes","floor":10.0,"turns":1.0},{"damage":0.0,"enemies":"Red Slaver","floor":12.0,"turns":4.0},{"damage":6.0,"enemies":"Lots of Slimes","floor":14.0,"turns":2.0},{"damage":11.0,"enemies":"Slime Boss","floor":16.0,"turns":7.0},{"damage":10.0,"enemies":"Spheric Guardian","floor":18.0,"turns":4.0},{"damage":7.0,"enemies":"Chosen","floor":20.0,"turns":6.0},{"damage":2.0,"enemies":"3 Cultists","floor":21.0,"turns":5.0},{"damage":13.0,"enemies":"Snecko","floor":24.0,"turns":5.0},{"damage":13.0,"enemies":"Book of Stabbing","floor":25.0,"turns":6.0},{"damage":4.0,"enemies":"Snake Plant","floor":28.0,"turns":6.0},{"damage":0.0,"enemies":"3 Cultists","floor":29.0,"turns":4.0},{"damage":27.0,"enemies":"Champ","floor":33.0,"turns":13.0},{"damage":14,"enemies":"Orb Walker","floor":35,"turns":6},{"damage":6,"enemies":"3 Darklings","floor":38,"turns":9},{"damage":6,"enemies":"Jaw Worm Horde","floor":39,"turns":5},{"damage":10,"enemies":"Spire Growth","floor":41,"turns":6},{"damage":0,"enemies":"3 Darklings","floor":42,"turns":7},{"damage":0,"enemies":"Nemesis","floor":44,"turns":9},{"damage":5,"enemies":"Jaw Worm Horde","floor":46,"turns":7},{"damage":3,"enemies":"Maw","floor":48,"turns":8},{"damage":88,"enemies":"Time Eater","floor":50,"turns":15}],"seed_played":"-7634582774815668928","potions_obtained":[{"floor":1.0,"key":"GamblersBrew"},{"floor":4.0,"key":"Strength Potion"},{"floor":6.0,"key":"Fire Potion"},{"floor":20.0,"key":"Poison Potion"},{"floor":21.0,"key":"Explosive Potion"},{"floor":28.0,"key":"Dexterity Potion"},{"floor":39,"key":"PowerPotion"}],"is_trial":false,"path_per_floor":["M","?","?","M","?","E","R","E","T","M","$","M","R","M","R","B",null,"M","?","M","M","?","R","M","E","T","R","M","M","R","$","R","B",null,"M","$","?","M","M","R","M","M","T","E","$","M","R","M","R","B"],"character_chosen":"THE_SILENT","items_purchased":["Footwork","Fire Potion","Malaise","Well Laid Plans","Anchor"],"campfire_rested":7,"item_purchase_floors":[11,11,31,36,45],"current_hp_per_floor":[59,41,15,15,35,28,46,40,40,40,40,40,40,34,34,23,51,41,41,34,32,32,50,37,24,24,42,38,38,38,38,56,29,52,38,38,38,32,26,44,34,34,34,34,34,29,47,44,60,0],"gold":36,"neow_bonus":"ONE_RARE_RELIC","is_prod":false,"is_daily":false,"chose_seed":false,"campfire_upgraded":3,"win_rate":0,"timestamp":1564454522,"path_taken":["M","?","?","M","?","E","R","E","T","M","$","M","R","M","R","BOSS","M","?","?","M","?","R","?","E","T","R","?","M","R","$","R","BOSS","M","?","?","M","M","R","?","M","T","E","$","M","R","M","R","BOSS"],"build_version":"2019-07-17","purchased_purges":1,"victory":false,"max_hp_per_floor":[60,60,60,60,60,60,60,60,60,60,60,60,60,60,60,60,60,60,60,60,60,60,60,60,60,60,60,60,60,60,60,60,60,60,60,60,60,60,60,60,60,60,60,60,60,60,60,60,60,60],"card_choices":[{"not_picked":["Backstab","Sucker Punch"],"picked":"Dagger Spray","floor":1.0},{"not_picked":["Outmaneuver","Prepared"],"picked":"Flying Knee","floor":4.0},{"not_picked":["Quick Slash","Slice"],"picked":"Deadly Poison","floor":6.0},{"not_picked":["Outmaneuver","Sucker Punch"],"picked":"Backflip","floor":8.0},{"not_picked":["Underhanded Strike","Reflex"],"picked":"Poisoned Stab","floor":10.0},{"not_picked":["Doppelganger","Poisoned Stab"],"picked":"Dodge and Roll","floor":12.0},{"not_picked":["Tactician","Quick Slash"],"picked":"Crippling Poison","floor":14.0},{"not_picked":["Night Terror","Adrenaline"],"picked":"After Image","floor":16.0},{"not_picked":["Poisoned Stab","Prepared"],"picked":"Deflect","floor":18.0},{"not_picked":["Reflex","Deadly Poison"],"picked":"Infinite Blades","floor":20.0},{"not_picked":["Sucker Punch","Poisoned Stab+1"],"picked":"Flechettes","floor":21.0},{"not_picked":["All Out Attack+1","Leg Sweep"],"picked":"Outmaneuver","floor":24.0},{"not_picked":["Underhanded Strike","Bane"],"picked":"PiercingWail","floor":25.0},{"not_picked":["Bane","Skewer"],"picked":"Accuracy+1","floor":28.0},{"not_picked":["PiercingWail","Prepared"],"picked":"Infinite Blades","floor":29.0},{"not_picked":["Burst","Bullet Time"],"picked":"Night Terror","floor":33.0},{"not_picked":["Deflect","Caltrops"],"picked":"Dodge and Roll+1","floor":35},{"not_picked":["Bane+1","Acrobatics","Dagger Throw"],"picked":"SKIP","floor":38},{"not_picked":["Masterful Stab+1","Acrobatics"],"picked":"Calculated Gamble+1","floor":39},{"not_picked":["Leg Sweep","Quick Slash","Slice+1"],"picked":"SKIP","floor":41},{"not_picked":["Flechettes+1","Dodge and Roll"],"picked":"Blur+1","floor":42},{"not_picked":["Acrobatics","Slice","Concentrate"],"picked":"SKIP","floor":44},{"not_picked":["Deflect","All Out Attack+1"],"picked":"Tools of the Trade","floor":46},{"not_picked":["Escape Plan","Outmaneuver+1"],"picked":"Noxious Fumes+1","floor":48}],"player_experience":1178091,"relics_obtained":[{"floor":6.0,"key":"War Paint"},{"floor":8.0,"key":"Shuriken"},{"floor":9.0,"key":"Bag of Marbles"},{"floor":25.0,"key":"Omamori"},{"floor":26.0,"key":"Boot"},{"floor":43,"key":"Bag of Preparation"},{"floor":44,"key":"Sundial"}],"event_choices":[{"damage_healed":0.0,"max_hp_gain":0.0,"max_hp_loss":0.0,"gold_gain":0.0,"event_name":"Shining Light","player_choice":"Entered Light","floor":2.0,"gold_loss":0.0,"damage_taken":18.0,"cards_upgraded":["Neutralize","Defend_G"]},{"damage_healed":0.0,"max_hp_gain":0.0,"max_hp_loss":0.0,"gold_gain":0.0,"event_name":"Scrap Ooze","player_choice":"Success","floor":3.0,"gold_loss":0.0,"damage_taken":26.0,"relics_obtained":["Centennial Puzzle"]},{"damage_healed":20.0,"max_hp_gain":0.0,"max_hp_loss":0.0,"gold_gain":0.0,"event_name":"Big Fish","player_choice":"Banana","floor":5.0,"gold_loss":0.0,"damage_taken":0.0},{"cards_removed":["Strike_G"],"damage_healed":0.0,"max_hp_gain":0.0,"max_hp_loss":0.0,"gold_gain":0.0,"event_name":"Purifier","player_choice":"Purged","floor":19.0,"gold_loss":0.0,"damage_taken":0.0},{"damage_healed":0.0,"max_hp_gain":0.0,"max_hp_loss":0.0,"gold_gain":0.0,"event_name":"WeMeetAgain","player_choice":"Paid Gold","floor":22.0,"gold_loss":56.0,"damage_taken":0.0,"relics_obtained":["Oddly Smooth Stone"]},{"damage_healed":0,"gold_gain":0,"player_choice":"Upgraded","damage_taken":0,"max_hp_gain":0,"max_hp_loss":0,"event_name":"Upgrade Shrine","floor":37,"gold_loss":0,"cards_upgraded":["Well Laid Plans"]}],"is_beta":false,"boss_relics":[{"not_picked":["Lizard Tail","Runic Pyramid"],"picked":"Astrolabe"},{"not_picked":["Tiny House","Runic Dome"],"picked":"Empty Cage"}],"items_purged_floors":[11],"is_endless":false,"potions_floor_spawned":[1,4,6,20,21,28,29,33,35,38,39,46,48],"killed_by":"Time Eater","ascension_level":20}