{"gold_per_floor":[114,84,101,201,218,218,244,259,340,340],"floor_reached":10,"playtime":831,"items_purged":[],"score":102,"play_id":"a50d3da4-7746-4262-ab25-00e47bb25c8a","local_time":"20191014233453","is_ascension_mode":true,"campfire_choices":[{"floor":6.0,"key":"REST"}],"neow_cost":"PERCENT_DAMAGE","seed_source_timestamp":359952470172200,"circlet_count":0,"master_deck":["AscendersBane","Strike_B","Strike_B","Strike_B","Strike_B","Defend_B","Defend_B","Defend_B","Defend_B","Zap","Dualcast","Beam Cell","Genetic Algorithm","BootSequence","Gash","Steam"],"special_seed":0,"relics":["Cracked Core","Ginger","Symbiotic Virus"],"potions_floor_usage":[10,10],"damage_taken":[{"damage":2.0,"enemies":"2 Louse","floor":1.0,"turns":2.0},{"damage":1.0,"enemies":"Cultist","floor":3.0,"turns":3.0},{"damage":9.0,"enemies":"Jaw Worm","floor":5.0,"turns":4.0},{"damage":26.0,"enemies":"3 Sentries","floor":7.0,"turns":12.0},{"damage":30,"enemies":"Gremlin Gang","floor":8,"turns":5},{"damage":23,"enemies":"Gremlin Nob","floor":10,"turns":3}],"seed_played":"-416900642310308436","potions_obtained":[{"floor":1.0,"key":"Poison Potion"},{"floor":2.0,"key":"SkillPotion"},{"floor":2.0,"key":"FairyPotion"},{"floor":3.0,"key":"SpeedPotion"},{"floor":7.0,"key":"Energy Potion"}],"is_trial":false,"path_per_floor":["M","?","M","?","M","R","E","M","T","E"],"character_chosen":"DEFECT","items_purchased":[],"campfire_rested":1,"item_purchase_floors":[],"current_hp_per_floor":[62,62,61,61,52,78,52,22,22,0],"gold":340,"neow_bonus":"TWENTY_PERCENT_HP_BONUS","is_prod":false,"is_daily":false,"chose_seed":false,"campfire_upgraded":0,"win_rate":0,"timestamp":1571085293,"path_taken":["M","?","?","?","M","R","E","?","T","E"],"build_version":"2019-07-17","purchased_purges":0,"victory":false,"max_hp_per_floor":[89,89,89,89,89,89,89,89,89,89],"card_choices":[{"not_picked":["Darkness","Skim"],"picked":"Beam Cell","floor":1.0},{"not_picked":["Conserve Battery","Leap"],"picked":"Genetic Algorithm","floor":3.0},{"not_picked":["Leap","Reinforced Body"],"picked":"BootSequence","floor":5.0},{"not_picked":["Sweeping Beam","Thunder Strike"],"picked":"Gash","floor":7.0},{"not_picked":["Lockon","Turbo"],"picked":"Steam","floor":8}],"player_experience":320011,"relics_obtained":[{"floor":7.0,"key":"Ginger"},{"floor":9,"key":"Symbiotic Virus"}],"event_choices":[{"damage_healed":0.0,"max_hp_gain":0.0,"max_hp_loss":0.0,"gold_gain":0.0,"event_name":"The Woman in Blue","player_choice":"Bought 2 Potions","floor":2.0,"gold_loss":0.0,"damage_taken":0.0},{"damage_healed":0.0,"max_hp_gain":0.0,"max_hp_loss":0.0,"gold_gain":100.0,"event_name":"Wheel of Change","player_choice":"Gold","floor":4.0,"gold_loss":0.0,"damage_taken":0.0}],"is_beta":false,"boss_relics":[],"items_purged_floors":[],"is_endless":false,"potions_floor_spawned":[1,3,7],"killed_by":"Gremlin Nob","ascension_level":10}