{"gold_per_floor":[16,16,26,39,51,51,84,114,167,167,167,199,149,159,159,256,256,256,256,256,256,256,256,256,256,256,256,171,171,171,17,17,17,17,17,17,17,17,17,17,17,17,17,17,17,17,17,17,17,17],"floor_reached":51,"playtime":4735,"items_purged":[],"score":909,"play_id":"d665b3fd-ff16-47b8-96f5-7c773b0b311e","local_time":"20180830205836","is_ascension_mode":true,"campfire_choices":[{"data":"Skewer","floor":6,"key":"SMITH"},{"floor":10,"key":"REST"},{"data":"Dodge and Roll","floor":15,"key":"SMITH"},{"floor":23,"key":"REST"},{"data":"Prepared","floor":25,"key":"SMITH"},{"floor":30,"key":"REST"},{"data":"Sucker Punch","floor":32,"key":"SMITH"},{"data":"Venomology","floor":40,"key":"SMITH"},{"floor":42,"key":"REST"},{"data":"Underhanded Strike","floor":44,"key":"SMITH"},{"data":"Well Laid Plans","floor":49,"key":"SMITH"}],"neow_cost":"NO_GOLD","seed_source_timestamp":1275822416230112,"circlet_count":0,"master_deck":["Defend_G","Defend_G","Defend_G","Strike_G+1","Strike_G","Survivor","Neutralize","Dodge and Roll+1","Flying Knee","Dagger Throw+1","Skewer+1","Prepared+1","Underhanded Strike+1","Flying Knee+1","Malaise","Sucker Punch+1","Dagger Throw+1","Terror","Acrobatics+1","Adrenaline","Deflect+1","Backstab+1","Venomology+1","Deflect+1","Well Laid Plans+1"],"relics":["Ring of the Snake","Bottled Lightning","Odd Mushroom","Whetstone","Ornamental Fan","Art of War","Ectoplasm","MutagenicStrength","Anchor","Pen Nib","Red Mask","MawBank","Mercury Hourglass","Happy Flower","Lizard Tail","Shovel","Question Card","Molten Egg 2","Bronze Scales"],"potions_floor_usage":[16,16,24,33,35,36,41,48,50,50,50,50],"damage_taken":[{"damage":2,"enemies":"Small Slimes","floor":1,"turns":4},{"damage":6,"enemies":"Cultist","floor":3,"turns":5},{"damage":2,"enemies":"2 Louse","floor":4,"turns":2},{"damage":4,"enemies":"Large Slime","floor":5,"turns":6},{"damage":11,"enemies":"Lagavulin","floor":7,"turns":5},{"damage":16,"enemies":"The Mushroom Lair","floor":8,"turns":5},{"damage":11,"enemies":"3 Sentries","floor":12,"turns":7},{"damage":0,"enemies":"Looter","floor":14,"turns":2},{"damage":8,"enemies":"Hexaghost","floor":16,"turns":7},{"damage":6,"enemies":"3 Byrds","floor":18,"turns":5},{"damage":1,"enemies":"Spheric Guardian","floor":19,"turns":3},{"damage":5,"enemies":"Chosen and Byrds","floor":21,"turns":5},{"damage":7,"enemies":"Cultist and Chosen","floor":22,"turns":6},{"damage":1,"enemies":"Gremlin Leader","floor":24,"turns":6},{"damage":9,"enemies":"Masked Bandits","floor":27,"turns":4},{"damage":5,"enemies":"Book of Stabbing","floor":29,"turns":3},{"damage":6,"enemies":"Automaton","floor":33,"turns":3},{"damage":0,"enemies":"Orb Walker","floor":35,"turns":2},{"damage":9,"enemies":"3 Darklings","floor":36,"turns":2},{"damage":0,"enemies":"Mysterious Sphere","floor":38,"turns":3},{"damage":4,"enemies":"Sphere and 2 Shapes","floor":39,"turns":3},{"damage":7,"enemies":"Nemesis","floor":41,"turns":5},{"damage":2,"enemies":"Spire Growth","floor":46,"turns":3},{"damage":0,"enemies":"4 Shapes","floor":48,"turns":2},{"damage":53,"enemies":"Time Eater","floor":50,"turns":11}],"seed_played":"-4860492966415445185","potions_obtained":[{"floor":4,"key":"GamblersBrew"},{"floor":7,"key":"SteroidPotion"},{"floor":14,"key":"Explosive Potion"},{"floor":21,"key":"PowerPotion"},{"floor":24,"key":"Regen Potion"},{"floor":29,"key":"Weak Potion"},{"floor":33,"key":"Fruit Juice"},{"floor":35,"key":"Poison Potion"},{"floor":46,"key":"AttackPotion"}],"is_trial":false,"path_per_floor":["M","?","M","M","M","R","E","?","T","R","T","E","?","M","R","B",null,"M","M","?","M","M","R","E","R","T","?","?","E","R","$","R","B",null,"M","M","?","?","M","R","E","R","T","R","?","M","T","M","R","B"],"character_chosen":"THE_SILENT","items_purchased":["Happy Flower"],"campfire_rested":4,"item_purchase_floors":[31],"current_hp_per_floor":[61,61,55,53,49,49,38,22,22,43,43,32,32,32,32,24,59,53,52,52,47,40,61,60,60,60,51,51,46,67,67,67,61,68,73,64,64,64,60,60,53,75,75,75,75,73,73,73,73,35],"gold":17,"neow_bonus":"REMOVE_TWO","is_prod":false,"is_daily":false,"chose_seed":false,"campfire_upgraded":7,"win_rate":0,"timestamp":1535677116,"path_taken":["M","?","?","M","M","R","E","?","T","R","?","E","?","M","R","BOSS","M","M","?","M","M","R","E","R","T","?","?","E","R","?","R","BOSS","M","M","?","?","M","R","E","R","T","R","?","M","?","?","R","BOSS"],"build_version":"2018-08-23v2","purchased_purges":0,"victory":true,"max_hp_per_floor":[70,70,70,70,70,70,70,70,70,70,70,70,70,70,70,70,70,70,70,70,70,70,70,70,70,70,70,70,70,70,70,70,70,70,75,75,75,75,75,75,75,75,75,75,75,75,75,75,75,75],"card_choices":[{"not_picked":["Deadly Poison","Escape Plan"],"picked":"Dodge and Roll","floor":1},{"not_picked":["Deadly Poison","Sucker Punch"],"picked":"Flying Knee","floor":3},{"not_picked":["Infinite Blades","Backflip"],"picked":"Dagger Throw","floor":4},{"not_picked":["Expertise","Deadly Poison"],"picked":"Skewer","floor":5},{"not_picked":["Heel Hook","Distraction"],"picked":"Prepared","floor":7},{"not_picked":["Storm of Steel","Calculated Gamble"],"picked":"Underhanded Strike","floor":12},{"not_picked":["Caltrops","Bane"],"picked":"Flying Knee","floor":14},{"not_picked":["Grand Finale","Glass Knife"],"picked":"Malaise","floor":16},{"not_picked":["Slice","Choke","Flying Knee"],"picked":"SKIP","floor":18},{"not_picked":["Outmaneuver","Slice"],"picked":"Sucker Punch","floor":19},{"not_picked":["Poisoned Stab","Deadly Poison+1"],"picked":"Dagger Throw+1","floor":21},{"not_picked":["Deadly Poison","Cloak And Dagger","Bane+1"],"picked":"SKIP","floor":22},{"not_picked":["Slice+1","Grand Finale"],"picked":"Terror","floor":24},{"not_picked":["Poisoned Stab","Prepared"],"picked":"Acrobatics+1","floor":29},{"not_picked":["A Thousand Cuts","Venomology"],"picked":"Adrenaline","floor":33},{"not_picked":["Reflex","Slice+1","Bouncing Flask+1"],"picked":"SKIP","floor":35},{"not_picked":["Dagger Throw","Riddle With Holes"],"picked":"Deflect+1","floor":36},{"not_picked":["Quick Slash","Dodge and Roll+1"],"picked":"Backstab+1","floor":38},{"not_picked":["Dodge and Roll","Bane+1"],"picked":"Venomology","floor":39},{"not_picked":["Poisoned Stab+1","Sucker Punch+1"],"picked":"Deflect+1","floor":41},{"not_picked":["Outmaneuver+1","Deadly Poison","Slice+1"],"picked":"Well Laid Plans","floor":46},{"not_picked":["Dagger Throw+1","Quick Slash+1","Cloak And Dagger+1","All Out Attack+1"],"picked":"SKIP","floor":48}],"player_experience":333598,"relics_obtained":[{"floor":7,"key":"Bottled Lightning"},{"floor":8,"key":"Odd Mushroom"},{"floor":9,"key":"Whetstone"},{"floor":11,"key":"Ornamental Fan"},{"floor":12,"key":"Art of War"},{"floor":24,"key":"Anchor"},{"floor":26,"key":"Pen Nib"},{"floor":27,"key":"Red Mask"},{"floor":29,"key":"Mercury Hourglass"},{"floor":38,"key":"Shovel"},{"floor":41,"key":"Question Card"},{"floor":43,"key":"Molten Egg 2"},{"floor":47,"key":"Bronze Scales"}],"event_choices":[{"event_name":"Purifier","player_choice":"One Purge","floor":2,"damage_taken":0},{"event_name":"Mushrooms","player_choice":"Fought Mushrooms","floor":8,"damage_taken":0},{"event_name":"The Cleric","player_choice":"Card Removal","floor":13,"damage_taken":0},{"event_name":"Drug Dealer","player_choice":"Inject Mutagens","floor":20,"damage_taken":0},{"event_name":"Masked Bandits","player_choice":"Fought Bandits","floor":27,"damage_taken":0},{"event_name":"Addict","player_choice":"Obtained Relic","floor":28,"damage_taken":0},{"event_name":"Falling","player_choice":"Removed Attack","floor":37,"damage_taken":0},{"event_name":"Mysterious Sphere","player_choice":"Fight","floor":38,"damage_taken":0},{"event_name":"Upgrade Shrine","player_choice":"Upgraded","floor":45,"damage_taken":0}],"is_beta":false,"boss_relics":[{"not_picked":["Tiny House","Calling Bell"],"picked":"Ectoplasm"},{"not_picked":["Astrolabe","Empty Cage"],"picked":"Lizard Tail"}],"items_purged_floors":[],"is_endless":false,"potions_floor_spawned":[4,7,14,21,24,29,33,35,46,48],"ascension_level":7}