{"gold_per_floor":[112,112,37,57,7,34,34,64,64,92,92,92],"floor_reached":12,"playtime":408,"items_purged":["Strike_B"],"score":252,"play_id":"4f84f5a2-9592-4360-83d4-eafcf29d3e10","local_time":"20190803191245","is_ascension_mode":true,"campfire_choices":[{"data":"Buffer","floor":7,"key":"SMITH"},{"data":"Zap","floor":11,"key":"SMITH"}],"neow_cost":"NONE","seed_source_timestamp":348946129297246,"circlet_count":0,"master_deck":["AscendersBane","Strike_B","Strike_B","Defend_B","Defend_B","Defend_B","Defend_B","Zap+1","Dualcast","Hologram","Buffer+1","Barrage","Conserve Battery","Gash","Doom and Gloom","Leap+1"],"relics":["Cracked Core","NeowsBlessing","Dodecahedron","Turnip","Toxic Egg 2","StoneCalendar"],"potions_floor_usage":[10,10],"damage_taken":[{"damage":0,"enemies":"2 Louse","floor":1,"turns":1},{"damage":0,"enemies":"Cultist","floor":4,"turns":1},{"damage":0,"enemies":"Lagavulin","floor":6,"turns":1},{"damage":46,"enemies":"3 Sentries","floor":8,"turns":11},{"damage":0,"enemies":"Gremlin Nob","floor":10,"turns":4}],"seed_played":"1670393410916932535","potions_obtained":[{"floor":6,"key":"AttackPotion"},{"floor":8,"key":"FocusPotion"}],"is_trial":false,"path_per_floor":["M","?","$","M","$","E","R","E","T","E","R","?"],"character_chosen":"DEFECT","items_purchased":["Conserve Battery"],"campfire_rested":0,"item_purchase_floors":[5],"current_hp_per_floor":[64,64,64,64,64,64,64,18,18,18,18,0],"gold":92,"neow_bonus":"THREE_ENEMY_KILL","is_prod":false,"is_daily":false,"chose_seed":false,"campfire_upgraded":2,"win_rate":0,"timestamp":1564852365,"path_taken":["M","?","$","M","?","E","R","E","T","E","R","?"],"build_version":"2019-07-17","purchased_purges":1,"victory":false,"max_hp_per_floor":[71,71,71,71,71,71,71,71,71,71,71,71],"card_choices":[{"not_picked":["Stack","Turbo"],"picked":"Hologram","floor":1},{"not_picked":["Rebound","Stack"],"picked":"Barrage","floor":4},{"not_picked":["Streamline","Coolheaded"],"picked":"Gash","floor":6},{"not_picked":["Redo","Beam Cell"],"picked":"Doom and Gloom","floor":8},{"not_picked":["Turbo+1","Barrage"],"picked":"Leap+1","floor":10}],"player_experience":709658,"relics_obtained":[{"floor":6,"key":"Dodecahedron"},{"floor":8,"key":"Turnip"},{"floor":9,"key":"Toxic Egg 2"},{"floor":10,"key":"StoneCalendar"}],"event_choices":[{"damage_healed":0,"gold_gain":0,"cards_transformed":["Strike_B"],"player_choice":"Transformed","damage_taken":0,"max_hp_gain":0,"max_hp_loss":0,"event_name":"Transmorgrifier","floor":2,"gold_loss":0,"cards_obtained":["Buffer"]}],"is_beta":false,"boss_relics":[],"items_purged_floors":[3],"is_endless":false,"potions_floor_spawned":[6,8],"ascension_level":15}