{"gold_per_floor":[114,126,126,142,68,96,115,145,168,199,209,209,235,247,247,324,324,342,71,71,90,90,90,120,152,152,152,181,197,197],"floor_reached":30,"playtime":1614,"items_purged":["Strike_B"],"score":522,"play_id":"24362654-912d-4fd5-a965-34bdb5057a9b","local_time":"20190820135214","is_ascension_mode":true,"campfire_choices":[{"data":"Defragment","floor":12.0,"key":"SMITH"},{"data":"Loop","floor":15.0,"key":"SMITH"},{"floor":23.0,"key":"REST"},{"floor":27.0,"key":"REST"}],"neow_cost":"NONE","seed_source_timestamp":325632110565239,"circlet_count":0,"master_deck":["AscendersBane","Strike_B","Strike_B","Strike_B","Defend_B","Defend_B","Defend_B","Defend_B","Zap+1","Dualcast","Leap","Ball Lightning","Hologram","Defragment+1","Hologram","Gash","Lockon","Glacier","Cold Snap","Loop+1","Biased Cognition","Genetic Algorithm","Gash","Capacitor","Force Field","Compile Driver","Coolheaded","White Noise+1"],"special_seed":0,"relics":["Cracked Core","Oddly Smooth Stone","Regal Pillow","PreservedInsect","Meat on the Bone","Orrery","OrangePellets","Tiny Chest","Ginger","Bottled Flame","Dodecahedron"],"potions_floor_usage":[30,30],"damage_taken":[{"damage":0.0,"enemies":"2 Louse","floor":1.0,"turns":2.0},{"damage":0.0,"enemies":"Cultist","floor":2.0,"turns":3.0},{"damage":2.0,"enemies":"Jaw Worm","floor":4.0,"turns":3.0},{"damage":6.0,"enemies":"Lagavulin","floor":6.0,"turns":6.0},{"damage":0.0,"enemies":"3 Louse","floor":7.0,"turns":3.0},{"damage":18.0,"enemies":"3 Sentries","floor":8.0,"turns":5.0},{"damage":6.0,"enemies":"Lagavulin","floor":10.0,"turns":6.0},{"damage":0.0,"enemies":"Blue Slaver","floor":11.0,"turns":4.0},{"damage":12.0,"enemies":"3 Sentries","floor":13.0,"turns":4.0},{"damage":7.0,"enemies":"Looter","floor":14.0,"turns":2.0},{"damage":21.0,"enemies":"The Guardian","floor":16.0,"turns":9.0},{"damage":49.0,"enemies":"2 Thieves","floor":18.0,"turns":4.0},{"damage":0.0,"enemies":"3 Byrds","floor":21.0,"turns":6.0},{"damage":32.0,"enemies":"Gremlin Leader","floor":25.0,"turns":9.0},{"damage":40.0,"enemies":"Book of Stabbing","floor":28.0,"turns":6.0},{"damage":30.0,"enemies":"Snake Plant","floor":29.0,"turns":4.0},{"damage":22,"enemies":"Gremlin Leader","floor":30,"turns":3}],"seed_played":"7173225511934238636","potions_obtained":[{"floor":1.0,"key":"Energy Potion"},{"floor":3.0,"key":"EntropicBrew"},{"floor":14.0,"key":"EssenceOfSteel"},{"floor":18.0,"key":"Swift Potion"}],"is_trial":false,"path_per_floor":["M","M","?","M","$","E","M","E","T","E","M","R","E","M","R","B",null,"M","$","?","M","?","R","T","E","T","R","E","M","E"],"character_chosen":"DEFECT","items_purchased":["Defragment","OrangePellets"],"campfire_rested":2,"item_purchase_floors":[5,19],"current_hp_per_floor":[64,64,64,62,62,56,56,38,38,32,32,32,20,25,25,16,57,20,20,20,32,12,49,49,29,29,66,38,20,0],"gold":197,"neow_bonus":"UPGRADE_CARD","is_prod":false,"is_daily":false,"chose_seed":false,"campfire_upgraded":2,"win_rate":0,"timestamp":1566301934,"path_taken":["M","M","?","?","$","E","M","E","T","E","M","R","E","M","R","BOSS","M","$","?","M","?","R","?","E","T","R","E","M","E"],"build_version":"2019-07-17","purchased_purges":1,"victory":false,"max_hp_per_floor":[71,71,71,71,71,71,71,71,71,71,71,71,71,71,71,71,71,71,71,71,71,76,76,76,76,76,76,76,76,76],"card_choices":[{"not_picked":["Tempest","Streamline"],"picked":"Leap","floor":1.0},{"not_picked":["Hologram","Compile Driver"],"picked":"Ball Lightning","floor":2.0},{"not_picked":["Beam Cell","Rebound"],"picked":"Hologram","floor":4.0},{"not_picked":["Hello World","Redo"],"picked":"Hologram","floor":6.0},{"not_picked":["Steam","Leap"],"picked":"Gash","floor":7.0},{"not_picked":["Conserve Battery","Hello World"],"picked":"Lockon","floor":8.0},{"not_picked":["Barrage","BootSequence"],"picked":"Glacier","floor":10.0},{"not_picked":["Rainbow","White Noise","Self Repair"],"picked":"SKIP","floor":11.0},{"not_picked":["Redo","Doom and Gloom"],"picked":"Cold Snap","floor":13.0},{"not_picked":["Conserve Battery","Darkness"],"picked":"Loop","floor":14.0},{"not_picked":["Buffer","Creative AI"],"picked":"Biased Cognition","floor":16.0},{"not_picked":["Fusion","Rebound"],"picked":"Genetic Algorithm","floor":17.0},{"not_picked":["Ball Lightning","Rebound"],"picked":"Gash","floor":17.0},{"not_picked":["Rip and Tear","Hologram"],"picked":"Capacitor","floor":17.0},{"not_picked":["Reinforced Body","BootSequence"],"picked":"Force Field","floor":18.0},{"not_picked":["Self Repair+1","Conserve Battery"],"picked":"Compile Driver","floor":21.0},{"not_picked":["Gash","Chaos"],"picked":"Coolheaded","floor":25.0},{"not_picked":["Rainbow","Barrage","Aggregate"],"picked":"SKIP","floor":28.0},{"not_picked":["Leap","Ball Lightning"],"picked":"White Noise+1","floor":29.0}],"player_experience":755346,"relics_obtained":[{"floor":6.0,"key":"Oddly Smooth Stone"},{"floor":8.0,"key":"Regal Pillow"},{"floor":10.0,"key":"PreservedInsect"},{"floor":13.0,"key":"Meat on the Bone"},{"floor":24.0,"key":"Tiny Chest"},{"floor":25.0,"key":"Ginger"},{"floor":26.0,"key":"Bottled Flame"},{"floor":28.0,"key":"Dodecahedron"}],"event_choices":[{"damage_healed":0.0,"max_hp_gain":0.0,"max_hp_loss":0.0,"gold_gain":0.0,"event_name":"Lab","player_choice":"Got Potions","floor":3.0,"gold_loss":0.0,"damage_taken":0.0},{"damage_healed":0.0,"max_hp_gain":0.0,"max_hp_loss":0.0,"gold_gain":0.0,"event_name":"The Mausoleum","player_choice":"Ignored","floor":20.0,"gold_loss":0.0,"damage_taken":0.0},{"damage_healed":0.0,"max_hp_gain":5.0,"max_hp_loss":0.0,"gold_gain":0.0,"event_name":"Forgotten Altar","player_choice":"Shed Blood","floor":22.0,"gold_loss":0.0,"damage_taken":25.0}],"is_beta":false,"boss_relics":[{"not_picked":["FrozenCore","Calling Bell"],"picked":"Orrery"}],"items_purged_floors":[19],"is_endless":false,"potions_floor_spawned":[1,7,14,18,28],"killed_by":"Gremlin Leader","ascension_level":15}