{"gold_per_floor":[109,123,5,5,20,20,51,70,70,84,84,97,97,108,108,108],"floor_reached":16,"playtime":852,"items_purged":["Strike_G"],"score":192,"play_id":"f18185ab-e0f3-4232-a65e-ea0d46e6261e","local_time":"20190628215555","is_ascension_mode":true,"campfire_choices":[{"floor":6,"key":"REST"},{"floor":15,"key":"REST"}],"neow_cost":"NONE","seed_source_timestamp":738779034673619,"circlet_count":0,"master_deck":["AscendersBane","Defend_G","Defend_G","Defend_G","Defend_G","Defend_G","Strike_G","Strike_G","Strike_G","Survivor","Neutralize","Deadly Poison","Backflip","Footwork","Blade Dance","Catalyst","Deadly Poison","Deflect"],"relics":["Ring of the Snake","Bronze Scales","Tough Bandages","Darkstone Periapt","Art of War"],"potions_floor_usage":[7,14,16,16],"damage_taken":[{"damage":13,"enemies":"Jaw Worm","floor":1,"turns":6},{"damage":9,"enemies":"Cultist","floor":2,"turns":5},{"damage":0,"enemies":"2 Louse","floor":5,"turns":3},{"damage":15,"enemies":"3 Sentries","floor":7,"turns":12},{"damage":16,"enemies":"Large Slime","floor":8,"turns":9},{"damage":4,"enemies":"3 Louse","floor":10,"turns":3},{"damage":0,"enemies":"2 Fungi Beasts","floor":12,"turns":4},{"damage":1,"enemies":"Large Slime","floor":14,"turns":7},{"damage":30,"enemies":"Slime Boss","floor":16,"turns":9}],"seed_played":"-8026704642005281555","potions_obtained":[{"floor":5,"key":"SkillPotion"},{"floor":7,"key":"FearPotion"},{"floor":8,"key":"SkillPotion"},{"floor":14,"key":"GamblersBrew"}],"is_trial":false,"path_per_floor":["M","M","$","?","M","R","E","M","T","M","?","M","?","M","R","B"],"character_chosen":"THE_SILENT","items_purchased":["Footwork"],"campfire_rested":2,"item_purchase_floors":[3],"current_hp_per_floor":[52,43,43,43,43,64,49,33,33,29,11,11,4,3,24,0],"gold":108,"neow_bonus":"TEN_PERCENT_HP_BONUS","is_prod":false,"is_daily":false,"chose_seed":false,"campfire_upgraded":0,"win_rate":0,"timestamp":1561773355,"path_taken":["M","M","$","?","?","R","E","M","T","M","?","M","?","M","R","BOSS"],"build_version":"2019-01-23","purchased_purges":1,"victory":false,"max_hp_per_floor":[72,72,72,72,72,72,72,72,72,72,72,72,72,72,72,72],"card_choices":[{"not_picked":["Slice","Reflex"],"picked":"Deadly Poison","floor":1},{"not_picked":["Underhanded Strike","Setup"],"picked":"Backflip","floor":2},{"not_picked":["Bane","Calculated Gamble"],"picked":"Blade Dance","floor":5},{"not_picked":["Eviscerate","Distraction"],"picked":"Catalyst","floor":7},{"not_picked":["Outmaneuver","Backflip"],"picked":"Deadly Poison","floor":8},{"not_picked":["Bane","Setup"],"picked":"Deflect","floor":10},{"not_picked":["Predator","Poisoned Stab","Flechettes"],"picked":"SKIP","floor":12},{"not_picked":["Poisoned Stab","Choke","Predator"],"picked":"SKIP","floor":14}],"player_experience":1076926,"relics_obtained":[{"floor":4,"key":"Bronze Scales"},{"floor":7,"key":"Tough Bandages"},{"floor":9,"key":"Darkstone Periapt"}],"event_choices":[{"damage_healed":0,"gold_gain":0,"player_choice":"Relic","damage_taken":0,"max_hp_gain":0,"max_hp_loss":0,"event_name":"Wheel of Change","floor":4,"gold_loss":0},{"damage_healed":0,"gold_gain":0,"player_choice":"Success","damage_taken":18,"relics_obtained":["Art of War"],"max_hp_gain":0,"max_hp_loss":0,"event_name":"Scrap Ooze","floor":11,"gold_loss":0},{"cards_removed":["Strike_G"],"damage_healed":0,"gold_gain":0,"player_choice":"Card Removal","damage_taken":7,"max_hp_gain":0,"max_hp_loss":0,"event_name":"Golden Wing","floor":13,"gold_loss":0}],"is_beta":false,"boss_relics":[],"items_purged_floors":[3],"is_endless":false,"potions_floor_spawned":[5,7,8,14],"killed_by":"Slime Boss","ascension_level":17}