{"gold_per_floor":[109,125,75,94,19,48,48,81,81,81],"floor_reached":10,"playtime":493,"items_purged":["Strike_G"],"score":122,"play_id":"c5fa978d-e1d9-4537-bafb-b2eb6040ac91","local_time":"20190604183248","is_ascension_mode":true,"campfire_choices":[{"data":"Burst","floor":7,"key":"SMITH"}],"neow_cost":"CURSE","seed_source_timestamp":1268367601440787,"circlet_count":0,"master_deck":["AscendersBane","Defend_G","Defend_G","Defend_G","Defend_G","Defend_G","Strike_G","Strike_G","Strike_G","Strike_G","Survivor","Neutralize","Burst+1","Dagger Spray","Bouncing Flask","Dodge and Roll","Crippling Poison","Blade Dance"],"relics":["Ring of the Snake","Dodecahedron","Ornamental Fan","The Courier"],"potions_floor_usage":[8,10],"damage_taken":[{"damage":4,"enemies":"Cultist","floor":1,"turns":5},{"damage":0,"enemies":"2 Louse","floor":2,"turns":4},{"damage":4,"enemies":"Small Slimes","floor":4,"turns":5},{"damage":25,"enemies":"Lagavulin","floor":6,"turns":8},{"damage":25,"enemies":"Gremlin Nob","floor":8,"turns":4},{"damage":9,"enemies":"Lagavulin","floor":10,"turns":5}],"seed_played":"2078134430860020793","potions_obtained":[{"floor":1,"key":"SpeedPotion"},{"floor":6,"key":"Poison Potion"}],"is_trial":false,"path_per_floor":["M","M","?","M","$","E","R","E","T","E"],"character_chosen":"THE_SILENT","items_purchased":[],"campfire_rested":0,"item_purchase_floors":[],"current_hp_per_floor":[59,59,59,55,55,30,30,5,5,0],"gold":81,"neow_bonus":"THREE_RARE_CARDS","is_prod":false,"is_daily":false,"chose_seed":false,"campfire_upgraded":1,"win_rate":0,"timestamp":1559687568,"path_taken":["M","?","?","M","$","E","R","E","T","E"],"build_version":"2019-01-23","purchased_purges":1,"victory":false,"max_hp_per_floor":[70,70,70,70,70,70,70,70,70,70],"card_choices":[{"not_picked":["Storm of Steel","Doppelganger"],"picked":"Burst","floor":0},{"not_picked":["Dodge and Roll","Infinite Blades"],"picked":"Dagger Spray","floor":1},{"not_picked":["Cloak And Dagger","Quick Slash"],"picked":"Bouncing Flask","floor":2},{"not_picked":["Finisher","Slice"],"picked":"Dodge and Roll","floor":4},{"not_picked":["Tools of the Trade","Deadly Poison"],"picked":"Crippling Poison","floor":6},{"not_picked":["Underhanded Strike","Tactician"],"picked":"Blade Dance","floor":8}],"player_experience":968983,"relics_obtained":[{"floor":6,"key":"Dodecahedron"},{"floor":8,"key":"Ornamental Fan"},{"floor":9,"key":"The Courier"}],"event_choices":[{"cards_removed":["Injury"],"damage_healed":0,"gold_gain":0,"player_choice":"Card Removal","damage_taken":0,"max_hp_gain":0,"max_hp_loss":0,"event_name":"The Cleric","floor":3,"gold_loss":50}],"is_beta":false,"boss_relics":[],"items_purged_floors":[5],"is_endless":false,"potions_floor_spawned":[1,6],"killed_by":"Lagavulin","ascension_level":12}