{"gold_per_floor":[10,23,123,138,138,173,173,205,205,266,266,276,326,359,359,437,437,451,43,54,73,123,123,154,154,180,206,55,105,136,205,205,284,284,303,353,419,744,756,781,781,809,809,869,894,894,922,940,940,940,940,940,193,224,224],"floor_reached":56,"playtime":6099,"items_purged":["Strike_R"],"score":2238,"play_id":"df489abe-62a8-4b62-98e5-7246d4618ee8","local_time":"20190629214845","is_ascension_mode":true,"campfire_choices":[{"data":"Bash","floor":7.0,"key":"SMITH"},{"floor":11.0,"key":"REST"},{"data":"Metallicize","floor":15.0,"key":"SMITH"},{"data":"Fiend Fire","floor":23.0,"key":"SMITH"},{"data":"Shockwave","floor":25.0,"key":"SMITH"},{"data":"Metallicize","floor":32.0,"key":"SMITH"},{"data":"Uppercut","floor":41,"key":"SMITH"},{"floor":46,"key":"RECALL"},{"floor":49,"key":"DIG"},{"floor":52,"key":"DIG"}],"neow_cost":"NO_GOLD","seed_source_timestamp":502207417739394,"circlet_count":0,"master_deck":["AscendersBane","Strike_R","Strike_R","Defend_R","Defend_R","Defend_R","Defend_R","Bash+1","Headbutt","Armaments","Metallicize+1","Metallicize+1","Fiend Fire+1","Clothesline","Feel No Pain","Battle Trance+1","Feel No Pain","Shockwave+1","Feel No Pain","Clothesline+1","Shrug It Off","Barricade","Uppercut+1","Flame Barrier","Corruption","Metallicize","Clothesline"],"special_seed":0,"relics":["Burning Blood","FossilizedHelix","SsserpentHead","Blue Candle","Question Card","Mummified Hand","Charon\u0027s Ashes","Snecko Eye","Centennial Puzzle","Pen Nib","Unceasing Top","Omamori","Regal Pillow","Bronze Scales","Happy Flower","Sozu","Shuriken","Vajra","Shovel","Potion Belt","Anchor","Self Forming Clay","Bottled Lightning","Bottled Flame","Sling","Paper Frog"],"potions_floor_usage":[55,55],"damage_taken":[{"damage":0.0,"enemies":"Cultist","floor":1.0,"turns":4.0},{"damage":0.0,"enemies":"2 Louse","floor":2.0,"turns":3.0},{"damage":0.0,"enemies":"Jaw Worm","floor":4.0,"turns":3.0},{"damage":36.0,"enemies":"Gremlin Nob","floor":6.0,"turns":5.0},{"damage":32.0,"enemies":"Lagavulin","floor":8.0,"turns":8.0},{"damage":0.0,"enemies":"Large Slime","floor":10.0,"turns":4.0},{"damage":2.0,"enemies":"3 Louse","floor":12.0,"turns":3.0},{"damage":23.0,"enemies":"3 Sentries","floor":14.0,"turns":9.0},{"damage":25.0,"enemies":"Hexaghost","floor":16.0,"turns":13.0},{"damage":0.0,"enemies":"Spheric Guardian","floor":18.0,"turns":1.0},{"damage":0.0,"enemies":"2 Thieves","floor":20.0,"turns":2.0},{"damage":0.0,"enemies":"Snecko","floor":21.0,"turns":4.0},{"damage":0.0,"enemies":"Slavers","floor":24.0,"turns":5.0},{"damage":5.0,"enemies":"Gremlin Leader","floor":27.0,"turns":4.0},{"damage":15.0,"enemies":"Slavers","floor":30.0,"turns":14.0},{"damage":0.0,"enemies":"3 Cultists","floor":31.0,"turns":3.0},{"damage":26.0,"enemies":"Champ","floor":33.0,"turns":14.0},{"damage":0.0,"enemies":"3 Darklings","floor":35.0,"turns":5.0},{"damage":0,"enemies":"Orb Walker","floor":37,"turns":3},{"damage":0,"enemies":"Writhing Mass","floor":39,"turns":6},{"damage":12,"enemies":"Reptomancer","floor":40,"turns":4},{"damage":0,"enemies":"Nemesis","floor":42,"turns":5},{"damage":0,"enemies":"Sphere and 2 Shapes","floor":44,"turns":3},{"damage":0,"enemies":"Giant Head","floor":45,"turns":8},{"damage":5,"enemies":"Nemesis","floor":47,"turns":5},{"damage":0,"enemies":"Maw","floor":48,"turns":6},{"damage":26,"enemies":"Time Eater","floor":50,"turns":10},{"damage":7,"enemies":"Shield and Spear","floor":54,"turns":6},{"damage":47,"enemies":"The Heart","floor":55,"turns":9}],"seed_played":"-3920867794139207792","potions_obtained":[{"floor":2.0,"key":"Weak Potion"},{"floor":8.0,"key":"EssenceOfSteel"},{"floor":14.0,"key":"Swift Potion"}],"is_trial":false,"path_per_floor":["M","M","?","M","?","E","R","E","T","M","R","M","?","E","R","B",null,"M","$","M","M","?","R","E","R","T","E","$","?","E","M","R","B",null,"M","?","M","?","M","E","R","E","T","M","E","R","E","M","R","B",null,"R","$","E","B",null],"character_chosen":"IRONCLAD","items_purchased":["Centennial Puzzle","Pen Nib","Feel No Pain","Bronze Scales","Bottled Lightning","Bottled Flame","Sling","Clothesline"],"campfire_rested":1,"item_purchase_floors":[19,19,19,28,53,53,53,53],"current_hp_per_floor":[74,75,75,75,75,45,45,19,19,25,47,51,44,27,27,8,58,64,64,70,75,75,75,75,75,75,75,75,71,62,68,68,48,68,74,74,75,75,75,69,69,75,75,75,75,75,75,75,75,55,70,70,70,69,28],"gold":224,"neow_bonus":"ONE_RARE_RELIC","is_prod":false,"is_daily":false,"chose_seed":false,"campfire_upgraded":6,"win_rate":0,"timestamp":1561837725,"path_taken":["M","M","?","?","?","E","R","E","T","?","R","M","?","E","R","BOSS","M","$","M","M","?","R","E","R","T","E","$","?","E","?","R","BOSS","M","?","?","?","M","E","R","E","T","?","E","R","E","M","R","BOSS","R","$","E","BOSS"],"build_version":"2019-01-23","purchased_purges":1,"victory":true,"max_hp_per_floor":[75,75,75,75,75,75,75,75,75,75,75,75,75,75,75,75,75,75,75,75,75,75,75,75,75,75,75,75,75,75,75,75,75,75,75,75,75,75,75,75,75,75,75,75,75,75,75,75,75,75,75,75,75,75,75],"card_choices":[{"not_picked":["Cleave","Havoc"],"picked":"Headbutt","floor":1.0},{"not_picked":["Burning Pact","Perfected Strike"],"picked":"Armaments","floor":2.0},{"not_picked":["Wild Strike","Cleave","Warcry"],"picked":"SKIP","floor":4.0},{"not_picked":["Combust","Pummel","Warcry"],"picked":"SKIP","floor":6.0},{"not_picked":["Power Through","Entrench","Sever Soul"],"picked":"SKIP","floor":8.0},{"not_picked":["Flex","Wild Strike","Sword Boomerang"],"picked":"Anger","floor":10.0},{"not_picked":["Heavy Blade","Brutality","Shockwave"],"picked":"Metallicize","floor":12.0},{"not_picked":["Clothesline","Anger","Seeing Red"],"picked":"Metallicize","floor":14.0},{"not_picked":["Reaper","Immolate","Offering"],"picked":"Fiend Fire","floor":16.0},{"not_picked":["Blood for Blood","Headbutt","Clash"],"picked":"Clothesline","floor":18.0},{"not_picked":["Twin Strike","Intimidate","Rampage"],"picked":"Battle Trance+1","floor":20.0},{"not_picked":["Entrench+1","Seeing Red+1","Wild Strike"],"picked":"Feel No Pain","floor":21.0},{"not_picked":["Iron Wave","Ghostly Armor","Intimidate","Sword Boomerang"],"picked":"SKIP","floor":24.0},{"not_picked":["Havoc","Body Slam","Limit Break"],"picked":"Clothesline+1","floor":27.0},{"not_picked":["Intimidate","Blood for Blood","Pommel Strike+1","Burning Pact"],"picked":"SKIP","floor":30.0},{"not_picked":["Twin Strike","Flex","Second Wind"],"picked":"Shrug It Off","floor":31.0},{"not_picked":["Double Tap","Offering","Brutality"],"picked":"Barricade","floor":33.0},{"not_picked":["Evolve","Perfected Strike+1","Bloodletting","Thunderclap"],"picked":"SKIP","floor":35.0},{"not_picked":["Clash","True Grit","Havoc"],"picked":"Flame Barrier","floor":37},{"not_picked":["Evolve","Havoc","Shrug It Off"],"picked":"Corruption","floor":39},{"not_picked":["Headbutt","Armaments","Dropkick+1","Fiend Fire"],"picked":"SKIP","floor":40},{"not_picked":["Wild Strike+1","Dual Wield","Infernal Blade","Second Wind"],"picked":"SKIP","floor":42},{"not_picked":["Whirlwind","Dual Wield","Pommel Strike+1","Rupture"],"picked":"SKIP","floor":44},{"not_picked":["Warcry","Sword Boomerang+1","Intimidate+1","Hemokinesis"],"picked":"SKIP","floor":45},{"not_picked":["Body Slam","Wild Strike+1","Cleave"],"picked":"Metallicize","floor":47},{"not_picked":["Combust","Hemokinesis","Corruption","Sword Boomerang"],"picked":"SKIP","floor":48},{"not_picked":["Second Wind+1","Perfected Strike+1","Havoc","Cleave"],"picked":"SKIP","floor":54}],"player_experience":595938,"relics_obtained":[{"floor":6.0,"key":"Blue Candle"},{"floor":8.0,"key":"Question Card"},{"floor":9.0,"key":"Mummified Hand"},{"floor":14.0,"key":"Charon\u0027s Ashes"},{"floor":24.0,"key":"Unceasing Top"},{"floor":26.0,"key":"Omamori"},{"floor":27.0,"key":"Regal Pillow"},{"floor":30.0,"key":"Happy Flower"},{"floor":40,"key":"Shuriken"},{"floor":42,"key":"Vajra"},{"floor":45,"key":"Shovel"},{"floor":47,"key":"Potion Belt"},{"floor":49,"key":"Anchor"},{"floor":52,"key":"Self Forming Clay"},{"floor":54,"key":"Paper Frog"}],"event_choices":[{"damage_healed":0.0,"max_hp_gain":0.0,"max_hp_loss":0.0,"gold_gain":100.0,"event_name":"Wheel of Change","player_choice":"Gold","floor":3.0,"gold_loss":0.0,"damage_taken":0.0},{"damage_healed":0.0,"max_hp_gain":0.0,"max_hp_loss":0.0,"gold_gain":0.0,"event_name":"FaceTrader","player_choice":"Trade","floor":5.0,"gold_loss":0.0,"damage_taken":0.0,"relics_obtained":["SsserpentHead"]},{"cards_removed":["Strike_R"],"damage_healed":0.0,"max_hp_gain":0.0,"max_hp_loss":0.0,"gold_gain":0.0,"event_name":"Golden Wing","player_choice":"Card Removal","floor":13.0,"gold_loss":0.0,"damage_taken":7.0},{"damage_healed":0.0,"max_hp_gain":0.0,"max_hp_loss":0.0,"gold_gain":0.0,"cards_transformed":["Strike_R","Anger"],"event_name":"Drug Dealer","player_choice":"Became Test Subject","floor":22.0,"gold_loss":0.0,"damage_taken":0.0,"cards_obtained":["Shockwave","Feel No Pain"]},{"damage_healed":0.0,"max_hp_gain":0.0,"max_hp_loss":0.0,"gold_gain":0.0,"event_name":"The Woman in Blue","player_choice":"Bought 0 Potions","floor":29.0,"gold_loss":0.0,"damage_taken":0.0},{"damage_healed":0,"gold_gain":0,"player_choice":"1 cards matched","damage_taken":0,"max_hp_gain":0,"max_hp_loss":0,"event_name":"Match and Keep!","floor":36,"gold_loss":0,"cards_obtained":["Uppercut"]},{"damage_healed":0,"gold_gain":275,"player_choice":"Desecrate","damage_taken":0,"max_hp_gain":0,"max_hp_loss":0,"event_name":"Golden Shrine","floor":38,"gold_loss":0,"cards_obtained":["Regret"]}],"is_beta":false,"boss_relics":[{"not_picked":["Coffee Dripper","Calling Bell"],"picked":"Snecko Eye"},{"not_picked":["Runic Dome","Pandora\u0027s Box"],"picked":"Sozu"}],"items_purged_floors":[19],"is_endless":false,"potions_floor_spawned":[2,8,14,24,27,30,33,37,39,45,48,54],"ascension_level":15}