{"gold_per_floor":[114,39,49,49,49,49,87,87,114,154,169,169,193,211,211,301,301,322,55,55,76,76],"floor_reached":22,"playtime":1049,"items_purged":["Doubt","Strike_B"],"score":388,"play_id":"edb43750-34e1-49af-a03e-4c285f1498a8","local_time":"20190609121135","is_ascension_mode":true,"campfire_choices":[{"data":"Streamline","floor":6.0,"key":"SMITH"},{"floor":8.0,"key":"REST"},{"floor":12.0,"key":"REST"},{"floor":15.0,"key":"REST"}],"neow_cost":"CURSE","seed_source_timestamp":740769396887162,"circlet_count":0,"master_deck":["AscendersBane","Strike_B","Strike_B","Strike_B","Defend_B","Defend_B","Defend_B","Defend_B","Zap","Dualcast","Reboot","Streamline+1","Genetic Algorithm","Steam","Defragment","Conserve Battery","Loop","White Noise","BootSequence","Ball Lightning","Coolheaded","Capacitor","Sunder"],"special_seed":0,"relics":["Cracked Core","Golden Idol","FaceOfCleric","Lantern","Pen Nib","DataDisk","Orrery"],"potions_floor_usage":[21],"damage_taken":[{"damage":7.0,"enemies":"Jaw Worm","floor":1.0,"turns":2.0},{"damage":6.0,"enemies":"Cultist","floor":3.0,"turns":3.0},{"damage":25.0,"enemies":"Lagavulin","floor":7.0,"turns":6.0},{"damage":39.0,"enemies":"3 Sentries","floor":10.0,"turns":8.0},{"damage":2.0,"enemies":"2 Louse","floor":11.0,"turns":3.0},{"damage":4.0,"enemies":"Exordium Wildlife","floor":13.0,"turns":4.0},{"damage":0.0,"enemies":"2 Fungi Beasts","floor":14.0,"turns":3.0},{"damage":22.0,"enemies":"Slime Boss","floor":16.0,"turns":6.0},{"damage":19.0,"enemies":"Chosen","floor":18.0,"turns":5.0},{"damage":37,"enemies":"2 Thieves","floor":21,"turns":4}],"seed_played":"7495056567133494180","potions_obtained":[{"floor":1.0,"key":"Explosive Potion"},{"floor":11.0,"key":"Regen Potion"},{"floor":14.0,"key":"PowerPotion"},{"floor":21,"key":"SkillPotion"}],"is_trial":false,"path_per_floor":["M","$","M","?","?","R","E","R","T","E","M","R","M","M","R","B",null,"M","$","?","M","?"],"character_chosen":"DEFECT","items_purchased":["Capacitor","Sunder"],"campfire_rested":3,"item_purchase_floors":[19,19],"current_hp_per_floor":[57,57,51,51,51,51,27,46,46,8,7,27,24,25,45,24,59,41,41,41,17,0],"gold":76,"neow_bonus":"THREE_RARE_CARDS","is_prod":false,"is_daily":false,"chose_seed":false,"campfire_upgraded":1,"win_rate":0,"timestamp":1560075095,"path_taken":["M","$","M","?","?","R","E","R","T","E","M","R","?","M","R","BOSS","M","$","?","M","?"],"build_version":"2019-01-23","purchased_purges":2,"victory":false,"max_hp_per_floor":[71,71,71,64,64,64,65,65,65,66,67,67,68,69,69,70,70,71,71,71,72,72],"card_choices":[{"not_picked":["Machine Learning","Thunder Strike"],"picked":"Reboot","floor":0.0},{"not_picked":["Turbo","Hologram"],"picked":"Streamline","floor":1.0},{"not_picked":["Hologram","Sweeping Beam"],"picked":"Genetic Algorithm","floor":3.0},{"not_picked":["Stack","Steam Power"],"picked":"Steam","floor":7.0},{"not_picked":["Rebound","Consume"],"picked":"Defragment","floor":10.0},{"not_picked":["Streamline","Meteor Strike"],"picked":"Conserve Battery","floor":11.0},{"not_picked":["Cold Snap","Steam"],"picked":"Loop","floor":13.0},{"not_picked":["Go for the Eyes","Recycle"],"picked":"White Noise","floor":14.0},{"not_picked":["Rip and Tear","Auto Shields"],"picked":"BootSequence","floor":17.0},{"not_picked":["Conserve Battery","Steam"],"picked":"Ball Lightning","floor":17.0},{"not_picked":["Beam Cell","Lockon"],"picked":"Coolheaded","floor":17.0},{"not_picked":["Go for the Eyes","Leap","Stack"],"picked":"SKIP","floor":18.0},{"not_picked":["Redo","Rebound","Skim"],"picked":"SKIP","floor":21}],"player_experience":486941,"relics_obtained":[{"floor":7.0,"key":"Lantern"},{"floor":9.0,"key":"Pen Nib"},{"floor":10.0,"key":"DataDisk"}],"event_choices":[{"damage_healed":0.0,"max_hp_gain":0.0,"max_hp_loss":7.0,"gold_gain":0.0,"event_name":"Golden Idol","player_choice":"Lose Max HP","floor":4.0,"gold_loss":0.0,"damage_taken":0.0,"relics_obtained":["Golden Idol"]},{"damage_healed":0.0,"max_hp_gain":0.0,"max_hp_loss":0.0,"gold_gain":0.0,"event_name":"FaceTrader","player_choice":"Trade","floor":5.0,"gold_loss":0.0,"damage_taken":0.0,"relics_obtained":["FaceOfCleric"]},{"damage_healed":0.0,"max_hp_gain":0.0,"max_hp_loss":0.0,"gold_gain":0.0,"event_name":"Ghosts","player_choice":"Ignored","floor":20.0,"gold_loss":0.0,"damage_taken":0.0}],"is_beta":false,"boss_relics":[{"not_picked":["Nuclear Battery","Pandora\u0027s Box"],"picked":"Orrery"}],"items_purged_floors":[2,19],"is_endless":false,"potions_floor_spawned":[1,11,14,21],"ascension_level":20}