{"gold_per_floor":[110,57,57,69,81,81,113,144,144,171,202,214,245,275,287,377,389,418,430,473,485],"floor_reached":21,"playtime":1198,"items_purged":[],"score":392,"play_id":"a345c863-2c4f-48ca-952f-58e9bb4351c8","local_time":"20190725222446","is_ascension_mode":true,"campfire_choices":[{"data":"Zap","floor":6.0,"key":"SMITH"},{"data":"Sweeping Beam","floor":12.0,"key":"SMITH"},{"data":"Sweeping Beam","floor":15.0,"key":"SMITH"}],"neow_cost":"NONE","seed_source_timestamp":272983799425987,"circlet_count":0,"master_deck":["AscendersBane","Zap+1","Dualcast","All For One","Self Repair","Beam Cell","Steam","Auto Shields","Rebound","Steam","White Noise","Sweeping Beam+1","Sweeping Beam+1","Cold Snap","Core Surge","All For One","Gash","Rip and Tear","Undo","Double Energy","Loop","Static Discharge","Melter","Writhe","Gash"],"special_seed":0,"relics":["Cracked Core","WingedGreaves","Sundial","Gambling Chip","MawBank","Pandora\u0027s Box","Smiling Mask"],"potions_floor_usage":[],"damage_taken":[{"damage":4.0,"enemies":"Jaw Worm","floor":1.0,"turns":4.0},{"damage":1.0,"enemies":"Cultist","floor":4.0,"turns":3.0},{"damage":2.0,"enemies":"Small Slimes","floor":5.0,"turns":4.0},{"damage":13.0,"enemies":"Lagavulin","floor":7.0,"turns":7.0},{"damage":26.0,"enemies":"3 Sentries","floor":8.0,"turns":8.0},{"damage":5.0,"enemies":"Gremlin Nob","floor":10.0,"turns":3.0},{"damage":2.0,"enemies":"Blue Slaver","floor":11.0,"turns":3.0},{"damage":0.0,"enemies":"Looter","floor":13.0,"turns":2.0},{"damage":14.0,"enemies":"Red Slaver","floor":14.0,"turns":4.0},{"damage":52.0,"enemies":"Slime Boss","floor":16.0,"turns":9.0},{"damage":22.0,"enemies":"2 Thieves","floor":18.0,"turns":2.0},{"damage":26.0,"enemies":"Shell Parasite","floor":20.0,"turns":4.0},{"damage":7,"enemies":"Snake Plant","floor":21,"turns":1}],"seed_played":"6167088410909811916","potions_obtained":[{"floor":1.0,"key":"Energy Potion"},{"floor":3.0,"key":"LiquidBronze"},{"floor":3.0,"key":"EssenceOfSteel"},{"floor":5.0,"key":"Fire Potion"},{"floor":10.0,"key":"Strength Potion"},{"floor":13.0,"key":"Explosive Potion"}],"is_trial":false,"path_per_floor":["M","$","?","M","M","R","E","E","T","E","M","R","M","M","R","B",null,"M","?","M","M"],"character_chosen":"DEFECT","items_purchased":["Beam Cell"],"campfire_rested":0,"item_purchase_floors":[2],"current_hp_per_floor":[60,60,60,66,71,71,65,46,46,48,53,53,60,53,53,8,55,33,33,7,0],"gold":485,"neow_bonus":"TRANSFORM_CARD","is_prod":false,"is_daily":false,"chose_seed":false,"campfire_upgraded":3,"win_rate":0,"timestamp":1564107886,"path_taken":["M","$","?","M","?","R","E","E","T","E","M","R","M","M","R","BOSS","M","?","M","M"],"build_version":"2019-07-17","purchased_purges":0,"victory":false,"max_hp_per_floor":[71,71,71,71,71,71,71,71,71,71,71,71,71,71,71,71,71,71,71,71,71],"card_choices":[{"not_picked":["Chaos","Compile Driver"],"picked":"Self Repair","floor":1.0},{"not_picked":["Compile Driver","Stack"],"picked":"Steam","floor":4.0},{"not_picked":["Go for the Eyes","Leap"],"picked":"Auto Shields","floor":5.0},{"not_picked":["Heatsinks","Barrage"],"picked":"Rebound","floor":7.0},{"not_picked":["BootSequence","Redo"],"picked":"Steam","floor":8.0},{"not_picked":["Ball Lightning","Steam"],"picked":"White Noise","floor":10.0},{"not_picked":["Barrage","Streamline"],"picked":"Sweeping Beam","floor":11.0},{"not_picked":["Reboot","Recycle"],"picked":"Sweeping Beam","floor":13.0},{"not_picked":["Reprogram","Sweeping Beam"],"picked":"Cold Snap","floor":14.0},{"not_picked":["Electrodynamics","Amplify"],"picked":"Core Surge","floor":16.0},{"not_picked":["Hologram","Barrage+1"],"picked":"Melter","floor":18.0},{"not_picked":["Barrage","Turbo"],"picked":"Gash","floor":20}],"player_experience":1159759,"relics_obtained":[{"floor":7.0,"key":"WingedGreaves"},{"floor":8.0,"key":"Sundial"},{"floor":9.0,"key":"Gambling Chip"},{"floor":10.0,"key":"MawBank"}],"event_choices":[{"damage_healed":0.0,"max_hp_gain":0.0,"max_hp_loss":0.0,"gold_gain":0.0,"event_name":"Lab","player_choice":"Got Potions","floor":3.0,"gold_loss":0.0,"damage_taken":0.0},{"damage_healed":0.0,"max_hp_gain":0.0,"max_hp_loss":0.0,"gold_gain":0.0,"event_name":"The Mausoleum","player_choice":"Opened","floor":19.0,"gold_loss":0.0,"damage_taken":0.0,"relics_obtained":["Smiling Mask"],"cards_obtained":["Writhe"]}],"is_beta":false,"boss_relics":[{"not_picked":["Philosopher\u0027s Stone","Snecko Eye"],"picked":"Pandora\u0027s Box"}],"items_purged_floors":[],"is_endless":false,"potions_floor_spawned":[1,5,10,13],"killed_by":"Snake Plant","ascension_level":19}