{"gold_per_floor":[115,115,190,210,210,210,248,273,273,286,301,341,366,403,415,552,564,594,606,639,669,696,747,774,786,798,810,822,834,879,911,923,935],"floor_reached":33,"playtime":1888,"items_purged":[],"score":351,"play_id":"021426eb-b242-4889-96d2-36ed4c1dd627","local_time":"20190528185127","is_ascension_mode":false,"campfire_choices":[{"data":"Bash","floor":6.0,"key":"SMITH"},{"data":"Spot Weakness","floor":15.0,"key":"SMITH"},{"data":"Demon Form","floor":25,"key":"SMITH"},{"data":"Demon Form","floor":29,"key":"SMITH"},{"floor":32,"key":"REST"}],"neow_cost":"NONE","seed_source_timestamp":0,"circlet_count":0,"master_deck":["Bash+1","Iron Wave","Disarm","Rampage","Whirlwind","Shrug It Off","Spot Weakness+1","Offering","Demon Form+1","Feed","Bludgeon","Demon Form+1","Anger","Entrench","Exhume","Headbutt","Second Wind","Armaments","Feed","Flame Barrier","Flame Barrier","Twin Strike+1","Corruption","Barricade","Battle Trance"],"special_seed":0,"relics":["Burning Blood","NeowsBlessing","Charon\u0027s Ashes","Golden Idol","Meat on the Bone","Dodecahedron","MawBank","Pandora\u0027s Box","Dream Catcher","Question Card","Bag of Preparation"],"potions_floor_usage":[23,33],"damage_taken":[{"damage":0.0,"enemies":"Small Slimes","floor":1.0,"turns":1.0},{"damage":0.0,"enemies":"2 Louse","floor":4.0,"turns":1.0},{"damage":0.0,"enemies":"3 Sentries","floor":7.0,"turns":1.0},{"damage":6.0,"enemies":"Jaw Worm","floor":8.0,"turns":3.0},{"damage":17.0,"enemies":"Exordium Thugs","floor":10.0,"turns":7.0},{"damage":14.0,"enemies":"Lots of Slimes","floor":11.0,"turns":5.0},{"damage":24.0,"enemies":"Gremlin Nob","floor":12.0,"turns":5.0},{"damage":5.0,"enemies":"Blue Slaver","floor":13.0,"turns":4.0},{"damage":14.0,"enemies":"Large Slime","floor":14.0,"turns":5.0},{"damage":46.0,"enemies":"The Guardian","floor":16.0,"turns":15.0},{"damage":14,"enemies":"2 Thieves","floor":18,"turns":3},{"damage":27,"enemies":"Spheric Guardian","floor":20,"turns":4},{"damage":51,"enemies":"Snake Plant","floor":21,"turns":6},{"damage":13,"enemies":"Centurion and Healer","floor":22,"turns":8},{"damage":44,"enemies":"Gremlin Leader","floor":23,"turns":7},{"damage":18,"enemies":"Chosen and Byrds","floor":24,"turns":8},{"damage":17,"enemies":"Book of Stabbing","floor":30,"turns":9},{"damage":25,"enemies":"3 Cultists","floor":31,"turns":5},{"damage":48,"enemies":"Automaton","floor":33,"turns":4}],"seed_played":"3015748223352703038","potions_obtained":[{"floor":4.0,"key":"Dexterity Potion"},{"floor":11.0,"key":"Dexterity Potion"},{"floor":12.0,"key":"Weak Potion"},{"floor":20,"key":"BloodPotion"},{"floor":21,"key":"SteroidPotion"},{"floor":23,"key":"EssenceOfSteel"},{"floor":31,"key":"SteroidPotion"}],"is_trial":false,"path_per_floor":["M","?","?","M","?","R","E","M","T","M","M","E","M","M","R","B",null,"M","?","M","M","M","E","M","R","T","$","?","R","E","M","R","B"],"character_chosen":"IRONCLAD","items_purchased":[],"campfire_rested":1,"item_purchase_floors":[],"current_hp_per_floor":[80,68,57,63,43,43,49,49,49,50,54,48,49,53,53,25,80,75,75,54,25,36,19,22,22,22,22,22,22,26,19,48,0],"gold":935,"neow_bonus":"THREE_ENEMY_KILL","is_prod":false,"is_daily":false,"chose_seed":false,"campfire_upgraded":4,"win_rate":0,"timestamp":1559062287,"path_taken":["M","?","?","M","?","R","E","M","T","M","?","E","M","M","R","BOSS","M","?","?","M","M","E","M","R","T","$","?","R","E","M","R","BOSS"],"build_version":"2019-01-23","purchased_purges":0,"victory":false,"max_hp_per_floor":[80,80,80,80,80,80,80,80,80,80,80,80,80,80,80,80,80,83,83,83,87,93,93,96,96,96,96,96,96,99,99,99,99],"card_choices":[{"not_picked":["Flex","Clash"],"picked":"Iron Wave","floor":1.0},{"not_picked":["Dropkick","Cleave"],"picked":"Disarm","floor":4.0},{"not_picked":["Cleave","Double Tap"],"picked":"Rampage","floor":7.0},{"not_picked":["Evolve","Flex","Wild Strike"],"picked":"SKIP","floor":8.0},{"not_picked":["Iron Wave","Wild Strike"],"picked":"Whirlwind","floor":10.0},{"not_picked":["Anger","Intimidate"],"picked":"Shrug It Off","floor":11.0},{"not_picked":["Seeing Red","Twin Strike","Sever Soul"],"picked":"SKIP","floor":12.0},{"not_picked":["Body Slam","Clash"],"picked":"Spot Weakness","floor":13.0},{"not_picked":["Clothesline","Rupture"],"picked":"Offering","floor":14.0},{"not_picked":["Limit Break","Bludgeon"],"picked":"Demon Form","floor":16.0},{"not_picked":["Perfected Strike+1","Fire Breathing","Reckless Charge"],"picked":"SKIP","floor":18},{"not_picked":["Anger","Havoc+1","Flex"],"picked":"SKIP","floor":20},{"not_picked":["Anger+1","Corruption"],"picked":"Flame Barrier","floor":21},{"not_picked":["Sever Soul","Clothesline"],"picked":"Flame Barrier","floor":22},{"not_picked":["True Grit","Bloodletting+1","Seeing Red"],"picked":"SKIP","floor":23},{"not_picked":["Fire Breathing","Combust+1"],"picked":"Twin Strike+1","floor":24},{"not_picked":["Clothesline","Ghostly Armor","Heavy Blade"],"picked":"Corruption","floor":30},{"not_picked":["Warcry","Havoc","Headbutt"],"picked":"Barricade","floor":31},{"not_picked":["Headbutt","Heavy Blade","Inflame"],"picked":"Battle Trance","floor":32}],"player_experience":364130,"relics_obtained":[{"floor":7.0,"key":"Meat on the Bone"},{"floor":9.0,"key":"Dodecahedron"},{"floor":12.0,"key":"MawBank"},{"floor":23,"key":"Dream Catcher"},{"floor":26,"key":"Question Card"},{"floor":30,"key":"Bag of Preparation"}],"event_choices":[{"damage_healed":0.0,"max_hp_gain":0.0,"max_hp_loss":0.0,"gold_gain":0.0,"event_name":"Scrap Ooze","player_choice":"Success","floor":2.0,"gold_loss":0.0,"damage_taken":12.0,"relics_obtained":["Charon\u0027s Ashes"]},{"damage_healed":0.0,"max_hp_gain":0.0,"max_hp_loss":0.0,"gold_gain":75.0,"event_name":"World of Goop","player_choice":"Gather Gold","floor":3.0,"gold_loss":0.0,"damage_taken":11.0},{"damage_healed":0.0,"max_hp_gain":0.0,"max_hp_loss":0.0,"gold_gain":0.0,"event_name":"Golden Idol","player_choice":"Take Damage","floor":5.0,"gold_loss":0.0,"damage_taken":20.0,"relics_obtained":["Golden Idol"]},{"damage_healed":0,"gold_gain":0,"player_choice":"Copied","damage_taken":0,"max_hp_gain":0,"max_hp_loss":0,"event_name":"Duplicator","floor":19,"gold_loss":0,"cards_obtained":["Feed"]},{"damage_healed":0,"gold_gain":0,"player_choice":"Ignored","damage_taken":0,"max_hp_gain":0,"max_hp_loss":0,"event_name":"Vampires","floor":28,"gold_loss":0}],"is_beta":false,"boss_relics":[{"not_picked":["Runic Pyramid","Eternal Feather"],"picked":"Pandora\u0027s Box"}],"items_purged_floors":[],"is_endless":false,"potions_floor_spawned":[4,11,12,14,20,21,23,31],"killed_by":"Automaton","ascension_level":0}