{"gold_per_floor":[115,115,130,40,40,40,70,70,94,6,16,35,64,14,14,92,92,103,123,123,142,142,175,175,189,243,265,277,339,362,404,416,428],"floor_reached":33,"playtime":1248,"items_purged":["Strike_B"],"score":561,"play_id":"91c99772-3226-447e-87f1-00bba3b239ab","local_time":"20190704173306","is_ascension_mode":true,"campfire_choices":[{"floor":6.0,"key":"REST"},{"data":"Defragment","floor":15.0,"key":"SMITH"},{"data":"Thunder Strike","floor":24.0,"key":"SMITH"},{"floor":28.0,"key":"REST"},{"data":"Defragment","floor":32,"key":"SMITH"}],"neow_cost":"NONE","seed_source_timestamp":356990238033409,"circlet_count":0,"master_deck":["AscendersBane","Strike_B","Strike_B+1","Defend_B","Defend_B","Defend_B","Defend_B","Zap","Dualcast","Ball Lightning+1","Steam","Defragment+1","Ball Lightning","Auto Shields","Cold Snap","Steam","Biased Cognition","BootSequence","Streamline","Cold Snap","Thunder Strike+1","Coolheaded","Decay","Defragment+1","Glacier+1"],"special_seed":0,"relics":["Cracked Core","Smiling Mask","PreservedInsect","Bottled Tornado","Oddly Smooth Stone","Whetstone","Cursed Key","Girya","MawBank","Centennial Puzzle"],"potions_floor_usage":[31],"damage_taken":[{"damage":2.0,"enemies":"Jaw Worm","floor":1.0,"turns":3.0},{"damage":0.0,"enemies":"Small Slimes","floor":3.0,"turns":2.0},{"damage":14.0,"enemies":"Lagavulin","floor":7.0,"turns":6.0},{"damage":0.0,"enemies":"Cultist","floor":11.0,"turns":3.0},{"damage":0.0,"enemies":"3 Louse","floor":12.0,"turns":1.0},{"damage":7.0,"enemies":"3 Sentries","floor":13.0,"turns":5.0},{"damage":7.0,"enemies":"Hexaghost","floor":16.0,"turns":10.0},{"damage":0.0,"enemies":"Chosen","floor":18.0,"turns":4.0},{"damage":0.0,"enemies":"Shell Parasite","floor":19.0,"turns":6.0},{"damage":6.0,"enemies":"Snake Plant","floor":21.0,"turns":4.0},{"damage":2.0,"enemies":"Book of Stabbing","floor":23.0,"turns":4.0},{"damage":15.0,"enemies":"Sentry and Sphere","floor":25.0,"turns":6.0},{"damage":7.0,"enemies":"Shelled Parasite and Fungi","floor":27.0,"turns":6.0},{"damage":0.0,"enemies":"3 Cultists","floor":30.0,"turns":5.0},{"damage":14,"enemies":"Slavers","floor":31,"turns":2},{"damage":48,"enemies":"Collector","floor":33,"turns":5}],"seed_played":"4839182941809635455","potions_obtained":[{"floor":3.0,"key":"Block Potion"},{"floor":7.0,"key":"Explosive Potion"},{"floor":12.0,"key":"Dexterity Potion"},{"floor":19.0,"key":"FocusPotion"},{"floor":23.0,"key":"Poison Potion"},{"floor":25.0,"key":"SkillPotion"},{"floor":30.0,"key":"PowerPotion"}],"is_trial":false,"path_per_floor":["M","?","M","$","?","R","E","T","T","$","M","M","E","?","R","B",null,"M","M","?","M","?","E","R","M","T","M","R","?","M","E","R","B"],"character_chosen":"DEFECT","items_purchased":["Defragment","Auto Shields"],"campfire_rested":2,"item_purchase_floors":[4,10],"current_hp_per_floor":[69,24,24,24,17,40,26,26,26,26,26,26,19,19,19,12,62,62,62,62,56,56,54,54,39,39,32,55,55,55,41,41,0],"gold":428,"neow_bonus":"TEN_PERCENT_HP_BONUS","is_prod":false,"is_daily":false,"chose_seed":false,"campfire_upgraded":3,"win_rate":0,"timestamp":1562275986,"path_taken":["M","?","M","$","?","R","E","?","T","$","M","M","E","?","R","BOSS","M","M","?","M","?","E","R","M","T","M","R","?","?","E","R","BOSS"],"build_version":"2019-07-01","purchased_purges":1,"victory":false,"max_hp_per_floor":[78,78,78,78,78,78,78,78,78,78,78,78,78,78,78,78,78,78,78,78,78,78,78,78,78,78,78,78,78,78,78,78,78],"card_choices":[{"not_picked":["BootSequence","Compile Driver"],"picked":"Ball Lightning","floor":1.0},{"not_picked":["Rip and Tear","Heatsinks"],"picked":"Steam","floor":3.0},{"not_picked":["Beam Cell","Gash"],"picked":"Ball Lightning","floor":7.0},{"not_picked":["Compile Driver","Ball Lightning"],"picked":"Cold Snap","floor":11.0},{"not_picked":["Tempest","Go for the Eyes"],"picked":"Steam","floor":12.0},{"not_picked":["Undo","Stack","Buffer"],"picked":"SKIP","floor":13.0},{"not_picked":["Reboot","Meteor Strike"],"picked":"Biased Cognition","floor":16.0},{"not_picked":["Hologram","Stack"],"picked":"BootSequence","floor":18.0},{"not_picked":["Beam Cell","Tempest"],"picked":"Streamline","floor":19.0},{"not_picked":["Stack","Self Repair"],"picked":"Cold Snap","floor":21.0},{"not_picked":["Redo","Beam Cell"],"picked":"Thunder Strike","floor":23.0},{"not_picked":["Doom and Gloom","Turbo"],"picked":"Coolheaded","floor":25.0},{"not_picked":["Redo+1","Sweeping Beam"],"picked":"Defragment","floor":27.0},{"not_picked":["Cold Snap","Coolheaded","Turbo"],"picked":"SKIP","floor":30.0},{"not_picked":["Hyperbeam","FTL"],"picked":"Glacier+1","floor":31}],"player_experience":1103151,"relics_obtained":[{"floor":7.0,"key":"PreservedInsect"},{"floor":8.0,"key":"Bottled Tornado"},{"floor":9.0,"key":"Oddly Smooth Stone"},{"floor":13.0,"key":"Whetstone"},{"floor":23.0,"key":"Girya"},{"floor":26.0,"key":"MawBank"},{"floor":31,"key":"Centennial Puzzle"}],"event_choices":[{"damage_healed":0.0,"max_hp_gain":0.0,"max_hp_loss":0.0,"gold_gain":0.0,"event_name":"Scrap Ooze","player_choice":"Success","floor":2.0,"gold_loss":0.0,"damage_taken":45.0,"relics_obtained":["Smiling Mask"]},{"cards_removed":["Strike_B"],"damage_healed":0.0,"max_hp_gain":0.0,"max_hp_loss":0.0,"gold_gain":0.0,"event_name":"Golden Wing","player_choice":"Card Removal","floor":5.0,"gold_loss":0.0,"damage_taken":7.0},{"damage_healed":0.0,"max_hp_gain":0.0,"max_hp_loss":0.0,"gold_gain":0.0,"event_name":"World of Goop","player_choice":"Left Gold","floor":14.0,"gold_loss":50.0,"damage_taken":0.0},{"damage_healed":0.0,"max_hp_gain":0.0,"max_hp_loss":0.0,"gold_gain":0.0,"event_name":"Ghosts","player_choice":"Ignored","floor":20.0,"gold_loss":0.0,"damage_taken":0.0},{"damage_healed":0.0,"max_hp_gain":0.0,"max_hp_loss":0.0,"gold_gain":0.0,"event_name":"Vampires","player_choice":"Ignored","floor":22.0,"gold_loss":0.0,"damage_taken":0.0},{"damage_healed":0.0,"max_hp_gain":0.0,"max_hp_loss":0.0,"gold_gain":100.0,"event_name":"The Joust","player_choice":"Bet on Murderer","floor":29.0,"gold_loss":50.0,"damage_taken":0.0}],"is_beta":false,"boss_relics":[{"not_picked":["Lizard Tail","Snecko Eye"],"picked":"Cursed Key"}],"items_purged_floors":[4],"is_endless":false,"potions_floor_spawned":[3,7,12,16,18,19,23,25,30],"killed_by":"Collector","ascension_level":18}