{"gold_per_floor":[111,111,111,126,126,166,166,206,206,221,239,239,254,267,267,356,356,356,356,281,281,231,231,231,231],"floor_reached":25,"playtime":1524,"items_purged":[],"score":426,"play_id":"066b5731-3a20-49ee-ac6e-647d781f79b8","local_time":"20190728200308","is_ascension_mode":true,"campfire_choices":[{"floor":7,"key":"REST"},{"data":"Power Through","floor":12,"key":"SMITH"},{"data":"Anger","floor":15,"key":"SMITH"},{"data":"Clothesline","floor":23,"key":"SMITH"}],"neow_cost":"NONE","seed_source_timestamp":523370371620679,"circlet_count":0,"master_deck":["AscendersBane","Strike_R","Strike_R","Strike_R","Strike_R","Defend_R","Defend_R","Defend_R","Defend_R","Bash+1","Power Through+1","Anger+1","Carnage","Clothesline+1","Ghostly Armor","Twin Strike","Metallicize","Reaper","Thunderclap","Armaments+1","Uppercut"],"relics":["Burning Blood","Golden Idol","Potion Belt","Letter Opener","Magic Flower","Shuriken","Ectoplasm"],"potions_floor_usage":[8,16,24,25,25],"damage_taken":[{"damage":7,"enemies":"Jaw Worm","floor":1,"turns":3},{"damage":3,"enemies":"2 Louse","floor":4,"turns":4},{"damage":21,"enemies":"Gremlin Nob","floor":6,"turns":4},{"damage":30,"enemies":"Lagavulin","floor":8,"turns":5},{"damage":0,"enemies":"Small Slimes","floor":10,"turns":3},{"damage":3,"enemies":"Looter","floor":11,"turns":3},{"damage":6,"enemies":"Blue Slaver","floor":13,"turns":4},{"damage":9,"enemies":"Gremlin Gang","floor":14,"turns":6},{"damage":25,"enemies":"Slime Boss","floor":16,"turns":9},{"damage":20,"enemies":"Shell Parasite","floor":18,"turns":6},{"damage":18,"enemies":"Spheric Guardian","floor":21,"turns":5},{"damage":33,"enemies":"Snecko","floor":24,"turns":10},{"damage":54,"enemies":"Slavers","floor":25,"turns":5}],"seed_played":"-6153167421537878944","potions_obtained":[{"floor":6,"key":"AttackPotion"},{"floor":11,"key":"SteroidPotion"},{"floor":13,"key":"Energy Potion"},{"floor":14,"key":"Ancient Potion"},{"floor":16,"key":"Swift Potion"},{"floor":18,"key":"LiquidBronze"}],"is_trial":false,"path_per_floor":["M","?","?","M","?","E","R","E","T","M","M","R","M","M","R","B",null,"M","?","?","M","?","R","M","E"],"character_chosen":"IRONCLAD","items_purchased":[],"campfire_rested":1,"item_purchase_floors":[],"current_hp_per_floor":[67,67,41,44,49,34,55,31,31,40,46,46,49,49,49,33,63,61,61,61,60,60,60,41,0],"gold":231,"neow_bonus":"UPGRADE_CARD","is_prod":false,"is_daily":false,"chose_seed":false,"campfire_upgraded":3,"win_rate":0,"timestamp":1564358588,"path_taken":["M","?","?","M","?","E","R","E","T","M","M","R","M","M","R","BOSS","M","?","?","M","?","R","M","E"],"build_version":"2019-07-17","purchased_purges":0,"victory":false,"max_hp_per_floor":[75,68,68,68,73,73,73,73,73,73,73,73,73,73,73,73,73,73,73,73,73,73,73,73,73],"card_choices":[{"not_picked":["Wild Strike","Perfected Strike"],"picked":"Power Through","floor":1},{"not_picked":["Body Slam","Double Tap"],"picked":"Anger","floor":4},{"not_picked":["Hemokinesis","Battle Trance"],"picked":"Carnage","floor":6},{"not_picked":["Evolve","Heavy Blade"],"picked":"Clothesline","floor":8},{"not_picked":["Headbutt","Hemokinesis"],"picked":"Ghostly Armor","floor":10},{"not_picked":["Burning Pact","Rampage"],"picked":"Twin Strike","floor":11},{"not_picked":["Spot Weakness","Warcry"],"picked":"Metallicize","floor":13},{"not_picked":["Sentinel","Wild Strike","Rampage"],"picked":"SKIP","floor":14},{"not_picked":["Demon Form","Brutality"],"picked":"Reaper","floor":16},{"not_picked":["Havoc","Anger"],"picked":"Thunderclap","floor":18},{"not_picked":["Metallicize","Seeing Red"],"picked":"Armaments+1","floor":21},{"not_picked":["Reckless Charge","Searing Blow"],"picked":"Uppercut","floor":24}],"player_experience":1168870,"relics_obtained":[{"floor":6,"key":"Letter Opener"},{"floor":8,"key":"Magic Flower"},{"floor":9,"key":"Shuriken"}],"event_choices":[{"damage_healed":0,"gold_gain":0,"player_choice":"Lose Max HP","damage_taken":0,"relics_obtained":["Golden Idol"],"max_hp_gain":0,"max_hp_loss":7,"event_name":"Golden Idol","floor":2,"gold_loss":0},{"damage_healed":0,"gold_gain":0,"player_choice":"Success","damage_taken":26,"relics_obtained":["Potion Belt"],"max_hp_gain":0,"max_hp_loss":0,"event_name":"Scrap Ooze","floor":3,"gold_loss":0},{"damage_healed":0,"gold_gain":0,"player_choice":"Donut","damage_taken":0,"max_hp_gain":5,"max_hp_loss":0,"event_name":"Big Fish","floor":5,"gold_loss":0},{"damage_healed":0,"gold_gain":0,"player_choice":"Ignored","damage_taken":0,"max_hp_gain":0,"max_hp_loss":0,"event_name":"The Mausoleum","floor":19,"gold_loss":0},{"cards_removed":["Strike_R"],"damage_healed":0,"gold_gain":0,"player_choice":"Gave Gold","damage_taken":0,"max_hp_gain":0,"max_hp_loss":0,"event_name":"Beggar","floor":20,"gold_loss":75},{"damage_healed":0,"gold_gain":100,"player_choice":"Bet on Murderer","damage_taken":0,"max_hp_gain":0,"max_hp_loss":0,"event_name":"The Joust","floor":22,"gold_loss":50}],"is_beta":false,"boss_relics":[{"not_picked":["Runic Dome","Orrery"],"picked":"Ectoplasm"}],"items_purged_floors":[],"is_endless":false,"potions_floor_spawned":[6,11,13,14,16,18,21],"killed_by":"Slavers","ascension_level":20}