{"gold_per_floor":[368,385,385,404,422,422,438,469,492,492,504,538,538,552,552,625,625,640,640,657,668,668,668,698,730,742,754,794,94,94,122,122,122],"floor_reached":33,"playtime":1737,"items_purged":["Strike_R"],"score":555,"play_id":"c96f8902-71ae-4dca-be08-3dfceece4749","local_time":"20190721173806","is_ascension_mode":true,"campfire_choices":[{"data":"Bash","floor":6.0,"key":"SMITH"},{"floor":10.0,"key":"REST"},{"floor":13.0,"key":"REST"},{"data":"Disarm","floor":15.0,"key":"SMITH"},{"floor":23.0,"key":"REST"},{"floor":27.0,"key":"REST"},{"floor":30.0,"key":"REST"},{"data":"Offering","floor":32.0,"key":"SMITH"}],"neow_cost":"PERCENT_DAMAGE","seed_source_timestamp":0,"circlet_count":0,"master_deck":["AscendersBane","Defend_R","Defend_R","Defend_R","Defend_R","Bash+1","Spot Weakness","Twin Strike","Thunderclap","Disarm+1","Twin Strike","Warcry","Shrug It Off","Offering+1","Fiend Fire+1","Blood for Blood+1","Heavy Blade+1","Pummel","Whirlwind","Ghostly Armor","Reaper","Shrug It Off","Dual Wield"],"special_seed":0,"relics":["Burning Blood","Letter Opener","Ancient Tea Set","Juzu Bracelet","Astrolabe","MawBank","Matryoshka","Pantograph","Pear","Frozen Eye","Mercury Hourglass"],"potions_floor_usage":[33,33],"damage_taken":[{"damage":6.0,"enemies":"2 Louse","floor":1.0,"turns":4.0},{"damage":6.0,"enemies":"Cultist","floor":2.0,"turns":4.0},{"damage":10.0,"enemies":"Small Slimes","floor":4.0,"turns":4.0},{"damage":13.0,"enemies":"3 Louse","floor":5.0,"turns":3.0},{"damage":28.0,"enemies":"Gremlin Gang","floor":7.0,"turns":5.0},{"damage":15.0,"enemies":"Gremlin Nob","floor":8.0,"turns":5.0},{"damage":2.0,"enemies":"2 Fungi Beasts","floor":11.0,"turns":3.0},{"damage":18.0,"enemies":"Lagavulin","floor":12.0,"turns":7.0},{"damage":0.0,"enemies":"Lots of Slimes","floor":14.0,"turns":3.0},{"damage":39.0,"enemies":"The Guardian","floor":16.0,"turns":11.0},{"damage":18.0,"enemies":"3 Byrds","floor":18.0,"turns":4.0},{"damage":26.0,"enemies":"2 Thieves","floor":20.0,"turns":3.0},{"damage":18.0,"enemies":"Cultist and Chosen","floor":21.0,"turns":6.0},{"damage":32.0,"enemies":"Book of Stabbing","floor":24.0,"turns":4.0},{"damage":12.0,"enemies":"3 Cultists","floor":25.0,"turns":4.0},{"damage":17.0,"enemies":"Slavers","floor":28.0,"turns":4.0},{"damage":24.0,"enemies":"Gremlin Leader","floor":31.0,"turns":5.0},{"damage":91,"enemies":"Automaton","floor":33,"turns":8}],"seed_played":"426061492423543259","potions_obtained":[{"floor":2.0,"key":"SpeedPotion"},{"floor":4.0,"key":"Block Potion"},{"floor":11.0,"key":"Poison Potion"},{"floor":14.0,"key":"GamblersBrew"},{"floor":20.0,"key":"Explosive Potion"},{"floor":22.0,"key":"LiquidBronze"},{"floor":22.0,"key":"LiquidBronze"},{"floor":24.0,"key":"Swift Potion"},{"floor":25.0,"key":"BloodPotion"}],"is_trial":false,"path_per_floor":["M","M","?","M","M","R","M","E","T","R","M","E","R","M","R","B",null,"M","?","M","M","?","R","E","M","T","R","E","$","R","E","R","B"],"character_chosen":"IRONCLAD","items_purchased":["Reaper","Pear","Shrug It Off","Frozen Eye"],"campfire_rested":5,"item_purchase_floors":[29,29,29,29],"current_hp_per_floor":[50,50,50,46,39,39,17,8,8,30,34,22,44,50,50,17,61,49,49,29,17,17,39,13,7,7,29,18,28,53,35,35,0],"gold":122,"neow_bonus":"TWO_FIFTY_GOLD","is_prod":false,"is_daily":false,"chose_seed":false,"campfire_upgraded":3,"win_rate":0,"timestamp":1563723486,"path_taken":["M","M","?","M","?","R","?","E","T","R","?","E","R","M","R","BOSS","M","?","M","M","?","R","E","M","T","R","E","$","R","E","R","BOSS"],"build_version":"2019-07-17","purchased_purges":1,"victory":false,"max_hp_per_floor":[75,75,75,75,75,75,75,75,75,75,75,75,75,75,75,75,75,75,75,75,75,75,75,75,75,75,75,75,85,85,85,85,85],"card_choices":[{"not_picked":["Clothesline","Bloodletting"],"picked":"Spot Weakness","floor":1.0},{"not_picked":["Clash","Cleave"],"picked":"Twin Strike","floor":2.0},{"not_picked":["Rampage","Havoc"],"picked":"Thunderclap","floor":4.0},{"not_picked":["Uppercut","Sever Soul"],"picked":"Disarm","floor":5.0},{"not_picked":["Body Slam","Blood for Blood"],"picked":"Twin Strike","floor":7.0},{"not_picked":["Berserk","Body Slam"],"picked":"Warcry","floor":8.0},{"not_picked":["Sword Boomerang","Hemokinesis"],"picked":"Shrug It Off","floor":11.0},{"not_picked":["Perfected Strike","Sever Soul","Thunderclap"],"picked":"SKIP","floor":12.0},{"not_picked":["Pommel Strike","Dark Embrace","Blood for Blood"],"picked":"SKIP","floor":14.0},{"not_picked":["Impervious","Dark Embrace"],"picked":"Offering","floor":16.0},{"not_picked":["Wild Strike","Cleave"],"picked":"Pummel","floor":18.0},{"not_picked":["Clash","Sever Soul+1","Fire Breathing"],"picked":"SKIP","floor":20.0},{"not_picked":["Twin Strike","Clothesline","Wild Strike"],"picked":"SKIP","floor":21.0},{"not_picked":["Cleave","Fiend Fire","Clash"],"picked":"SKIP","floor":24.0},{"not_picked":["Feel No Pain","Pommel Strike"],"picked":"Whirlwind","floor":25.0},{"not_picked":["Pommel Strike+1","Infernal Blade"],"picked":"Ghostly Armor","floor":28.0},{"not_picked":["Body Slam+1","Pummel"],"picked":"Dual Wield","floor":31.0}],"player_experience":677868,"relics_obtained":[{"floor":8.0,"key":"Letter Opener"},{"floor":9.0,"key":"Ancient Tea Set"},{"floor":12.0,"key":"Juzu Bracelet"},{"floor":24.0,"key":"MawBank"},{"floor":26.0,"key":"Matryoshka"},{"floor":28.0,"key":"Pantograph"},{"floor":31.0,"key":"Mercury Hourglass"}],"event_choices":[{"cards_removed":["Strike_R"],"damage_healed":0.0,"max_hp_gain":0.0,"max_hp_loss":0.0,"gold_gain":0.0,"event_name":"Purifier","player_choice":"Purged","floor":3.0,"gold_loss":0.0,"damage_taken":0.0},{"damage_healed":0.0,"max_hp_gain":0.0,"max_hp_loss":0.0,"gold_gain":0.0,"event_name":"The Mausoleum","player_choice":"Ignored","floor":19.0,"gold_loss":0.0,"damage_taken":0.0},{"damage_healed":0.0,"max_hp_gain":0.0,"max_hp_loss":0.0,"gold_gain":0.0,"event_name":"Lab","player_choice":"Got Potions","floor":22.0,"gold_loss":0.0,"damage_taken":0.0}],"is_beta":false,"boss_relics":[{"not_picked":["Runic Pyramid","Coffee Dripper"],"picked":"Astrolabe"}],"items_purged_floors":[29],"is_endless":false,"potions_floor_spawned":[2,4,11,14,20,24,25],"killed_by":"Automaton","ascension_level":15}