{"gold_per_floor":[114,114,114,139,155,155,195,195,195,195],"floor_reached":10,"playtime":329,"items_purged":[],"score":116,"play_id":"518a252f-ad6b-4cf1-af30-d1ff66b88a74","local_time":"20191004191407","is_ascension_mode":true,"campfire_choices":[{"floor":6.0,"key":"DIG"},{"floor":8,"key":"REST"}],"neow_cost":"PERCENT_DAMAGE","seed_source_timestamp":0,"circlet_count":0,"master_deck":["AscendersBane","Strike_R","Strike_R","Strike_R","Strike_R","Strike_R","Defend_R","Defend_R","Defend_R","Defend_R","Bash","Thunderclap","Shockwave","Sentinel+1"],"special_seed":0,"relics":["Burning Blood","Shovel","Golden Idol","Ornamental Fan","Toxic Egg 2","HornCleat","Gremlin Horn"],"potions_floor_usage":[10],"damage_taken":[{"damage":1.0,"enemies":"Cultist","floor":1.0,"turns":3.0},{"damage":3.0,"enemies":"Jaw Worm","floor":4.0,"turns":4.0},{"damage":5.0,"enemies":"2 Louse","floor":5.0,"turns":3.0},{"damage":57,"enemies":"Lagavulin","floor":7,"turns":8},{"damage":37,"enemies":"3 Sentries","floor":10,"turns":11}],"seed_played":"7040016984427384270","potions_obtained":[{"floor":7,"key":"GamblersBrew"}],"is_trial":false,"path_per_floor":["M","?","T","M","M","R","E","R","T","E"],"character_chosen":"IRONCLAD","items_purchased":[],"campfire_rested":1,"item_purchase_floors":[],"current_hp_per_floor":[55,55,55,58,59,59,8,28,28,0],"gold":195,"neow_bonus":"ONE_RARE_RELIC","is_prod":false,"is_daily":false,"chose_seed":false,"campfire_upgraded":0,"win_rate":0,"timestamp":1570209247,"path_taken":["M","?","?","?","?","R","E","R","T","E"],"build_version":"2019-10-03","purchased_purges":0,"victory":false,"max_hp_per_floor":[75,68,68,68,68,68,68,68,68,68],"card_choices":[{"not_picked":["Perfected Strike","Clash"],"picked":"Thunderclap","floor":1.0},{"not_picked":["Flex","Intimidate"],"picked":"Shockwave","floor":4.0},{"not_picked":["Body Slam","Thunderclap","Clothesline"],"picked":"SKIP","floor":5.0},{"not_picked":["Dual Wield+1","Twin Strike"],"picked":"Sentinel+1","floor":7}],"player_experience":922973,"relics_obtained":[{"floor":3.0,"key":"Ornamental Fan"},{"floor":6.0,"key":"Toxic Egg 2"},{"floor":7,"key":"HornCleat"},{"floor":9,"key":"Gremlin Horn"}],"event_choices":[{"damage_healed":0.0,"max_hp_gain":0.0,"max_hp_loss":7.0,"gold_gain":0.0,"event_name":"Golden Idol","player_choice":"Lose Max HP","floor":2.0,"gold_loss":0.0,"damage_taken":0.0,"relics_obtained":["Golden Idol"]}],"is_beta":true,"boss_relics":[],"items_purged_floors":[],"is_endless":false,"potions_floor_spawned":[7],"killed_by":"3 Sentries","ascension_level":15}