{"gold_per_floor":[116,116,41,61,211,237,237,202,227,227,244,294,294,304,304,304],"floor_reached":16,"playtime":558,"items_purged":["Regret"],"score":172,"play_id":"82f55a2a-c7dd-45cd-8c73-a7d208c3e2be","local_time":"20190528190123","is_ascension_mode":true,"campfire_choices":[{"data":"Bash","floor":7.0,"key":"SMITH"},{"data":"Clothesline","floor":10,"key":"SMITH"},{"data":"Shrug It Off","floor":13,"key":"SMITH"},{"floor":15,"key":"REST"}],"neow_cost":"CURSE","seed_source_timestamp":7032377271833,"circlet_count":0,"master_deck":["AscendersBane","Strike_R","Strike_R","Strike_R","Strike_R","Strike_R","Defend_R","Defend_R","Defend_R","Defend_R","Bash+1","Clothesline+1","Thunderclap","Doubt","Armaments","Shrug It Off+1"],"special_seed":0,"relics":["Burning Blood","Mango","Smiling Mask","Juzu Bracelet"],"potions_floor_usage":[],"damage_taken":[{"damage":9.0,"enemies":"Small Slimes","floor":1.0,"turns":4.0},{"damage":2.0,"enemies":"2 Louse","floor":4.0,"turns":3.0},{"damage":62.0,"enemies":"3 Sentries","floor":6.0,"turns":11.0},{"damage":2,"enemies":"Jaw Worm","floor":11,"turns":6},{"damage":30,"enemies":"Gremlin Gang","floor":14,"turns":8},{"damage":78,"enemies":"Slime Boss","floor":16,"turns":8}],"seed_played":"6605112610398604555","potions_obtained":[{"floor":1.0,"key":"AttackPotion"},{"floor":11,"key":"Weak Potion"}],"is_trial":false,"path_per_floor":["M","?","$","M","?","E","R","?","T","R","M","?","R","M","R","B"],"character_chosen":"IRONCLAD","items_purchased":[],"campfire_rested":1,"item_purchase_floors":[],"current_hp_per_floor":[79,84,84,88,88,32,32,55,55,55,59,59,59,35,63,0],"gold":304,"neow_bonus":"ONE_RARE_RELIC","is_prod":false,"is_daily":false,"chose_seed":false,"campfire_upgraded":3,"win_rate":0,"timestamp":1559062883,"path_taken":["M","?","$","M","?","E","R","?","T","R","M","?","R","M","R","BOSS"],"build_version":"2019-01-23","purchased_purges":1,"victory":false,"max_hp_per_floor":[89,94,94,94,94,94,94,94,94,94,94,94,94,94,94,94],"card_choices":[{"not_picked":["Seeing Red","Iron Wave"],"picked":"Clothesline","floor":1.0},{"not_picked":["Perfected Strike","Heavy Blade"],"picked":"Thunderclap","floor":4.0},{"not_picked":["Headbutt","Thunderclap"],"picked":"Armaments","floor":6.0},{"not_picked":["Clash","Feel No Pain"],"picked":"Shrug It Off","floor":11},{"not_picked":["Flex","Iron Wave","Sentinel"],"picked":"SKIP","floor":14}],"player_experience":366018,"relics_obtained":[{"floor":6.0,"key":"Smiling Mask"},{"floor":9,"key":"Juzu Bracelet"}],"event_choices":[{"damage_healed":0.0,"max_hp_gain":5.0,"max_hp_loss":0.0,"gold_gain":0.0,"event_name":"Big Fish","player_choice":"Donut","floor":2.0,"gold_loss":0.0,"damage_taken":0.0},{"damage_healed":0.0,"max_hp_gain":0.0,"max_hp_loss":0.0,"gold_gain":150.0,"event_name":"Liars Game","player_choice":"AGREE","floor":5.0,"gold_loss":0.0,"damage_taken":0.0,"cards_obtained":["Doubt"]},{"damage_healed":23,"gold_gain":0,"player_choice":"Healed","damage_taken":0,"max_hp_gain":0,"max_hp_loss":0,"event_name":"The Cleric","floor":8,"gold_loss":35},{"damage_healed":0,"gold_gain":50,"player_choice":"Pray","damage_taken":0,"max_hp_gain":0,"max_hp_loss":0,"event_name":"Golden Shrine","floor":12,"gold_loss":0}],"is_beta":false,"boss_relics":[],"items_purged_floors":[3],"is_endless":false,"potions_floor_spawned":[1,11,14],"killed_by":"Slime Boss","ascension_level":15}