{"gold_per_floor":[113,113,11,25,25,65,86,120,120,136,136,175,175,199,199,329,329,344,48,48,62,95,95,95],"floor_reached":24,"playtime":1487,"items_purged":[],"score":214,"play_id":"96935747-c970-4139-a583-cdd9d7bd5d80","local_time":"20190506223829","is_ascension_mode":false,"campfire_choices":[{"floor":11,"key":"REST"},{"floor":13,"key":"REST"},{"data":"Glass Knife","floor":15,"key":"SMITH"},{"floor":23,"key":"REST"}],"neow_cost":"NONE","seed_source_timestamp":2694934304626086,"circlet_count":0,"master_deck":["Defend_G","Defend_G","Defend_G","Defend_G","Defend_G","Strike_G","Strike_G","Strike_G","Strike_G","Strike_G","Survivor","Neutralize","Malaise","Leg Sweep","Footwork","Backflip","Skewer","Deflect","Caltrops","Calculated Gamble","Glass Knife+1","Well Laid Plans","Burst","Bouncing Flask","Dagger Spray","Blur","Dodge and Roll","Catalyst","Backflip+1"],"relics":["Ring of the Snake","Golden Idol","Blood Vial","Unceasing Top","Pantograph","Juzu Bracelet","Orrery","Snake Skull","Lantern","Nilry\u0027s Codex","Red Mask"],"potions_floor_usage":[8,12,22],"damage_taken":[{"damage":0,"enemies":"2 Louse","floor":1,"turns":3},{"damage":0,"enemies":"Jaw Worm","floor":4,"turns":8},{"damage":26,"enemies":"3 Sentries","floor":6,"turns":14},{"damage":1,"enemies":"Cultist","floor":7,"turns":4},{"damage":9,"enemies":"Lagavulin","floor":8,"turns":11},{"damage":8,"enemies":"3 Louse","floor":10,"turns":4},{"damage":27,"enemies":"3 Sentries","floor":12,"turns":9},{"damage":0,"enemies":"2 Fungi Beasts","floor":14,"turns":3},{"damage":52,"enemies":"Slime Boss","floor":16,"turns":18},{"damage":23,"enemies":"Spheric Guardian","floor":18,"turns":4},{"damage":3,"enemies":"Chosen","floor":21,"turns":6},{"damage":19,"enemies":"Masked Bandits","floor":22,"turns":5},{"damage":36,"enemies":"Slavers","floor":24,"turns":3}],"seed_played":"-6495962858612601224","potions_obtained":[{"floor":1,"key":"Explosive Potion"},{"floor":6,"key":"SkillPotion"},{"floor":14,"key":"LiquidBronze"},{"floor":18,"key":"Fire Potion"},{"floor":22,"key":"Weak Potion"}],"is_trial":false,"path_per_floor":["M","?","$","M","?","E","M","E","T","M","R","E","R","M","R","B",null,"M","$","?","M","?","R","E"],"character_chosen":"THE_SILENT","items_purchased":["Footwork","Backflip","Snake Skull","Lantern"],"campfire_rested":3,"item_purchase_floors":[3,3,19,19],"current_hp_per_floor":[70,53,53,53,53,27,28,21,21,15,36,11,32,34,34,9,70,47,47,31,30,13,34,0],"gold":95,"neow_bonus":"ONE_RANDOM_RARE_CARD","is_prod":false,"is_daily":false,"chose_seed":false,"campfire_upgraded":1,"win_rate":0,"timestamp":1557196709,"path_taken":["M","?","?","M","?","E","M","E","T","M","R","E","R","M","R","BOSS","M","$","?","M","?","R","E"],"build_version":"2019-01-23","purchased_purges":0,"victory":false,"max_hp_per_floor":[70,70,70,70,70,70,70,70,70,70,70,70,70,70,70,70,70,70,70,70,70,70,70,70],"card_choices":[{"not_picked":["Noxious Fumes","Calculated Gamble"],"picked":"Leg Sweep","floor":1},{"not_picked":["Dodge and Roll","Slice"],"picked":"Skewer","floor":4},{"not_picked":["Skewer","Concentrate","Endless Agony"],"picked":"SKIP","floor":6},{"not_picked":["Leg Sweep","Backflip"],"picked":"Deflect","floor":7},{"not_picked":["Slice","Skewer"],"picked":"Caltrops","floor":8},{"not_picked":["Deadly Poison","Slice"],"picked":"Calculated Gamble","floor":10},{"not_picked":["Finisher","PiercingWail"],"picked":"Glass Knife","floor":12},{"not_picked":["Terror","Dagger Spray"],"picked":"Well Laid Plans","floor":14},{"not_picked":["Venomology","A Thousand Cuts"],"picked":"Burst","floor":16},{"not_picked":["Catalyst","Deflect"],"picked":"Bouncing Flask","floor":17},{"not_picked":["Sucker Punch","Flechettes"],"picked":"Dagger Spray","floor":17},{"not_picked":["Dodge and Roll","Sucker Punch"],"picked":"Blur","floor":17},{"not_picked":["Slice","Choke"],"picked":"Dodge and Roll","floor":17},{"not_picked":["Underhanded Strike+1","Dodge and Roll+1"],"picked":"Catalyst","floor":18},{"not_picked":["Outmaneuver","Slice"],"picked":"Backflip+1","floor":21}],"player_experience":855397,"relics_obtained":[{"floor":6,"key":"Blood Vial"},{"floor":8,"key":"Unceasing Top"},{"floor":9,"key":"Pantograph"},{"floor":12,"key":"Juzu Bracelet"},{"floor":20,"key":"Nilry\u0027s Codex"},{"floor":22,"key":"Red Mask"}],"event_choices":[{"damage_healed":0,"gold_gain":0,"player_choice":"Take Damage","damage_taken":17,"relics_obtained":["Golden Idol"],"max_hp_gain":0,"max_hp_loss":0,"event_name":"Golden Idol","floor":2,"gold_loss":0},{"damage_healed":0,"gold_gain":0,"player_choice":"Ignored","damage_taken":0,"max_hp_gain":0,"max_hp_loss":0,"event_name":"NoteForYourself","floor":5,"gold_loss":0},{"damage_healed":0,"gold_gain":0,"player_choice":"Obtained Book","damage_taken":16,"max_hp_gain":0,"max_hp_loss":0,"event_name":"Cursed Tome","floor":20,"gold_loss":0},{"damage_healed":0,"gold_gain":0,"player_choice":"Fought Bandits","damage_taken":0,"max_hp_gain":0,"max_hp_loss":0,"event_name":"Masked Bandits","floor":22,"gold_loss":0}],"is_beta":false,"boss_relics":[{"not_picked":["Pandora\u0027s Box","Velvet Choker"],"picked":"Orrery"}],"items_purged_floors":[],"is_endless":false,"potions_floor_spawned":[1,6,14,18,22],"killed_by":"Slavers","ascension_level":0}