{"gold_per_floor":[112,65,240,255,273,273,293,308,308,201,201,215,73,85,85,185,185,200,125,157,119,135,167,183,183,207,221,233,233,252,266,266,266],"floor_reached":33,"playtime":2634,"items_purged":["Doubt"],"score":329,"play_id":"def9303c-5b0d-49da-8eff-79bece0c8401","local_time":"20180812180612","is_ascension_mode":true,"campfire_choices":[{"data":"Flying Knee","floor":6,"key":"SMITH"},{"floor":11,"key":"DIG"},{"data":"Sucker Punch","floor":15,"key":"SMITH"},{"floor":25,"key":"REST"},{"floor":29,"key":"REST"},{"floor":32,"key":"REST"}],"neow_cost":"NONE","seed_source_timestamp":516599865138557,"circlet_count":0,"master_deck":["Defend_G","Defend_G","Defend_G","Defend_G","Defend_G","Strike_G","Strike_G","Strike_G","Strike_G","Survivor","Neutralize","Quick Slash","Flying Knee+1","Sucker Punch+1","Dagger Throw","Infinite Blades","Backflip","Accuracy","Finisher","Quick Slash+1","Backstab+1","Die Die Die+1","After Image","Blade Dance","Quick Slash+1","Choke+1","Setup+1","Cloak And Dagger","Leg Sweep+1","Blur+1","Backflip+1","Finisher+1","Dash+1"],"relics":["WristBlade","Shovel","Molten Egg 2","Fusion Hammer","Red Mask","Dead Branch","Happy Flower"],"potions_floor_usage":[16,16,23,30,33],"damage_taken":[{"damage":2,"enemies":"Cultist","floor":1,"turns":4},{"damage":7,"enemies":"Small Slimes","floor":4,"turns":4},{"damage":0,"enemies":"2 Louse","floor":5,"turns":3},{"damage":19,"enemies":"Large Slime","floor":7,"turns":6},{"damage":5,"enemies":"2 Fungi Beasts","floor":8,"turns":3},{"damage":1,"enemies":"Blue Slaver","floor":12,"turns":3},{"damage":5,"enemies":"Gremlin Gang","floor":14,"turns":5},{"damage":19,"enemies":"The Guardian","floor":16,"turns":9},{"damage":12,"enemies":"3 Byrds","floor":18,"turns":4},{"damage":1,"floor":20,"turns":4},{"damage":13,"enemies":"2 Thieves","floor":22,"turns":3},{"damage":17,"enemies":"Book of Stabbing","floor":23,"turns":5},{"damage":8,"enemies":"Chosen and Byrds","floor":24,"turns":3},{"damage":0,"enemies":"Centurion and Healer","floor":27,"turns":3},{"damage":8,"enemies":"Snake Plant","floor":28,"turns":4},{"damage":2,"enemies":"3 Cultists","floor":30,"turns":5},{"damage":1,"enemies":"Cultist and Chosen","floor":31,"turns":4},{"damage":65,"enemies":"Collector","floor":33,"turns":6}],"seed_played":"-2767971498270415643","potions_obtained":[{"floor":5,"key":"GhostInAJar"},{"floor":8,"key":"PowerPotion"},{"floor":14,"key":"GamblersBrew"},{"floor":16,"key":"Ancient Potion"},{"floor":24,"key":"LiquidBronze"},{"floor":27,"key":"Fire Potion"},{"floor":28,"key":"FearPotion"}],"is_trial":false,"path_per_floor":["M","$","?","M","M","R","M","M","T","$","R","M","$","M","R","B",null,"M","?","?","$","M","E","M","R","T","M","M","R","M","M","R"],"character_chosen":"THE_SILENT","items_purchased":["Flying Knee","Accuracy","Finisher","Backstab+1","Choke+1"],"campfire_rested":3,"item_purchase_floors":[2,10,10,13,21],"current_hp_per_floor":[68,68,68,61,61,61,42,37,37,37,37,36,36,31,31,12,56,44,44,43,43,30,13,5,26,26,26,18,39,37,36,57,0],"gold":266,"neow_bonus":"BOSS_RELIC","is_prod":false,"is_daily":false,"chose_seed":false,"campfire_upgraded":2,"win_rate":0,"timestamp":1534111572,"path_taken":["M","$","?","M","M","R","M","M","T","?","R","?","$","M","R","BOSS","M","?","?","$","M","E","?","R","T","M","M","R","M","M","R","BOSS"],"build_version":"2018-08-09","purchased_purges":1,"victory":false,"max_hp_per_floor":[70,70,70,70,70,70,70,70,70,70,70,70,70,70,70,70,70,70,70,70,70,70,70,70,70,70,70,70,70,70,70,70,70],"card_choices":[{"not_picked":["Underhanded Strike","Catalyst"],"picked":"Quick Slash","floor":1},{"not_picked":["Blur","Quick Slash"],"picked":"Sucker Punch","floor":4},{"not_picked":["Deadly Poison","Leg Sweep"],"picked":"Dagger Throw","floor":5},{"not_picked":["Slice","Corpse Explosion"],"picked":"Infinite Blades","floor":7},{"not_picked":["Expertise","Flying Knee"],"picked":"Backflip","floor":8},{"not_picked":["Dodge and Roll","Bouncing Flask"],"picked":"Quick Slash+1","floor":12},{"not_picked":["Outmaneuver","Dodge and Roll"],"picked":"Die Die Die+1","floor":14},{"not_picked":["Die Die Die+1","Envenom"],"picked":"After Image","floor":16},{"not_picked":["Backflip+1","PiercingWail"],"picked":"Blade Dance","floor":18},{"not_picked":["Expertise","Deadly Poison"],"picked":"Quick Slash+1","floor":20},{"not_picked":["Reflex+1","Dagger Throw+1"],"picked":"Setup+1","floor":22},{"not_picked":["Acrobatics","Concentrate"],"picked":"Cloak And Dagger","floor":23},{"not_picked":["Underhanded Strike+1","Backflip"],"picked":"Leg Sweep+1","floor":24},{"not_picked":["Well Laid Plans","Outmaneuver+1"],"picked":"Blur+1","floor":27},{"not_picked":["Poisoned Stab+1","Acrobatics"],"picked":"Backflip+1","floor":28},{"not_picked":["PiercingWail","Quick Slash+1"],"picked":"Finisher+1","floor":30},{"not_picked":["Backflip","Quick Slash+1"],"picked":"Dash+1","floor":31}],"player_experience":275515,"relics_obtained":[{"floor":9,"key":"Shovel"},{"floor":11,"key":"Molten Egg 2"},{"floor":20,"key":"Red Mask"},{"floor":23,"key":"Dead Branch"},{"floor":26,"key":"Happy Flower"}],"event_choices":[{"event_name":"Liars Game","player_choice":"agreed","floor":3,"damage_taken":0},{"event_name":"Beggar","player_choice":"Gave Gold","floor":19,"damage_taken":0},{"event_name":"Masked Bandits","player_choice":"Fought Bandits","floor":20,"damage_taken":0}],"is_beta":false,"boss_relics":[{"not_picked":["Runic Dome","Orrery"],"picked":"Fusion Hammer"}],"items_purged_floors":[13],"is_endless":false,"potions_floor_spawned":[5,8,14,16,24,27,28],"killed_by":"Collector","ascension_level":5}