{"gold_per_floor":[112,112,287,298,317,342,342,375,398,398],"floor_reached":10,"playtime":1263,"items_purged":[],"score":76,"play_id":"7439f3f1-876c-411c-b941-c83dd88977a0","local_time":"20180704185834","is_ascension_mode":false,"campfire_choices":[{"data":"Auto Shields","floor":7,"key":"SMITH"}],"neow_cost":"TEN_PERCENT_HP_LOSS","seed_source_timestamp":776541972889140,"circlet_count":0,"master_deck":["Strike_B","Strike_B","Strike_B","Defend_B","Defend_B","Defend_B","Defend_B","Zap","Dualcast","Reprogram","Doubt","Capacitor","BootSequence","Auto Shields+1","Buffer"],"relics":["Cracked Core","Ice Cream","Happy Flower","Vajra","Ancient Tea Set"],"potions_floor_usage":[6,8,10],"damage_taken":[{"damage":0,"enemies":"2 Louse","floor":1,"turns":1},{"damage":2,"enemies":"Small Slimes","floor":4,"turns":5},{"damage":5,"enemies":"Jaw Worm","floor":5,"turns":5},{"damage":16,"enemies":"Lagavulin","floor":6,"turns":9},{"damage":36,"enemies":"Gremlin Nob","floor":8,"turns":5},{"damage":3,"enemies":"Red Slaver","floor":10,"turns":1}],"seed_played":"-8816280346883696556","potions_obtained":[{"floor":4,"key":"EssenceOfSteel"},{"floor":5,"key":"Swift Potion"},{"floor":8,"key":"PowerPotion"}],"is_trial":false,"path_per_floor":["M","?","?","M","M","E","R","E","T"],"character_chosen":"DEFECT","items_purchased":[],"campfire_rested":0,"item_purchase_floors":[],"current_hp_per_floor":[68,61,61,59,54,38,38,2,2,0],"gold":398,"neow_bonus":"ONE_RARE_RELIC","is_prod":false,"is_daily":false,"chose_seed":false,"campfire_upgraded":1,"win_rate":0.0,"timestamp":1530745114,"path_taken":["M","?","?","?","M","E","R","E","T","M"],"build_version":"2018-06-28","purchased_purges":0,"victory":false,"max_hp_per_floor":[68,68,68,68,68,68,68,68,68,68],"card_choices":[{"not_picked":["Steam","Conserve Battery"],"picked":"Reprogram","floor":1},{"not_picked":["Steam","Leap"],"picked":"Capacitor","floor":4},{"not_picked":["Sweeping Beam","Streamline"],"picked":"BootSequence","floor":5},{"not_picked":["Darkness","Leap"],"picked":"Auto Shields","floor":6},{"not_picked":["Steam","Barrage"],"picked":"Buffer","floor":8}],"player_experience":66427,"relics_obtained":[{"floor":6,"key":"Happy Flower"},{"floor":8,"key":"Vajra"},{"floor":9,"key":"Ancient Tea Set"}],"event_choices":[{"event_name":"Golden Wing","player_choice":"Card Removal","floor":2,"damage_taken":0},{"event_name":"Liars Game","player_choice":"agreed","floor":3,"damage_taken":0}],"boss_relics":[],"items_purged_floors":[],"is_endless":false,"potions_floor_spawned":[4,5,8],"killed_by":"Red Slaver","ascension_level":0}