{"gold_per_floor":[115,190,190,207,37,64,64,98,98,98,109,109,134,147,147,247,247,267,267,267,277,277,306,323,341,341,361,79,79,79,79,79,179,179,191,191,191,206,218,218,253,264,291,291,326,326,85,85,85,85],"floor_reached":51,"playtime":5425,"items_purged":["Injury"],"score":820,"play_id":"65582c78-ed12-48d6-b4cc-6b741b799ec7","local_time":"20180806204004","is_ascension_mode":true,"campfire_choices":[{"floor":7,"key":"REST"},{"data":"Skewer","floor":10,"key":"SMITH"},{"data":"Neutralize","floor":12,"key":"SMITH"},{"floor":15,"key":"REST"},{"floor":29,"key":"REST"},{"floor":32,"key":"REST"},{"floor":40,"key":"REST"},{"floor":44,"key":"REST"},{"data":"Prepared","floor":46,"key":"SMITH"},{"floor":49,"key":"REST"}],"neow_cost":"NONE","seed_source_timestamp":4628835632803,"circlet_count":0,"master_deck":["Defend_G+1","Defend_G+1","Defend_G+1","Defend_G+1","Strike_G+1","Strike_G+1","Strike_G+1","Strike_G+1","Survivor","Neutralize+1","Flying Knee","Sucker Punch","Dagger Throw","Noxious Fumes","Skewer+1","Dagger Throw","Venomology","Cloak And Dagger","After Image+1","Finisher+1","Choke+1","Dagger Spray","Dagger Spray+1","Flash of Steel","RitualDagger","Necronomicurse","Tools of the Trade+1","Parasite","Clumsy","Outmaneuver+1","Cloak And Dagger","Finisher+1","Caltrops+1","Choke+1","Prepared+1","Dash"],"relics":["Empty Cage","Bag of Marbles","Tiny Chest","Lantern","Smiling Mask","Shuriken","Frozen Egg 2","Runic Dome","Bottled Lightning","Strawberry","The Courier","Kunai","Necronomicon","Calling Bell","Juzu Bracelet","Meat on the Bone","Bird Faced Urn","Calipers","Orichalcum","Regal Pillow","Matryoshka","Oddly Smooth Stone"],"potions_floor_usage":[6,16,16,21,23,24,25,27,33,33,33,35,35,39,39,41,41,42,50,50,50],"damage_taken":[{"damage":0,"enemies":"Small Slimes","floor":1,"turns":4},{"damage":4,"enemies":"Jaw Worm","floor":4,"turns":3},{"damage":17,"enemies":"3 Sentries","floor":6,"turns":9},{"damage":19,"enemies":"Lagavulin","floor":8,"turns":6},{"damage":0,"enemies":"Cultist","floor":11,"turns":2},{"damage":10,"enemies":"3 Sentries","floor":13,"turns":5},{"damage":0,"enemies":"Gremlin Gang","floor":14,"turns":4},{"damage":30,"enemies":"The Guardian","floor":16,"turns":11},{"damage":0,"enemies":"3 Byrds","floor":18,"turns":6},{"damage":8,"enemies":"2 Thieves","floor":21,"turns":4},{"damage":4,"enemies":"Book of Stabbing","floor":23,"turns":5},{"damage":0,"enemies":"3 Cultists","floor":24,"turns":4},{"damage":16,"enemies":"Snecko","floor":25,"turns":4},{"damage":10,"enemies":"Centurion and Healer","floor":27,"turns":3},{"damage":11,"enemies":"Champ","floor":33,"turns":8},{"damage":14,"enemies":"3 Darklings","floor":35,"turns":3},{"damage":5,"floor":36,"turns":4},{"damage":16,"enemies":"Flame Bruiser 1 Orb","floor":38,"turns":5},{"damage":31,"enemies":"4 Shapes","floor":39,"turns":4},{"damage":21,"enemies":"Nemesis","floor":41,"turns":7},{"damage":23,"enemies":"Maw","floor":42,"turns":8},{"damage":49,"enemies":"Giant Head","floor":45,"turns":7},{"damage":50,"enemies":"Awakened One","floor":50,"turns":10}],"seed_played":"5698958945017536290","potions_obtained":[{"floor":1,"key":"SteroidPotion"},{"floor":4,"key":"Dexterity Potion"},{"floor":11,"key":"Regen Potion"},{"floor":21,"key":"PowerPotion"},{"floor":23,"key":"LiquidBronze"},{"floor":33,"key":"SkillPotion"},{"floor":38,"key":"Poison Potion"},{"floor":39,"key":"GamblersBrew"}],"is_trial":false,"path_per_floor":["M","?","T","M","$","E","R","E","T","R","M","R","E","M","R","B",null,"M","?","T","M","?","E","M","M","T","M","$","R","?","?","R","B",null,"M","?","?","M","M","R","E","M","T","R","E","R","$","?","R","B"],"character_chosen":"THE_SILENT","items_purchased":["Tiny Chest","Dagger Throw","Kunai","Flash of Steel","Dash","PowerPotion","Oddly Smooth Stone"],"campfire_rested":7,"item_purchase_floors":[5,5,28,28,47,47,47],"current_hp_per_floor":[70,59,59,55,55,38,59,40,40,40,40,40,30,30,51,21,70,70,57,57,61,61,64,64,48,48,38,38,62,56,40,64,68,82,68,65,65,53,38,62,45,44,44,82,49,49,49,49,82,48],"gold":85,"neow_bonus":"BOSS_RELIC","is_prod":false,"is_daily":false,"chose_seed":false,"campfire_upgraded":3,"win_rate":0,"timestamp":1533602404,"path_taken":["M","?","?","?","$","E","R","E","T","R","?","R","E","M","R","BOSS","M","?","?","M","?","E","?","M","T","M","$","R","?","?","R","BOSS","M","?","?","M","M","R","E","M","T","R","E","R","$","?","R","BOSS"],"build_version":"2018-08-02","purchased_purges":1,"victory":true,"max_hp_per_floor":[70,70,70,70,70,70,70,70,70,70,70,70,70,70,70,70,70,70,75,75,75,75,82,82,82,82,82,82,82,82,82,82,82,82,82,82,82,82,82,82,82,82,82,82,82,82,82,82,82,82],"card_choices":[{"not_picked":["Calculated Gamble","PiercingWail"],"picked":"Flying Knee","floor":1},{"not_picked":["Tactician","Acrobatics"],"picked":"Sucker Punch","floor":4},{"not_picked":["Dodge and Roll","Backstab"],"picked":"Noxious Fumes","floor":6},{"not_picked":["Deflect","Footwork"],"picked":"Skewer","floor":8},{"not_picked":["Backflip","Prepared"],"picked":"Dagger Throw","floor":11},{"not_picked":["Backflip","Poisoned Stab"],"picked":"Venomology","floor":13},{"not_picked":["Prepared","Dash"],"picked":"Cloak And Dagger","floor":14},{"not_picked":["Venomology","Burst"],"picked":"After Image+1","floor":16},{"not_picked":["Poisoned Stab","PiercingWail"],"picked":"Finisher+1","floor":18},{"not_picked":["Masterful Stab+1","Riddle With Holes+1"],"picked":"Choke+1","floor":21},{"not_picked":["Caltrops+1","PiercingWail"],"picked":"Dagger Spray","floor":23},{"not_picked":["Distraction","PiercingWail+1","Leg Sweep"],"picked":"SKIP","floor":24},{"not_picked":["Deadly Poison","Corpse Explosion"],"picked":"Dagger Spray+1","floor":25},{"not_picked":["Sucker Punch","PiercingWail","Underhanded Strike"],"picked":"SKIP","floor":27},{"not_picked":["Storm of Steel","Unload"],"picked":"Tools of the Trade+1","floor":33},{"not_picked":["Escape Plan","PiercingWail+1"],"picked":"Outmaneuver+1","floor":35},{"not_picked":["Dash+1","Blur"],"picked":"Cloak And Dagger","floor":36},{"not_picked":["Dodge and Roll+1","Backstab+1"],"picked":"Finisher+1","floor":38},{"not_picked":["Doppelganger","Dagger Spray"],"picked":"Caltrops+1","floor":39},{"not_picked":["Prepared+1","Dodge and Roll+1"],"picked":"Well Laid Plans+1","floor":41},{"not_picked":["Dagger Throw","Sucker Punch+1"],"picked":"Choke+1","floor":42},{"not_picked":["Heel Hook+1","Bane+1"],"picked":"Prepared","floor":45}],"player_experience":237528,"relics_obtained":[{"floor":3,"key":"Bag of Marbles"},{"floor":6,"key":"Lantern"},{"floor":8,"key":"Smiling Mask"},{"floor":9,"key":"Shuriken"},{"floor":13,"key":"Frozen Egg 2"},{"floor":20,"key":"Bottled Lightning"},{"floor":23,"key":"Strawberry"},{"floor":26,"key":"The Courier"},{"floor":31,"key":"Necronomicon"},{"floor":34,"key":"Juzu Bracelet"},{"floor":34,"key":"Meat on the Bone"},{"floor":34,"key":"Bird Faced Urn"},{"floor":36,"key":"Calipers"},{"floor":41,"key":"Orichalcum"},{"floor":43,"key":"Regal Pillow"},{"floor":45,"key":"Matryoshka"}],"event_choices":[{"event_name":"World of Goop","player_choice":"Gather Gold","floor":2,"damage_taken":0},{"event_name":"Forgotten Altar","player_choice":"Shed Blood","floor":19,"damage_taken":0},{"event_name":"Back to Basics","player_choice":"Simplicity","floor":22,"damage_taken":0},{"event_name":"Nest","player_choice":"Joined the Cult","floor":30,"damage_taken":0},{"event_name":"Cursed Tome","player_choice":"Obtained Book","floor":31,"damage_taken":0},{"event_name":"MindBloom","player_choice":"Fight","floor":36,"damage_taken":0},{"event_name":"Tomb of Lord Red Mask","player_choice":"Ignored","floor":37,"damage_taken":0},{"event_name":"Falling","player_choice":"Removed Power","floor":48,"damage_taken":0}],"is_beta":false,"boss_relics":[{"not_picked":["Lizard Tail","Coffee Dripper"],"picked":"Runic Dome"},{"not_picked":["White Beast Statue","Orrery"],"picked":"Calling Bell"}],"items_purged_floors":[47],"is_endless":false,"potions_floor_spawned":[1,4,11,21,23,33,38,39],"ascension_level":3}