{"gold_per_floor":[365,92,92,92,107,135,135,135,135,84,84,118,137,164,164,269,269,234,246,265,265,87,120,120,120,120,120,139,139,174,203,203,301,301,311,311,311,311,53,53,83,95,95,495,525,525,537,549,549,549,549,549,107,139,139],"floor_reached":56,"playtime":3536,"items_purged":["Strike_R","Strike_R","Defend_R","Defend_R"],"score":1382,"play_id":"51d577cb-3faa-4405-b807-2f2cec7a2ccd","local_time":"20190805195859","is_ascension_mode":false,"campfire_choices":[{"data":"Uppercut","floor":8.0,"key":"SMITH"},{"floor":11.0,"key":"REST"},{"data":"True Grit","floor":15.0,"key":"SMITH"},{"data":"Rage","floor":24.0,"key":"SMITH"},{"data":"Shame","floor":27.0,"key":"PURGE"},{"data":"Strike_R","floor":29.0,"key":"PURGE"},{"data":"Strike_R","floor":32.0,"key":"PURGE"},{"data":"Barricade","floor":40.0,"key":"SMITH"},{"floor":46.0,"key":"RECALL"},{"data":"Double Tap","floor":49.0,"key":"SMITH"},{"data":"Impervious","floor":52.0,"key":"SMITH"}],"neow_cost":"TEN_PERCENT_HP_LOSS","seed_source_timestamp":1212080144802607,"circlet_count":0,"master_deck":["Defend_R","Defend_R","Bash","Uppercut+1","Seeing Red","True Grit+1","Iron Wave+1","Dropkick+1","Barricade+1","Headbutt+1","Pommel Strike+1","Rage+1","Sword Boomerang+1","Shrug It Off","Bludgeon+1","Double Tap+1","Seeing Red","Shrug It Off+1","Pommel Strike+1","Battle Trance","Madness","Madness","Flash of Steel+1","Metallicize","Rage+1","Dual Wield+1","Parasite","Impervious+1","Spot Weakness+1"],"special_seed":0,"relics":["Burning Blood","Centennial Puzzle","Molten Egg 2","Anchor","Darkstone Periapt","PreservedInsect","Kunai","Cursed Key","Peace Pipe","Pear","Happy Flower","Red Mask","Orrery","Shuriken","Old Coin","The Courier","Toy Ornithopter","War Paint","Strawberry"],"potions_floor_usage":[55,55,55],"damage_taken":[{"damage":1.0,"enemies":"Cultist","floor":1.0,"turns":3.0},{"damage":7.0,"enemies":"Jaw Worm","floor":5.0,"turns":4.0},{"damage":29.0,"enemies":"Lagavulin","floor":6.0,"turns":9.0},{"damage":47.0,"enemies":"3 Sentries","floor":12.0,"turns":12.0},{"damage":0.0,"enemies":"Small Slimes","floor":13.0,"turns":3.0},{"damage":6.0,"enemies":"Lagavulin","floor":14.0,"turns":6.0},{"damage":42.0,"enemies":"Hexaghost","floor":16.0,"turns":16.0},{"damage":4.0,"enemies":"2 Thieves","floor":18.0,"turns":5.0},{"damage":0.0,"enemies":"Spheric Guardian","floor":19.0,"turns":6.0},{"damage":1.0,"enemies":"Snake Plant","floor":20.0,"turns":3.0},{"damage":0.0,"enemies":"Slavers","floor":23.0,"turns":4.0},{"damage":3.0,"enemies":"Chosen and Byrds","floor":28.0,"turns":5.0},{"damage":0.0,"enemies":"Gremlin Leader","floor":30.0,"turns":9.0},{"damage":8.0,"enemies":"Masked Bandits","floor":31.0,"turns":4.0},{"damage":13.0,"enemies":"Champ","floor":33.0,"turns":16.0},{"damage":0.0,"enemies":"Orb Walker","floor":35.0,"turns":4.0},{"damage":0.0,"enemies":"Giant Head","floor":41.0,"turns":8.0},{"damage":0.0,"enemies":"3 Shapes","floor":42.0,"turns":5.0},{"damage":0.0,"enemies":"Mind Bloom Boss Battle","floor":44.0,"turns":5.0},{"damage":0.0,"enemies":"Reptomancer","floor":45.0,"turns":3.0},{"damage":0.0,"enemies":"3 Darklings","floor":47.0,"turns":6.0},{"damage":0.0,"enemies":"Sphere and 2 Shapes","floor":48.0,"turns":6.0},{"damage":9.0,"enemies":"Awakened One","floor":50.0,"turns":15.0},{"damage":1,"enemies":"Shield and Spear","floor":54,"turns":4},{"damage":94,"enemies":"The Heart","floor":55,"turns":13}],"seed_played":"-1668053911658102812","potions_obtained":[{"floor":1.0,"key":"Regen Potion"},{"floor":12.0,"key":"BloodPotion"},{"floor":13.0,"key":"Ancient Potion"},{"floor":16.0,"key":"Strength Potion"},{"floor":18.0,"key":"Poison Potion"},{"floor":23.0,"key":"AttackPotion"},{"floor":31.0,"key":"Strength Potion"},{"floor":35.0,"key":"AttackPotion"},{"floor":48.0,"key":"SpeedPotion"}],"is_trial":false,"path_per_floor":["M","$","?","?","M","E","?","R","T","$","R","E","M","E","R","B",null,"M","M","M","?","$","E","R","?","T","R","M","R","E","?","R","B",null,"M","?","?","?","$","R","E","M","T","?","E","R","M","M","R","B",null,"R","$","E","B",null],"character_chosen":"IRONCLAD","items_purchased":["Shrug It Off","Centennial Puzzle","True Grit","Rage","Flash of Steel+1","Metallicize","Toy Ornithopter","War Paint","PowerPotion"],"campfire_rested":1,"item_purchase_floors":[2,2,10,22,39,39,53,53,53],"current_hp_per_floor":[72,72,77,70,69,46,28,28,28,28,51,10,16,16,16,13,77,77,77,77,63,63,69,69,82,98,98,98,98,98,96,96,89,98,98,86,86,86,86,86,92,98,104,104,104,104,104,104,104,101,104,104,104,111,28],"gold":139,"neow_bonus":"TWO_FIFTY_GOLD","is_prod":false,"is_daily":false,"chose_seed":false,"campfire_upgraded":6,"win_rate":0,"timestamp":1565049539,"path_taken":["M","$","?","?","?","E","?","R","T","$","R","E","M","E","R","BOSS","M","M","M","?","$","E","R","?","T","R","?","R","E","?","R","BOSS","M","?","?","?","$","R","E","?","T","?","E","R","M","M","R","BOSS","R","$","E","BOSS"],"build_version":"2019-07-17","purchased_purges":4,"victory":true,"max_hp_per_floor":[72,72,77,77,77,77,77,77,77,77,77,77,77,77,77,77,77,77,77,77,82,82,82,82,82,98,98,98,98,98,98,98,98,98,98,98,98,98,98,98,98,98,104,104,104,104,104,104,104,104,104,104,104,111,111],"card_choices":[{"not_picked":["Warcry","Thunderclap"],"picked":"Uppercut","floor":1.0},{"not_picked":["Feel No Pain","Intimidate","Perfected Strike"],"picked":"SKIP","floor":5.0},{"not_picked":["Clash","Barricade"],"picked":"Seeing Red","floor":6.0},{"not_picked":["Brutality","Pommel Strike+1"],"picked":"Iron Wave+1","floor":12.0},{"not_picked":["Reckless Charge+1","Heavy Blade+1","Flex"],"picked":"SKIP","floor":13.0},{"not_picked":["Burning Pact","Sever Soul+1"],"picked":"Dropkick+1","floor":14.0},{"not_picked":["Brutality","Impervious"],"picked":"Barricade","floor":16.0},{"not_picked":["Clash+1","Perfected Strike+1"],"picked":"Headbutt+1","floor":18.0},{"not_picked":["Second Wind","Corruption+1","Flex+1"],"picked":"SKIP","floor":19.0},{"not_picked":["Havoc","Hemokinesis+1"],"picked":"Pommel Strike+1","floor":20.0},{"not_picked":["Heavy Blade+1","Wild Strike+1"],"picked":"Sword Boomerang+1","floor":23.0},{"not_picked":["Armaments+1","Perfected Strike+1"],"picked":"Shrug It Off","floor":28.0},{"not_picked":["Anger+1","Shockwave"],"picked":"Bludgeon+1","floor":30.0},{"not_picked":["Demon Form","Bludgeon+1"],"picked":"Double Tap","floor":33.0},{"not_picked":["Burning Pact","Thunderclap+1"],"picked":"Seeing Red","floor":34.0},{"not_picked":["Sword Boomerang+1","True Grit+1"],"picked":"Shrug It Off","floor":34.0},{"not_picked":["Headbutt+1","Clothesline+1"],"picked":"Pommel Strike+1","floor":34.0},{"not_picked":["Cleave+1","Anger+1"],"picked":"Battle Trance","floor":35.0},{"not_picked":["Reckless Charge+1","Shrug It Off+1"],"picked":"Rage+1","floor":41.0},{"not_picked":["Clothesline+1","Clash+1"],"picked":"Dual Wield+1","floor":42.0},{"not_picked":["Dual Wield+1","Disarm+1"],"picked":"Impervious","floor":45.0},{"not_picked":["Rage+1","Clash+1","Sword Boomerang+1"],"picked":"SKIP","floor":47.0},{"not_picked":["Cleave+1","Flex+1"],"picked":"Spot Weakness","floor":48.0},{"not_picked":["Bloodletting","Warcry+1","Berserk"],"picked":"SKIP","floor":54}],"player_experience":1216224,"relics_obtained":[{"floor":6.0,"key":"Molten Egg 2"},{"floor":9.0,"key":"Darkstone Periapt"},{"floor":12.0,"key":"PreservedInsect"},{"floor":14.0,"key":"Kunai"},{"floor":23.0,"key":"Peace Pipe"},{"floor":26.0,"key":"Pear"},{"floor":30.0,"key":"Happy Flower"},{"floor":31.0,"key":"Red Mask"},{"floor":41.0,"key":"Shuriken"},{"floor":44.0,"key":"Old Coin"},{"floor":45.0,"key":"The Courier"},{"floor":54,"key":"Strawberry"}],"event_choices":[{"damage_healed":0.0,"max_hp_gain":5.0,"max_hp_loss":0.0,"gold_gain":0.0,"event_name":"Big Fish","player_choice":"Donut","floor":3.0,"gold_loss":0.0,"damage_taken":0.0},{"cards_removed":["Strike_R"],"damage_healed":0.0,"max_hp_gain":0.0,"max_hp_loss":0.0,"gold_gain":0.0,"event_name":"Golden Wing","player_choice":"Card Removal","floor":4.0,"gold_loss":0.0,"damage_taken":7.0},{"damage_healed":0.0,"max_hp_gain":0.0,"max_hp_loss":0.0,"gold_gain":0.0,"event_name":"Scrap Ooze","player_choice":"Success","floor":7.0,"gold_loss":0.0,"damage_taken":18.0,"relics_obtained":["Anchor"]},{"damage_healed":0.0,"max_hp_gain":5.0,"max_hp_loss":0.0,"gold_gain":0.0,"event_name":"Forgotten Altar","player_choice":"Shed Blood","floor":21.0,"gold_loss":0.0,"damage_taken":19.0},{"damage_healed":13.0,"max_hp_gain":0.0,"max_hp_loss":0.0,"gold_gain":0.0,"event_name":"Wheel of Change","player_choice":"Full Heal","floor":25.0,"gold_loss":0.0,"damage_taken":0.0},{"damage_healed":0.0,"max_hp_gain":0.0,"max_hp_loss":0.0,"gold_gain":0.0,"event_name":"Masked Bandits","player_choice":"Fought Bandits","floor":31.0,"gold_loss":0.0,"damage_taken":0.0},{"damage_healed":0.0,"max_hp_gain":0.0,"max_hp_loss":0.0,"gold_gain":0.0,"event_name":"Winding Halls","player_choice":"Embrace Madness","floor":36.0,"gold_loss":0.0,"damage_taken":12.0,"cards_obtained":["Madness","Madness"]},{"cards_removed":["Shrug It Off"],"damage_healed":0.0,"max_hp_gain":0.0,"max_hp_loss":0.0,"gold_gain":0.0,"event_name":"Falling","player_choice":"Removed Skill","floor":37.0,"gold_loss":0.0,"damage_taken":0.0},{"damage_healed":0.0,"max_hp_gain":0.0,"max_hp_loss":0.0,"gold_gain":0.0,"event_name":"SecretPortal","player_choice":"Ignored","floor":38.0,"gold_loss":0.0,"damage_taken":0.0},{"damage_healed":0.0,"max_hp_gain":0.0,"max_hp_loss":0.0,"gold_gain":0.0,"event_name":"MindBloom","player_choice":"Fight","floor":44.0,"gold_loss":0.0,"damage_taken":0.0}],"is_beta":false,"boss_relics":[{"not_picked":["Empty Cage","Velvet Choker"],"picked":"Cursed Key"},{"not_picked":["White Beast Statue","Black Blood"],"picked":"Orrery"}],"items_purged_floors":[2,22,39,53],"is_endless":false,"potions_floor_spawned":[1,12,13,16,18,23,31,35,48,54],"ascension_level":0}