{"gold_per_floor":[359,309,0,0,25,63,63,78,78,111,111,36,57,57,57,177,177,197,50,70,90,114,114,158,158,183,226,141,41,64,84,84,213,213,226,251,676,692,713,748,771,771,771,794,813,813,846,846,846,846,846,846,174,210,210],"floor_reached":56,"playtime":3024,"items_purged":["Strike_R","Strike_R+1","Bash"],"score":1359,"play_id":"e949bec5-0efd-4990-ba17-95453f062749","local_time":"20190528234256","is_ascension_mode":false,"campfire_choices":[{"data":"Body Slam","floor":7,"key":"SMITH"},{"data":"Body Slam","floor":15,"key":"SMITH"},{"floor":23,"key":"REST"},{"floor":32,"key":"RECALL"},{"floor":42,"key":"REST"},{"floor":49,"key":"REST"},{"floor":52,"key":"REST"}],"neow_cost":"CURSE","seed_source_timestamp":679642188437752,"circlet_count":0,"master_deck":["Defend_R+1","Defend_R+1","Defend_R+1","Defend_R+1","Pummel","Body Slam+1","Body Slam+1","Shrug It Off+1","Disarm+1","Anger","Armaments+1","Barricade","Inflame","Shockwave+1","Twin Strike+1","Flame Barrier+1","Pommel Strike+1","Seeing Red+1","Double Tap+1","Headbutt+1","Warcry+1","Shrug It Off+1","Metallicize+1"],"relics":["Burning Blood","Kunai","Golden Idol","Toxic Egg 2","Pocketwatch","Bag of Preparation","Vajra","Fusion Hammer","Lantern","Bottled Lightning","Shuriken","Frozen Egg 2","Empty Cage","Old Coin","Unceasing Top","Dodecahedron","Prayer Wheel","Blue Candle","Anchor","StoneCalendar","Bronze Scales"],"potions_floor_usage":[54,55,55,55],"damage_taken":[{"damage":7,"enemies":"Small Slimes","floor":1,"turns":4},{"damage":3,"enemies":"2 Louse","floor":5,"turns":3},{"damage":42,"enemies":"Lagavulin","floor":6,"turns":9},{"damage":3,"enemies":"Jaw Worm","floor":8,"turns":3},{"damage":18,"enemies":"3 Sentries","floor":10,"turns":10},{"damage":0,"enemies":"Exordium Thugs","floor":13,"turns":5},{"damage":8,"enemies":"Hexaghost","floor":16,"turns":8},{"damage":0,"enemies":"Shell Parasite","floor":18,"turns":4},{"damage":9,"enemies":"2 Thieves","floor":20,"turns":4},{"damage":16,"enemies":"Snecko","floor":21,"turns":5},{"damage":9,"enemies":"3 Cultists","floor":22,"turns":4},{"damage":23,"enemies":"Slavers","floor":24,"turns":6},{"damage":0,"enemies":"Book of Stabbing","floor":27,"turns":5},{"damage":0,"enemies":"Cultist and Chosen","floor":30,"turns":4},{"damage":0,"enemies":"Shelled Parasite and Fungi","floor":31,"turns":5},{"damage":41,"enemies":"Automaton","floor":33,"turns":9},{"damage":0,"enemies":"3 Shapes","floor":35,"turns":4},{"damage":0,"enemies":"Orb Walker","floor":36,"turns":3},{"damage":16,"enemies":"Mind Bloom Boss Battle","floor":37,"turns":4},{"damage":21,"enemies":"4 Shapes","floor":38,"turns":5},{"damage":0,"enemies":"Jaw Worm Horde","floor":39,"turns":6},{"damage":8,"enemies":"Nemesis","floor":40,"turns":7},{"damage":0,"enemies":"Spire Growth","floor":41,"turns":4},{"damage":0,"enemies":"Writhing Mass","floor":44,"turns":4},{"damage":0,"enemies":"4 Shapes","floor":45,"turns":4},{"damage":0,"enemies":"Giant Head","floor":47,"turns":5},{"damage":6,"enemies":"Time Eater","floor":50,"turns":7},{"damage":10,"enemies":"Shield and Spear","floor":54,"turns":5},{"damage":0,"enemies":"The Heart","floor":55,"turns":8}],"seed_played":"4692586057988143131","potions_obtained":[{"floor":5,"key":"Strength Potion"},{"floor":10,"key":"BloodPotion"},{"floor":21,"key":"BloodPotion"},{"floor":27,"key":"FairyPotion"},{"floor":31,"key":"PowerPotion"},{"floor":35,"key":"Dexterity Potion"},{"floor":54,"key":"Strength Potion"}],"is_trial":false,"path_per_floor":["M","?","$","?","M","E","R","M","T","E","?","$","M","?","R","B",null,"M","$","M","M","M","R","E","?","T","E","?","$","M","M","R","B",null,"M","M","?","M","M","E","M","R","T","M","M","?","E","T","R","B",null,"R","$","E","B",null],"character_chosen":"IRONCLAD","items_purchased":["Kunai","Body Slam","Lantern","Anchor","Shrug It Off+1","Metallicize+1","StoneCalendar"],"campfire_rested":4,"item_purchase_floors":[3,3,19,53,53,53,53],"current_hp_per_floor":[79,79,79,59,62,26,26,29,29,17,17,17,23,23,23,21,80,80,80,77,67,64,80,63,63,63,69,69,69,75,80,80,45,80,80,80,70,55,61,59,65,80,80,80,80,76,76,76,76,76,76,76,76,72,76],"gold":210,"neow_bonus":"TWO_FIFTY_GOLD","is_prod":false,"is_daily":false,"chose_seed":false,"campfire_upgraded":2,"win_rate":0,"timestamp":1559101376,"path_taken":["M","?","$","?","M","E","R","M","T","E","?","$","?","?","R","BOSS","M","$","M","?","M","R","E","?","T","E","?","?","M","M","R","BOSS","M","M","?","M","M","E","M","R","T","M","M","?","E","?","R","BOSS","R","$","E","BOSS"],"build_version":"2019-01-23","purchased_purges":3,"victory":true,"max_hp_per_floor":[80,80,80,80,80,80,80,80,80,80,80,80,80,80,80,80,80,80,80,80,80,80,80,80,80,80,80,80,80,80,80,80,80,80,80,80,80,80,80,80,80,80,80,80,80,76,76,76,76,76,76,76,76,76,76],"card_choices":[{"not_picked":["Bloodletting","Havoc"],"picked":"Pummel","floor":1},{"not_picked":["Feel No Pain","Reckless Charge"],"picked":"Body Slam","floor":5},{"not_picked":["Flex","Corruption"],"picked":"Shrug It Off","floor":6},{"not_picked":["Clothesline","Battle Trance+1"],"picked":"Disarm+1","floor":8},{"not_picked":["Reaper","Pommel Strike"],"picked":"Anger","floor":10},{"not_picked":["Clothesline","Headbutt"],"picked":"Armaments+1","floor":13},{"not_picked":["Fiend Fire","Brutality"],"picked":"Barricade","floor":16},{"not_picked":["Hemokinesis","Corruption+1","Perfected Strike+1"],"picked":"SKIP","floor":18},{"not_picked":["Clash","Wild Strike","Dual Wield+1"],"picked":"SKIP","floor":20},{"not_picked":["Hemokinesis","Sentinel+1"],"picked":"Inflame","floor":21},{"not_picked":["Flex+1","Anger+1"],"picked":"Shockwave+1","floor":22},{"not_picked":["Rupture","Limit Break+1","Sword Boomerang"],"picked":"SKIP","floor":24},{"not_picked":["Pommel Strike","Sword Boomerang"],"picked":"Twin Strike+1","floor":27},{"not_picked":["Heavy Blade","Infernal Blade+1"],"picked":"Flame Barrier+1","floor":30},{"not_picked":["Headbutt+1","Shrug It Off+1","Sword Boomerang"],"picked":"SKIP","floor":31},{"not_picked":["Pommel Strike","Perfected Strike+1","Cleave"],"picked":"SKIP","floor":35},{"not_picked":["Anger","Shockwave+1"],"picked":"Pommel Strike+1","floor":36},{"not_picked":["Twin Strike+1","Burning Pact+1","Iron Wave+1"],"picked":"SKIP","floor":38},{"not_picked":["Thunderclap+1","Intimidate+1"],"picked":"Seeing Red+1","floor":39},{"not_picked":["Sever Soul","Warcry+1"],"picked":"Double Tap+1","floor":40},{"not_picked":["Clash","Flex+1"],"picked":"Headbutt+1","floor":41},{"not_picked":["Pommel Strike+1","Sword Boomerang","Cleave+1"],"picked":"SKIP","floor":44},{"not_picked":["Twin Strike","Wild Strike","Exhume+1"],"picked":"SKIP","floor":45},{"not_picked":["Warcry+1","Havoc+1","Corruption+1"],"picked":"SKIP","floor":47},{"not_picked":["Havoc+1","Corruption+1"],"picked":"Warcry+1","floor":47},{"not_picked":["Cleave","Wild Strike","Sword Boomerang"],"picked":"SKIP","floor":54}],"player_experience":941310,"relics_obtained":[{"floor":6,"key":"Toxic Egg 2"},{"floor":9,"key":"Pocketwatch"},{"floor":10,"key":"Bag of Preparation"},{"floor":11,"key":"Vajra"},{"floor":24,"key":"Bottled Lightning"},{"floor":27,"key":"Shuriken"},{"floor":37,"key":"Old Coin"},{"floor":40,"key":"Unceasing Top"},{"floor":43,"key":"Dodecahedron"},{"floor":47,"key":"Prayer Wheel"},{"floor":48,"key":"Blue Candle"},{"floor":54,"key":"Bronze Scales"}],"event_choices":[{"cards_removed":["Decay"],"damage_healed":0,"gold_gain":0,"player_choice":"Card Removal","damage_taken":0,"max_hp_gain":0,"max_hp_loss":0,"event_name":"The Cleric","floor":2,"gold_loss":50},{"damage_healed":0,"gold_gain":0,"player_choice":"Take Damage","damage_taken":20,"relics_obtained":["Golden Idol"],"max_hp_gain":0,"max_hp_loss":0,"event_name":"Golden Idol","floor":4,"gold_loss":0},{"damage_healed":0,"gold_gain":0,"player_choice":"Relic","damage_taken":0,"max_hp_gain":0,"max_hp_loss":0,"event_name":"Wheel of Change","floor":11,"gold_loss":0},{"cards_removed":["Strike_R"],"damage_healed":0,"gold_gain":0,"player_choice":"Offered Basic","damage_taken":0,"max_hp_gain":0,"max_hp_loss":0,"event_name":"Bonfire Elementals","floor":14,"gold_loss":0},{"damage_healed":0,"gold_gain":0,"player_choice":"Simplicity","damage_taken":0,"max_hp_gain":0,"max_hp_loss":0,"event_name":"Back to Basics","floor":25,"gold_loss":0,"cards_upgraded":["Strike_R","Strike_R","Strike_R","Defend_R","Defend_R","Defend_R","Defend_R"]},{"damage_healed":0,"gold_gain":0,"player_choice":"Obtained Relic","damage_taken":0,"relics_obtained":["Frozen Egg 2"],"max_hp_gain":0,"max_hp_loss":0,"event_name":"Addict","floor":28,"gold_loss":85},{"damage_healed":0,"gold_gain":0,"player_choice":"Fight","damage_taken":0,"max_hp_gain":0,"max_hp_loss":0,"event_name":"MindBloom","floor":37,"gold_loss":0},{"damage_healed":0,"gold_gain":0,"player_choice":"Max HP","damage_taken":0,"max_hp_gain":0,"max_hp_loss":4,"event_name":"Winding Halls","floor":46,"gold_loss":0}],"is_beta":false,"boss_relics":[{"not_picked":["Runic Pyramid","Ectoplasm"],"picked":"Fusion Hammer"},{"not_picked":["Calling Bell","Snecko Eye"],"picked":"Empty Cage"}],"items_purged_floors":[12,29,53],"is_endless":false,"potions_floor_spawned":[5,10,21,22,27,30,31,35,41,44,54],"ascension_level":0}