{"gold_per_floor":[117,192,206,222,222,256,25,58,82,100,0,0,14,46,46,46],"floor_reached":16,"playtime":741,"items_purged":["Regret","Defend_G"],"score":120,"play_id":"98599024-119e-4722-aa5e-c2245bee19e0","local_time":"20190519222907","is_ascension_mode":false,"campfire_choices":[{"data":"Neutralize","floor":15,"key":"SMITH"}],"neow_cost":"NONE","seed_source_timestamp":757080377195615,"circlet_count":0,"master_deck":["Defend_G","Defend_G","Defend_G","Defend_G","Strike_G","Strike_G","Strike_G","Survivor","Neutralize+1","Quick Slash","Calculated Gamble","Deadly Poison","Deflect","Die Die Die","Tools of the Trade","Poisoned Stab","Flying Knee","Footwork"],"relics":["Ring of the Snake","Vajra","Oddly Smooth Stone","Potion Belt","Darkstone Periapt"],"potions_floor_usage":[14,14,16],"damage_taken":[{"damage":0,"enemies":"2 Louse","floor":1,"turns":3},{"damage":0,"enemies":"Jaw Worm","floor":3,"turns":4},{"damage":0,"enemies":"Small Slimes","floor":4,"turns":4},{"damage":25,"enemies":"Gremlin Nob","floor":6,"turns":5},{"damage":11,"enemies":"3 Sentries","floor":8,"turns":8},{"damage":1,"enemies":"Looter","floor":10,"turns":3},{"damage":2,"enemies":"Exordium Thugs","floor":13,"turns":4},{"damage":3,"enemies":"Lagavulin","floor":14,"turns":5},{"damage":30,"enemies":"Slime Boss","floor":16,"turns":7}],"seed_played":"2848658603319923995","potions_obtained":[{"floor":1,"key":"Regen Potion"},{"floor":6,"key":"SteroidPotion"},{"floor":8,"key":"PowerPotion"},{"floor":10,"key":"LiquidBronze"},{"floor":13,"key":"Strength Potion"}],"is_trial":false,"path_per_floor":["M","?","M","M","?","E","$","E","T","M","$","?","M","E","R","B"],"character_chosen":"THE_SILENT","items_purchased":["Die Die Die"],"campfire_rested":0,"item_purchase_floors":[7],"current_hp_per_floor":[70,59,59,59,59,34,34,23,23,22,22,15,13,24,24,0],"gold":46,"neow_bonus":"REMOVE_CARD","is_prod":false,"is_daily":false,"chose_seed":false,"campfire_upgraded":1,"win_rate":0,"timestamp":1558319347,"path_taken":["M","?","M","M","?","E","?","E","T","M","$","?","M","E","R","BOSS"],"build_version":"2019-01-23","purchased_purges":2,"victory":false,"max_hp_per_floor":[70,70,70,70,70,70,70,70,70,70,70,70,70,70,70,70],"card_choices":[{"not_picked":["Expertise","Outmaneuver"],"picked":"Quick Slash","floor":1},{"not_picked":["Acrobatics","Heel Hook"],"picked":"Calculated Gamble","floor":3},{"not_picked":["Calculated Gamble","Dagger Throw"],"picked":"Deadly Poison","floor":4},{"not_picked":["Slice","Quick Slash"],"picked":"Deflect","floor":6},{"not_picked":["Distraction","Dodge and Roll"],"picked":"Tools of the Trade","floor":8},{"not_picked":["Dodge and Roll","Concentrate"],"picked":"Poisoned Stab","floor":10},{"not_picked":["Choke","Slice"],"picked":"Flying Knee","floor":13},{"not_picked":["Poisoned Stab","Acrobatics"],"picked":"Footwork","floor":14}],"player_experience":914676,"relics_obtained":[{"floor":6,"key":"Oddly Smooth Stone"},{"floor":8,"key":"Potion Belt"},{"floor":14,"key":"Darkstone Periapt"}],"event_choices":[{"damage_healed":0,"gold_gain":75,"player_choice":"Gather Gold","damage_taken":11,"max_hp_gain":0,"max_hp_loss":0,"event_name":"World of Goop","floor":2,"gold_loss":0},{"damage_healed":0,"gold_gain":0,"player_choice":"Box","damage_taken":0,"relics_obtained":["Vajra"],"max_hp_gain":0,"max_hp_loss":0,"event_name":"Big Fish","floor":5,"gold_loss":0,"cards_obtained":["Regret"]},{"cards_removed":["Strike_G"],"damage_healed":0,"gold_gain":0,"player_choice":"Card Removal","damage_taken":7,"max_hp_gain":0,"max_hp_loss":0,"event_name":"Golden Wing","floor":12,"gold_loss":0}],"is_beta":false,"boss_relics":[],"items_purged_floors":[7,11],"is_endless":false,"potions_floor_spawned":[1,6,8,10,13],"killed_by":"Slime Boss","ascension_level":0}