{"gold_per_floor":[214,214,227,302,312,312,312,312,312,343,363,363,394,408,408,505,505,515,215,227,227,31,31,45,45,45,72,83,83,116,116,116,211,211,223,271,271,284,194,194,224,224,224,239,252,252,269,91,91,91,91,91,91,125,125],"floor_reached":56,"playtime":2472,"items_purged":["Strike_R"],"score":1373,"play_id":"48d4fb59-b88f-4068-b6ef-6b6a4b7dead7","local_time":"20190205221924","is_ascension_mode":false,"campfire_choices":[{"data":"Searing Blow","floor":6.0,"key":"SMITH"},{"data":"Searing Blow+1","floor":8.0,"key":"SMITH"},{"data":"Searing Blow+2","floor":12.0,"key":"SMITH"},{"data":"Searing Blow+3","floor":15.0,"key":"SMITH"},{"data":"Searing Blow+4","floor":23.0,"key":"SMITH"},{"data":"Searing Blow+5","floor":25.0,"key":"SMITH"},{"floor":32.0,"key":"REST"},{"data":"Searing Blow+7","floor":40.0,"key":"SMITH"},{"data":"Searing Blow+8","floor":42.0,"key":"SMITH"},{"floor":49.0,"key":"RECALL"},{"data":"Searing Blow+9","floor":52.0,"key":"SMITH"}],"neow_cost":"NONE","seed_source_timestamp":1303376737644496,"circlet_count":0,"master_deck":["Strike_R+1","Strike_R+1","Defend_R","Defend_R","Defend_R","Defend_R+1","Bash","Searing Blow+10","Power Through","Disarm","Shrug It Off","Dual Wield","Double Tap","Evolve+1","Headbutt","Secret Weapon","Necronomicurse","Reaper","Uppercut+1","Apotheosis+1","Warcry+1"],"special_seed":0,"relics":["Burning Blood","Frozen Egg 2","Vajra","Mummified Hand","Velvet Choker","Whetstone","Pantograph","Oddly Smooth Stone","Necronomicon","Ancient Tea Set","Sozu","Peace Pipe","Strawberry","Toxic Egg 2","Ice Cream"],"potions_floor_usage":[55,55],"damage_taken":[{"damage":7.0,"enemies":"Small Slimes","floor":1.0,"turns":4.0},{"damage":4.0,"enemies":"Cultist","floor":3.0,"turns":4.0},{"damage":4.0,"enemies":"Jaw Worm","floor":5.0,"turns":4.0},{"damage":32.0,"enemies":"3 Sentries","floor":10.0,"turns":13.0},{"damage":8.0,"enemies":"Red Slaver","floor":11.0,"turns":6.0},{"damage":14.0,"enemies":"Gremlin Nob","floor":13.0,"turns":4.0},{"damage":2.0,"enemies":"3 Louse","floor":14.0,"turns":4.0},{"damage":35.0,"enemies":"Hexaghost","floor":16.0,"turns":11.0},{"damage":12.0,"enemies":"3 Byrds","floor":18.0,"turns":6.0},{"damage":3.0,"enemies":"Shell Parasite","floor":20.0,"turns":3.0},{"damage":20.0,"enemies":"Centurion and Healer","floor":24.0,"turns":5.0},{"damage":16.0,"enemies":"Gremlin Leader","floor":27.0,"turns":3.0},{"damage":0.0,"enemies":"Snake Plant","floor":28.0,"turns":2.0},{"damage":12.0,"enemies":"Book of Stabbing","floor":30.0,"turns":3.0},{"damage":41.0,"enemies":"Champ","floor":33.0,"turns":7.0},{"damage":4.0,"enemies":"Orb Walker","floor":35.0,"turns":4.0},{"damage":4.0,"enemies":"2 Orb Walkers","floor":36.0,"turns":2.0},{"damage":0.0,"enemies":"3 Shapes","floor":38.0,"turns":3.0},{"damage":0.0,"enemies":"Nemesis","floor":41.0,"turns":1.0},{"damage":0.0,"enemies":"Spire Growth","floor":44.0,"turns":1.0},{"damage":0.0,"enemies":"Maw","floor":45.0,"turns":5.0},{"damage":13.0,"enemies":"4 Shapes","floor":47.0,"turns":4.0},{"damage":78.0,"enemies":"Awakened One","floor":50.0,"turns":8.0},{"damage":36.0,"enemies":"Shield and Spear","floor":54.0,"turns":5.0},{"damage":72,"enemies":"The Heart","floor":55,"turns":8}],"seed_played":"4170923532939814637","potions_obtained":[{"floor":5.0,"key":"Regen Potion"},{"floor":10.0,"key":"FearPotion"},{"floor":11.0,"key":"SteroidPotion"},{"floor":18.0,"key":"Explosive Potion"},{"floor":21.0,"key":"Strength Potion"},{"floor":21.0,"key":"PowerPotion"},{"floor":30.0,"key":"SkillPotion"}],"is_trial":false,"path_per_floor":["M","?","M","?","M","R","?","R","T","E","M","R","E","M","R","B",null,"M","$","M","?","$","R","M","R","T","E","M","?","E","?","R","B",null,"M","?","?","M","?","R","E","R","T","M","M","?","M","$","R","B",null,"R","$","E","B",null],"character_chosen":"IRONCLAD","items_purchased":["Evolve+1","Whetstone","Secret Weapon","Apotheosis+1"],"campfire_rested":1,"item_purchase_floors":[19,19,22,48],"current_hp_per_floor":[79,79,80,72,74,74,74,74,74,48,46,46,38,42,42,13,80,74,74,77,77,77,77,63,63,63,53,59,43,37,37,61,61,80,80,80,80,80,80,80,87,87,87,87,87,87,86,86,86,33,87,87,87,57,65],"gold":125,"neow_bonus":"HUNDRED_GOLD","is_prod":false,"is_daily":false,"chose_seed":false,"campfire_upgraded":9,"win_rate":0,"timestamp":1549423164,"path_taken":["M","?","M","?","?","R","?","R","T","E","M","R","E","M","R","BOSS","M","?","M","?","$","R","M","R","T","E","?","?","E","?","R","BOSS","M","?","?","?","?","R","E","R","T","M","?","?","?","$","R","BOSS","R","$","E","BOSS"],"build_version":"2019-01-23","purchased_purges":1,"victory":true,"max_hp_per_floor":[80,80,80,80,80,80,80,80,80,80,80,80,80,80,80,80,80,80,80,80,80,80,80,80,80,80,80,80,80,80,80,80,80,80,80,80,80,80,80,80,87,87,87,87,87,87,87,87,87,87,87,87,87,87,87],"card_choices":[{"not_picked":["Iron Wave","Pommel Strike"],"picked":"Searing Blow","floor":1.0},{"not_picked":["True Grit","Iron Wave"],"picked":"Power Through","floor":3.0},{"not_picked":["Havoc","Infernal Blade"],"picked":"Disarm","floor":5.0},{"not_picked":["Carnage","Flex"],"picked":"Shrug It Off","floor":10.0},{"not_picked":["Shrug It Off","Armaments"],"picked":"Dual Wield","floor":11.0},{"not_picked":["Hemokinesis","Body Slam","Sword Boomerang"],"picked":"SKIP","floor":13.0},{"not_picked":["Twin Strike","Flex","Warcry"],"picked":"SKIP","floor":14.0},{"not_picked":["Immolate","Limit Break"],"picked":"Double Tap","floor":16.0},{"not_picked":["Sword Boomerang","Havoc+1","Corruption+1"],"picked":"SKIP","floor":18.0},{"not_picked":["Heavy Blade+1","Shrug It Off"],"picked":"Headbutt","floor":20.0},{"not_picked":["Entrench+1","Twin Strike","Pummel"],"picked":"SKIP","floor":24.0},{"not_picked":["Hemokinesis+1","Reckless Charge","Ghostly Armor"],"picked":"SKIP","floor":27.0},{"not_picked":["Armaments","Havoc","Bloodletting+1"],"picked":"SKIP","floor":28.0},{"not_picked":["Wild Strike","Iron Wave"],"picked":"Reaper","floor":30.0},{"not_picked":["Clash","Heavy Blade+1"],"picked":"Uppercut+1","floor":35.0},{"not_picked":["Pommel Strike","Twin Strike+1","Juggernaut+1"],"picked":"SKIP","floor":38.0},{"not_picked":["Heavy Blade","Perfected Strike+1","Combust+1"],"picked":"SKIP","floor":41.0},{"not_picked":["Burning Pact+1","Thunderclap","Pummel"],"picked":"SKIP","floor":44.0},{"not_picked":["Wild Strike","Cleave+1","Feel No Pain+1"],"picked":"SKIP","floor":45.0},{"not_picked":["Twin Strike","Perfected Strike","Whirlwind"],"picked":"SKIP","floor":47.0},{"not_picked":["Iron Wave","Perfected Strike"],"picked":"Warcry+1","floor":54.0}],"player_experience":661698,"relics_obtained":[{"floor":10.0,"key":"Vajra"},{"floor":13.0,"key":"Mummified Hand"},{"floor":26.0,"key":"Pantograph"},{"floor":27.0,"key":"Oddly Smooth Stone"},{"floor":29.0,"key":"Necronomicon"},{"floor":30.0,"key":"Ancient Tea Set"},{"floor":36.0,"key":"Peace Pipe"},{"floor":41.0,"key":"Strawberry"},{"floor":43.0,"key":"Toxic Egg 2"},{"floor":54.0,"key":"Ice Cream"}],"event_choices":[{"damage_healed":0.0,"max_hp_gain":0.0,"max_hp_loss":0.0,"gold_gain":0.0,"event_name":"Big Fish","player_choice":"Box","floor":2.0,"gold_loss":0.0,"damage_taken":0.0,"relics_obtained":["Frozen Egg 2"],"cards_obtained":["Regret"]},{"damage_healed":0.0,"max_hp_gain":0.0,"max_hp_loss":0.0,"gold_gain":75.0,"event_name":"FaceTrader","player_choice":"Touch","floor":4.0,"gold_loss":0.0,"damage_taken":8.0},{"cards_removed":["Regret"],"damage_healed":0.0,"max_hp_gain":0.0,"max_hp_loss":0.0,"gold_gain":0.0,"event_name":"Purifier","player_choice":"Purged","floor":7.0,"gold_loss":0.0,"damage_taken":0.0},{"damage_healed":0.0,"max_hp_gain":0.0,"max_hp_loss":0.0,"gold_gain":0.0,"event_name":"Lab","player_choice":"Got Potions","floor":21.0,"gold_loss":0.0,"damage_taken":0.0},{"damage_healed":0.0,"max_hp_gain":0.0,"max_hp_loss":0.0,"gold_gain":0.0,"event_name":"Cursed Tome","player_choice":"Obtained Book","floor":29.0,"gold_loss":0.0,"damage_taken":16.0},{"damage_healed":0.0,"max_hp_gain":0.0,"max_hp_loss":0.0,"gold_gain":0.0,"event_name":"Upgrade Shrine","player_choice":"Upgraded","floor":31.0,"gold_loss":0.0,"damage_taken":0.0,"cards_upgraded":["Searing Blow"]},{"damage_healed":0.0,"max_hp_gain":0.0,"max_hp_loss":0.0,"gold_gain":0.0,"event_name":"Mysterious Sphere","player_choice":"Fight","floor":36.0,"gold_loss":0.0,"damage_taken":0.0},{"damage_healed":0.0,"max_hp_gain":0.0,"max_hp_loss":0.0,"gold_gain":0.0,"event_name":"Match and Keep!","player_choice":"0 cards matched","floor":37.0,"gold_loss":0.0,"damage_taken":0.0,"cards_obtained":[]},{"cards_removed":["Strike_R"],"damage_healed":0.0,"max_hp_gain":0.0,"max_hp_loss":0.0,"gold_gain":0.0,"event_name":"Designer","player_choice":"Upgrade and Remove","floor":39.0,"gold_loss":90.0,"damage_taken":0.0,"cards_upgraded":["Defend_R"]},{"cards_removed":["Strike_R"],"damage_healed":0.0,"max_hp_gain":0.0,"max_hp_loss":0.0,"gold_gain":0.0,"event_name":"Bonfire Elementals","player_choice":"Offered Basic","floor":46.0,"gold_loss":0.0,"damage_taken":0.0}],"is_beta":false,"boss_relics":[{"not_picked":["Coffee Dripper","Tiny House"],"picked":"Velvet Choker"},{"not_picked":["Philosopher\u0027s Stone","Cursed Key"],"picked":"Sozu"}],"items_purged_floors":[19],"is_endless":false,"potions_floor_spawned":[5,10,11,13,18,24,30,36,41,54],"ascension_level":0}