{"gold_per_floor":[119,138,157,175,175,175,185,211,211,228,228,255,275,306,306,402,402,420,472,472,489,507,507,534,534,534,552,552,586,606,633,633,728,728,740,740,756,330,340,402,402,433,433,433,433,445,459,559,559,559],"floor_reached":50,"playtime":4129,"items_purged":["Strike_G"],"score":649,"play_id":"931e33a2-4504-4156-90b2-850aa9e5ff2b","local_time":"20190415213049","is_ascension_mode":false,"campfire_choices":[{"data":"Neutralize","floor":6,"key":"SMITH"},{"data":"Flechettes","floor":11,"key":"SMITH"},{"data":"Survivor","floor":15,"key":"SMITH"},{"floor":23,"key":"REST"},{"floor":25,"key":"REST"},{"floor":28,"key":"RECALL"},{"floor":32,"key":"REST"},{"floor":41,"key":"REST"},{"floor":45,"key":"REST"},{"floor":49,"key":"REST"}],"neow_cost":"NONE","seed_source_timestamp":873855936123361,"circlet_count":0,"master_deck":["Defend_G","Defend_G","Defend_G","Defend_G","Defend_G","Strike_G","Strike_G","Survivor+1","Neutralize+1","Backstab","Flechettes+1","Quick Slash","Flying Knee","Cloak And Dagger","Phantasmal Killer+1","Outmaneuver+1","After Image+1","Backflip+1","Backflip+1","Finisher","PiercingWail+1","Expertise+1","Cloak And Dagger+1","Outmaneuver+1","Dodge and Roll+1","Flying Knee","Envenom","Acrobatics+1","Choke+1","Prepared+1","Footwork","Dark Shackles+1","Blade Dance+1","Sucker Punch+1","Choke+1","Footwork"],"relics":["Ring of the Snake","Toxic Egg 2","Dream Catcher","Bottled Flame","Fusion Hammer","Vajra","PreservedInsect","Prayer Wheel","The Specimen","Smiling Mask","Black Star","Pen Nib","Anchor","Tiny Chest","Du-Vu Doll","Bag of Marbles","FossilizedHelix","Sundial","Tough Bandages"],"potions_floor_usage":[24,30,33,50],"damage_taken":[{"damage":1,"enemies":"Cultist","floor":1,"turns":5},{"damage":0,"enemies":"Jaw Worm","floor":2,"turns":4},{"damage":0,"enemies":"Small Slimes","floor":3,"turns":2},{"damage":0,"enemies":"Looter","floor":4,"turns":2},{"damage":0,"enemies":"Gremlin Gang","floor":7,"turns":5},{"damage":24,"enemies":"Lagavulin","floor":8,"turns":8},{"damage":1,"enemies":"Blue Slaver","floor":10,"turns":2},{"damage":0,"enemies":"Large Slime","floor":13,"turns":2},{"damage":8,"enemies":"Gremlin Nob","floor":14,"turns":3},{"damage":20,"enemies":"The Guardian","floor":16,"turns":15},{"damage":13,"enemies":"Chosen","floor":18,"turns":6},{"damage":11,"enemies":"2 Thieves","floor":21,"turns":4},{"damage":3,"enemies":"Centurion and Healer","floor":22,"turns":7},{"damage":15,"enemies":"Slavers","floor":24,"turns":5},{"damage":0,"enemies":"3 Cultists","floor":27,"turns":6},{"damage":0,"enemies":"Book of Stabbing","floor":29,"turns":4},{"damage":3,"enemies":"Snake Plant","floor":30,"turns":4},{"damage":12,"enemies":"Slavers","floor":31,"turns":9},{"damage":34,"enemies":"Collector","floor":33,"turns":13},{"damage":0,"enemies":"3 Shapes","floor":35,"turns":3},{"damage":19,"enemies":"3 Darklings","floor":37,"turns":6},{"damage":26,"enemies":"Spire Growth","floor":39,"turns":8},{"damage":24,"enemies":"Reptomancer","floor":40,"turns":6},{"damage":0,"enemies":"Nemesis","floor":42,"turns":7},{"damage":0,"enemies":"Transient","floor":46,"turns":5},{"damage":0,"enemies":"Maw","floor":47,"turns":7},{"damage":0,"enemies":"Mind Bloom Boss Battle","floor":48,"turns":6},{"damage":76,"enemies":"Donu and Deca","floor":50,"turns":11}],"seed_played":"-6826828761426498392","potions_obtained":[{"floor":3,"key":"Weak Potion"},{"floor":7,"key":"GamblersBrew"},{"floor":8,"key":"GhostInAJar"},{"floor":16,"key":"FearPotion"},{"floor":30,"key":"Fruit Juice"},{"floor":31,"key":"Poison Potion"},{"floor":33,"key":"Strength Potion"},{"floor":40,"key":"GhostInAJar"}],"is_trial":false,"path_per_floor":["M","M","M","M","?","R","M","E","T","M","R","T","M","E","R","B",null,"M","T","?","M","M","R","E","R","T","M","R","E","M","E","R","B",null,"M","?","M","$","M","E","R","E","T","?","R","M","M","?","R","B"],"character_chosen":"THE_SILENT","items_purchased":["Pen Nib","Footwork","Anchor"],"campfire_rested":6,"item_purchase_floors":[38,38,38],"current_hp_per_floor":[69,69,69,69,62,62,62,38,38,37,37,37,37,29,29,9,70,57,57,57,46,43,64,49,70,70,70,70,70,72,60,75,41,75,75,75,56,56,30,6,28,28,28,28,50,50,50,50,72,0],"gold":559,"neow_bonus":"REMOVE_CARD","is_prod":false,"is_daily":false,"chose_seed":false,"campfire_upgraded":3,"win_rate":0,"timestamp":1555378249,"path_taken":["M","?","M","M","?","R","M","E","T","M","R","?","?","E","R","BOSS","M","?","?","?","M","R","E","R","T","M","R","E","M","E","R","BOSS","M","?","?","$","M","E","R","E","T","?","R","M","M","?","R","BOSS"],"build_version":"2019-01-23","purchased_purges":1,"victory":false,"max_hp_per_floor":[70,70,70,70,70,70,70,70,70,70,70,70,70,70,70,70,70,70,70,70,70,70,70,70,70,70,70,70,70,75,75,75,75,75,75,75,75,75,75,75,75,75,75,75,75,75,75,75,75,75],"card_choices":[{"not_picked":["Deadly Poison","Distraction"],"picked":"Backstab","floor":1},{"not_picked":["Prepared","Underhanded Strike"],"picked":"Flechettes","floor":2},{"not_picked":["Concentrate","Dagger Throw"],"picked":"Quick Slash","floor":3},{"not_picked":["PiercingWail","Escape Plan"],"picked":"Flying Knee","floor":4},{"not_picked":["Dagger Throw","Poisoned Stab"],"picked":"Cloak And Dagger","floor":7},{"not_picked":["Poisoned Stab","Catalyst"],"picked":"Phantasmal Killer","floor":8},{"not_picked":["Choke","PiercingWail+1"],"picked":"Outmaneuver+1","floor":10},{"not_picked":["Caltrops","Sucker Punch","Poisoned Stab"],"picked":"SKIP","floor":13},{"not_picked":["Infinite Blades","Caltrops","Outmaneuver+1"],"picked":"SKIP","floor":14},{"not_picked":["Wraith Form v2","Doppelganger+1"],"picked":"After Image","floor":16},{"not_picked":["Endless Agony","Noxious Fumes"],"picked":"Backflip+1","floor":18},{"not_picked":["Sucker Punch","Prepared+1"],"picked":"Backflip+1","floor":21},{"not_picked":["Dagger Spray","Deadly Poison+1"],"picked":"Finisher","floor":22},{"not_picked":["Tactician+1","Grand Finale","Poisoned Stab"],"picked":"SKIP","floor":24},{"not_picked":["Endless Agony+1","Deadly Poison+1"],"picked":"PiercingWail+1","floor":25},{"not_picked":["Dodge and Roll+1","Skewer"],"picked":"Expertise+1","floor":27},{"not_picked":["Wraith Form v2","Bane"],"picked":"Cloak And Dagger+1","floor":27},{"not_picked":["Catalyst+1","Quick Slash+1","Sucker Punch"],"picked":"SKIP","floor":29},{"not_picked":["PiercingWail+1","Bouncing Flask+1"],"picked":"Outmaneuver+1","floor":30},{"not_picked":["Flying Knee","Grand Finale","Blade Dance+1"],"picked":"SKIP","floor":30},{"not_picked":["Quick Slash","Noxious Fumes"],"picked":"Dodge and Roll+1","floor":31},{"not_picked":["Dagger Throw","Quick Slash"],"picked":"Flying Knee","floor":32},{"not_picked":["Die Die Die","Bullet Time+1"],"picked":"Envenom","floor":33},{"not_picked":["Flying Knee+1","Masterful Stab+1"],"picked":"Acrobatics+1","floor":35},{"not_picked":["Dodge and Roll+1","Venomology+1","Expertise+1"],"picked":"SKIP","floor":35},{"not_picked":["Escape Plan+1","Leg Sweep+1"],"picked":"Choke+1","floor":37},{"not_picked":["Eviscerate","Backstab"],"picked":"Prepared+1","floor":37},{"not_picked":["Dodge and Roll+1","PiercingWail+1","Outmaneuver+1"],"picked":"SKIP","floor":39},{"not_picked":["Prepared+1","Dagger Throw","Deadly Poison+1"],"picked":"SKIP","floor":39},{"not_picked":["Reflex+1","Choke+1","Poisoned Stab"],"picked":"SKIP","floor":40},{"not_picked":["Expertise+1","Dodge and Roll+1","Catalyst+1"],"picked":"SKIP","floor":42},{"not_picked":["Mind Blast","Impatience+1"],"picked":"Dark Shackles+1","floor":44},{"not_picked":["Wraith Form v2","Infinite Blades"],"picked":"Blade Dance+1","floor":46},{"not_picked":["Accuracy+1","Deadly Poison+1","Flechettes+1"],"picked":"SKIP","floor":46},{"not_picked":["Bouncing Flask+1","Deadly Poison+1"],"picked":"Sucker Punch+1","floor":47},{"not_picked":["Dodge and Roll+1","Eviscerate+1","Poisoned Stab"],"picked":"SKIP","floor":47},{"not_picked":["Infinite Blades","Sucker Punch"],"picked":"Choke+1","floor":48},{"not_picked":["Setup+1","Deflect+1"],"picked":"Footwork","floor":49}],"player_experience":805956,"relics_obtained":[{"floor":8,"key":"Toxic Egg 2"},{"floor":12,"key":"Dream Catcher"},{"floor":14,"key":"Bottled Flame"},{"floor":19,"key":"Vajra"},{"floor":24,"key":"PreservedInsect"},{"floor":26,"key":"Prayer Wheel"},{"floor":29,"key":"The Specimen"},{"floor":31,"key":"Smiling Mask"},{"floor":40,"key":"Tiny Chest"},{"floor":40,"key":"Du-Vu Doll"},{"floor":42,"key":"Bag of Marbles"},{"floor":42,"key":"FossilizedHelix"},{"floor":43,"key":"Sundial"},{"floor":48,"key":"Tough Bandages"}],"event_choices":[{"cards_removed":["Strike_G"],"damage_healed":0,"gold_gain":0,"player_choice":"Card Removal","damage_taken":7,"max_hp_gain":0,"max_hp_loss":0,"event_name":"Golden Wing","floor":5,"gold_loss":0},{"damage_healed":0,"gold_gain":0,"player_choice":"Upgraded","damage_taken":0,"max_hp_gain":0,"max_hp_loss":0,"event_name":"Upgrade Shrine","floor":20,"gold_loss":0,"cards_upgraded":["After Image"]},{"damage_healed":0,"gold_gain":0,"player_choice":"Got Potions","damage_taken":0,"max_hp_gain":0,"max_hp_loss":0,"event_name":"Lab","floor":36,"gold_loss":0},{"damage_healed":0,"gold_gain":0,"player_choice":"Memory 1","damage_taken":0,"max_hp_gain":0,"max_hp_loss":0,"event_name":"SensoryStone","floor":44,"gold_loss":0},{"damage_healed":0,"gold_gain":0,"player_choice":"Fight","damage_taken":0,"max_hp_gain":0,"max_hp_loss":0,"event_name":"MindBloom","floor":48,"gold_loss":0}],"is_beta":false,"boss_relics":[{"not_picked":["HoveringKite","WristBlade"],"picked":"Fusion Hammer"},{"not_picked":["Calling Bell","Velvet Choker"],"picked":"Black Star"}],"items_purged_floors":[38],"is_endless":false,"potions_floor_spawned":[3,7,8,16,21,22,30,31,33,35,37,39,40,47],"killed_by":"Donu and Deca","ascension_level":0}