{"gold_per_floor":[117,117,192,210,225,225,253,253,253,279,336,349,383,143,143,219,219,231,251,251,251,251,283,283,316,339,339,373,390,418,430,430,507,557,577,588,601,601,160,160,185,208,244,256,283,321,333,374,386,398,410,422,9,44,44],"floor_reached":56,"playtime":2885,"items_purged":["Strike_R"],"score":2267,"play_id":"7fe722d2-a1a5-4ad8-8c6a-a40aec97ed29","local_time":"20190915004901","is_ascension_mode":true,"campfire_choices":[{"data":"Bludgeon","floor":6.0,"key":"SMITH"},{"data":"Feel No Pain","floor":8.0,"key":"SMITH"},{"data":"Whirlwind","floor":15.0,"key":"SMITH"},{"data":"Shrug It Off","floor":24.0,"key":"SMITH"},{"floor":27,"key":"REST"},{"floor":32,"key":"REST"},{"data":"Burning Pact","floor":40,"key":"SMITH"},{"floor":44,"key":"RECALL"},{"floor":47,"key":"REST"},{"data":"Shockwave","floor":49,"key":"SMITH"},{"data":"Impervious","floor":52,"key":"SMITH"}],"neow_cost":"NONE","seed_source_timestamp":173838958458000,"circlet_count":0,"master_deck":["AscendersBane","Strike_R+1","Strike_R+1","Strike_R+1","Strike_R+1","Defend_R+1","Defend_R+1","Defend_R+1","Defend_R+1","Bash+1","Reckless Charge","Metallicize","Bludgeon+1","Feel No Pain+1","Armaments","Whirlwind+1","Fire Breathing+1","Juggernaut+1","Shrug It Off+1","Writhe","Evolve+1","Corruption+1","Impervious+1","Offering+1","Shockwave+1","Burning Pact+1","Shrug It Off","Burning Pact","Power Through","Disarm","Sentinel+1"],"special_seed":0,"relics":["Burning Blood","The Courier","Singing Bowl","InkBottle","StrikeDummy","Frozen Egg 2","Orichalcum","Mark of Pain","Pantograph","PreservedInsect","FossilizedHelix","Art of War","Letter Opener","Blood Vial","Tiny House","Membership Card","Bottled Flame","Ginger","Bag of Preparation","MawBank","Meat on the Bone","Lantern","Bottled Tornado","Bottled Lightning","Pen Nib","Shuriken","Sling","Mercury Hourglass"],"potions_floor_usage":[33,54,55],"damage_taken":[{"damage":11.0,"enemies":"Cultist","floor":1.0,"turns":4.0},{"damage":3.0,"enemies":"Small Slimes","floor":4.0,"turns":3.0},{"damage":0.0,"enemies":"2 Louse","floor":5.0,"turns":2.0},{"damage":20.0,"enemies":"Lagavulin","floor":7.0,"turns":3.0},{"damage":16.0,"enemies":"Gremlin Nob","floor":10.0,"turns":3.0},{"damage":20.0,"enemies":"3 Sentries","floor":11.0,"turns":10.0},{"damage":7.0,"enemies":"2 Fungi Beasts","floor":12.0,"turns":3.0},{"damage":9.0,"enemies":"Lagavulin","floor":13.0,"turns":5.0},{"damage":0.0,"enemies":"Slime Boss","floor":16.0,"turns":5.0},{"damage":7.0,"enemies":"Shell Parasite","floor":18.0,"turns":5.0},{"damage":3.0,"enemies":"Chosen","floor":19.0,"turns":4.0},{"damage":28.0,"enemies":"Slavers","floor":23.0,"turns":5.0},{"damage":24.0,"enemies":"Book of Stabbing","floor":25.0,"turns":4.0},{"damage":32,"enemies":"Slavers","floor":28,"turns":3},{"damage":0,"enemies":"Snecko","floor":29,"turns":4},{"damage":21,"enemies":"Gremlin Leader","floor":30,"turns":4},{"damage":18,"enemies":"Snake Plant","floor":31,"turns":4},{"damage":44,"enemies":"Collector","floor":33,"turns":8},{"damage":13,"enemies":"3 Darklings","floor":35,"turns":3},{"damage":0,"enemies":"Orb Walker","floor":36,"turns":4},{"damage":6,"enemies":"Writhing Mass","floor":37,"turns":6},{"damage":0,"enemies":"Reptomancer","floor":41,"turns":5},{"damage":15,"enemies":"Spire Growth","floor":42,"turns":4},{"damage":31,"enemies":"3 Darklings","floor":45,"turns":4},{"damage":15,"enemies":"Giant Head","floor":46,"turns":7},{"damage":7,"enemies":"Nemesis","floor":48,"turns":5},{"damage":54,"enemies":"Awakened One","floor":50,"turns":13},{"damage":42,"enemies":"Shield and Spear","floor":54,"turns":5},{"damage":60,"enemies":"The Heart","floor":55,"turns":6}],"seed_played":"-8121212788048192393","potions_obtained":[{"floor":1.0,"key":"Poison Potion"},{"floor":4.0,"key":"Regen Potion"},{"floor":10.0,"key":"DuplicationPotion"},{"floor":18.0,"key":"BloodPotion"},{"floor":29,"key":"Ancient Potion"},{"floor":31,"key":"AttackPotion"},{"floor":33,"key":"Fruit Juice"},{"floor":34,"key":"SmokeBomb"},{"floor":37,"key":"PowerPotion"},{"floor":41,"key":"GamblersBrew"}],"is_trial":false,"path_per_floor":["M","?","?","M","M","R","E","R","T","E","?","M","E","$","R","B",null,"M","M","?","?","?","E","R","E","T","R","E","M","E","M","R","B",null,"M","M","M","?","$","R","E","M","T","R","M","E","R","E","R","B",null,"R","$","E","B",null],"character_chosen":"IRONCLAD","items_purchased":["Fire Breathing+1","Orichalcum","Membership Card","Burning Pact","Bottled Flame","Ginger","Bag of Preparation","Shrug It Off","Disarm","Bottled Tornado","Bottled Lightning","Pen Nib","Shuriken","Sling"],"campfire_rested":3,"item_purchase_floors":[14,14,39,39,39,39,39,39,53,53,53,53,53,53],"current_hp_per_floor":[63,40,29,32,38,38,36,36,36,26,14,15,12,12,12,18,64,63,68,68,68,73,71,71,55,55,79,53,61,48,38,64,54,90,87,95,99,98,98,98,98,89,89,89,68,63,93,96,96,68,95,95,95,61,46],"gold":44,"neow_bonus":"THREE_CARDS","is_prod":false,"is_daily":false,"chose_seed":false,"campfire_upgraded":7,"win_rate":0,"timestamp":1568501341,"path_taken":["M","?","?","M","M","R","E","R","T","E","?","M","E","$","R","BOSS","M","M","?","?","?","E","R","E","T","R","E","?","E","M","R","BOSS","M","M","?","?","?","R","E","?","T","R","M","E","R","E","R","BOSS","R","$","E","BOSS"],"build_version":"2019-09-12","purchased_purges":1,"victory":true,"max_hp_per_floor":[75,75,75,75,75,75,75,75,75,75,77,79,79,79,79,79,79,79,81,81,81,81,81,81,83,83,83,83,85,87,87,87,92,99,101,101,103,98,98,98,98,98,98,98,100,102,102,104,104,104,104,104,104,104,104],"card_choices":[{"not_picked":["Shrug It Off","Sentinel"],"picked":"Reckless Charge","floor":0.0},{"not_picked":["Searing Blow","True Grit"],"picked":"Wild Strike","floor":1.0},{"not_picked":["Cleave","Iron Wave"],"picked":"Metallicize","floor":4.0},{"not_picked":["Thunderclap","Sever Soul"],"picked":"Bludgeon","floor":5.0},{"not_picked":["Rage","Exhume"],"picked":"Feel No Pain","floor":7.0},{"not_picked":["Body Slam","Seeing Red"],"picked":"Armaments","floor":10.0},{"not_picked":["Cleave","Sentinel","Flex"],"picked":"Singing Bowl","floor":11.0},{"not_picked":["Wild Strike","Headbutt","Carnage"],"picked":"Singing Bowl","floor":12.0},{"not_picked":["Shrug It Off","Wild Strike"],"picked":"Whirlwind","floor":13.0},{"not_picked":["Barricade+1","Feed"],"picked":"Juggernaut+1","floor":16.0},{"not_picked":["Headbutt","Dropkick"],"picked":"Shrug It Off","floor":18.0},{"not_picked":["Combust+1","Armaments","Thunderclap"],"picked":"Singing Bowl","floor":19.0},{"not_picked":["Pummel","Dark Embrace+1"],"picked":"Evolve+1","floor":23.0},{"not_picked":["Feel No Pain+1","Dual Wield","Twin Strike"],"picked":"Singing Bowl","floor":25.0},{"not_picked":["Headbutt","Evolve+1"],"picked":"Corruption+1","floor":28},{"not_picked":["Anger","Clothesline","True Grit"],"picked":"Singing Bowl","floor":29},{"not_picked":["Body Slam","Clothesline","Seeing Red"],"picked":"Singing Bowl","floor":30},{"not_picked":["Rupture+1","Flex"],"picked":"Impervious","floor":31},{"not_picked":["Reaper","Brutality+1"],"picked":"Offering","floor":33},{"not_picked":["Pommel Strike+1","Corruption+1","Armaments"],"picked":"Singing Bowl","floor":34},{"not_picked":["Second Wind","Iron Wave","Reckless Charge"],"picked":"Singing Bowl","floor":35},{"not_picked":["Iron Wave+1","Blood for Blood"],"picked":"Shockwave","floor":36},{"not_picked":["Heavy Blade+1","Iron Wave","Ghostly Armor"],"picked":"Singing Bowl","floor":37},{"not_picked":["Hemokinesis","Iron Wave"],"picked":"Burning Pact","floor":41},{"not_picked":["Flame Barrier","Body Slam"],"picked":"Power Through","floor":42},{"not_picked":["Clash","Evolve+1","Twin Strike"],"picked":"Singing Bowl","floor":45},{"not_picked":["Thunderclap","Rage","Evolve+1"],"picked":"Singing Bowl","floor":46},{"not_picked":["Corruption+1","Burning Pact+1","Clash+1"],"picked":"Singing Bowl","floor":48},{"not_picked":["Disarm","Shockwave"],"picked":"Sentinel+1","floor":54}],"player_experience":828592,"relics_obtained":[{"floor":7.0,"key":"The Courier"},{"floor":9.0,"key":"Singing Bowl"},{"floor":10.0,"key":"InkBottle"},{"floor":11.0,"key":"StrikeDummy"},{"floor":13.0,"key":"Frozen Egg 2"},{"floor":23.0,"key":"PreservedInsect"},{"floor":25.0,"key":"FossilizedHelix"},{"floor":26.0,"key":"Art of War"},{"floor":28,"key":"Letter Opener"},{"floor":30,"key":"Blood Vial"},{"floor":41,"key":"MawBank"},{"floor":46,"key":"Meat on the Bone"},{"floor":48,"key":"Lantern"},{"floor":54,"key":"Mercury Hourglass"}],"event_choices":[{"damage_healed":0.0,"max_hp_gain":0.0,"max_hp_loss":0.0,"gold_gain":0.0,"event_name":"Shining Light","player_choice":"Entered Light","floor":2.0,"gold_loss":0.0,"damage_taken":23.0,"cards_upgraded":["Defend_R","Bash"]},{"damage_healed":0.0,"max_hp_gain":0.0,"max_hp_loss":0.0,"gold_gain":75.0,"event_name":"World of Goop","player_choice":"Gather Gold","floor":3.0,"gold_loss":0.0,"damage_taken":11.0},{"damage_healed":0.0,"max_hp_gain":0.0,"max_hp_loss":0.0,"gold_gain":0.0,"event_name":"Dead Adventurer","player_choice":"Searched \u00271\u0027 times","floor":11.0,"gold_loss":0.0,"damage_taken":0.0},{"damage_healed":0.0,"max_hp_gain":0.0,"max_hp_loss":0.0,"gold_gain":0.0,"event_name":"The Mausoleum","player_choice":"Opened","floor":20.0,"gold_loss":0.0,"damage_taken":0.0,"relics_obtained":["Pantograph"],"cards_obtained":["Writhe"]},{"damage_healed":0.0,"max_hp_gain":0.0,"max_hp_loss":0.0,"gold_gain":0.0,"event_name":"Back to Basics","player_choice":"Simplicity","floor":21.0,"gold_loss":0.0,"damage_taken":0.0,"cards_upgraded":["Strike_R","Strike_R","Strike_R","Strike_R","Defend_R","Defend_R","Defend_R"]},{"cards_removed":["Wild Strike"],"damage_healed":5.0,"max_hp_gain":0.0,"max_hp_loss":0.0,"gold_gain":0.0,"event_name":"Bonfire Elementals","player_choice":"Offered Common","floor":22.0,"gold_loss":0.0,"damage_taken":0.0},{"cards_removed":["Wild Strike"],"damage_healed":5.0,"max_hp_gain":0.0,"max_hp_loss":0.0,"gold_gain":0.0,"event_name":"Bonfire Elementals","player_choice":"Offered Special","floor":22.0,"gold_loss":0.0,"damage_taken":0.0},{"damage_healed":0,"gold_gain":0,"player_choice":"Max HP","damage_taken":0,"max_hp_gain":0,"max_hp_loss":5,"event_name":"Winding Halls","floor":38,"gold_loss":0}],"is_beta":true,"boss_relics":[{"not_picked":["SacredBark","Runic Cube"],"picked":"Mark of Pain"},{"not_picked":["Astrolabe","Sozu"],"picked":"Tiny House"}],"items_purged_floors":[14],"is_endless":false,"potions_floor_spawned":[1,4,5,10,18,29,31,33,37,41,42,48],"ascension_level":15}