{"gold_per_floor":[214,214,28,45,62,91,106,123,123,123,149,166,178,146,146,251,251,266,38,38,13,24,53,53,65,65,96,11,23,23,41,41,41],"floor_reached":33,"playtime":2284,"items_purged":["Strike_R"],"score":329,"play_id":"ccf8395f-3a8c-49a1-abdb-5b3cf8b038c4","local_time":"20191008010248","is_ascension_mode":true,"campfire_choices":[{"data":"Iron Wave","floor":10,"key":"SMITH"},{"floor":15,"key":"REST"},{"data":"RitualDagger","floor":24,"key":"SMITH"},{"data":"Fiend Fire","floor":30,"key":"SMITH"},{"floor":32,"key":"RECALL"}],"neow_cost":"NONE","seed_source_timestamp":293876666750000,"circlet_count":0,"master_deck":["Strike_R","Strike_R","Strike_R","Strike_R","Defend_R","Defend_R","Defend_R","Defend_R","Bash","Pommel Strike","Metallicize","Headbutt","Flame Barrier","Iron Wave+1","Power Through","Iron Wave","Anger","Twin Strike","Reaper","Wild Strike","Fiend Fire+1","Inflame","RitualDagger+1","Warcry","Anger","Clothesline","Shrug It Off","Iron Wave+1","Power Through+1","Dark Embrace"],"relics":["Burning Blood","Pen Nib","Bag of Marbles","Pocketwatch","Coffee Dripper","Ornamental Fan","Mercury Hourglass","Orichalcum","Ice Cream"],"potions_floor_usage":[16,16,16,25,33],"damage_taken":[{"damage":3,"enemies":"2 Louse","floor":1,"turns":2},{"damage":10,"enemies":"Cultist","floor":4,"turns":4},{"damage":14,"enemies":"Small Slimes","floor":5,"turns":2},{"damage":43,"enemies":"Lagavulin","floor":6,"turns":11},{"damage":9,"enemies":"3 Louse","floor":7,"turns":4},{"damage":5,"enemies":"Blue Slaver","floor":8,"turns":4},{"damage":17,"enemies":"Gremlin Nob","floor":11,"turns":6},{"damage":10,"enemies":"Gremlin Gang","floor":12,"turns":5},{"damage":0,"enemies":"Large Slime","floor":13,"turns":4},{"damage":46,"enemies":"Slime Boss","floor":16,"turns":17},{"damage":12,"enemies":"2 Thieves","floor":18,"turns":4},{"damage":3,"enemies":"Spheric Guardian","floor":22,"turns":3},{"damage":26,"enemies":"Book of Stabbing","floor":23,"turns":6},{"damage":27,"enemies":"Centurion and Healer","floor":25,"turns":4},{"damage":36,"enemies":"Slavers","floor":27,"turns":6},{"damage":0,"enemies":"Chosen and Byrds","floor":29,"turns":4},{"damage":13,"enemies":"Shelled Parasite and Fungi","floor":31,"turns":3},{"damage":22,"enemies":"Champ","floor":33,"turns":5}],"seed_played":"-2992112287722844602","potions_obtained":[{"floor":2,"key":"EntropicBrew"},{"floor":2,"key":"EntropicBrew"},{"floor":2,"key":"Regen Potion"},{"floor":4,"key":"EssenceOfSteel"},{"floor":5,"key":"Strength Potion"},{"floor":11,"key":"Weak Potion"},{"floor":22,"key":"LiquidBronze"},{"floor":27,"key":"SteroidPotion"},{"floor":29,"key":"Ancient Potion"}],"is_trial":false,"path_per_floor":["M","?","$","M","M","E","M","M","T","R","E","M","M","?","R","B",null,"M","$","?","$","M","E","R","M","T","E","?","M","R","M","R","B"],"character_chosen":"IRONCLAD","items_purchased":["Metallicize","Pen Nib","Fiend Fire","Inflame","Warcry"],"campfire_rested":1,"item_purchase_floors":[3,3,19,19,21],"current_hp_per_floor":[80,80,80,76,68,31,28,29,29,29,18,14,20,20,44,19,80,74,74,68,68,71,63,63,51,51,21,21,27,27,20,20,0],"gold":41,"neow_bonus":"HUNDRED_GOLD","is_prod":false,"is_daily":false,"chose_seed":false,"campfire_upgraded":3,"win_rate":0,"timestamp":1570510968,"path_taken":["M","?","$","M","M","E","M","M","T","R","E","?","M","?","R","BOSS","M","$","?","$","M","E","R","M","T","E","?","M","R","M","R","BOSS"],"build_version":"2019-07-17","purchased_purges":1,"victory":false,"max_hp_per_floor":[80,80,80,80,80,80,80,80,80,80,80,80,80,80,80,80,80,80,80,80,80,80,80,80,80,80,80,80,80,80,80,80,80],"card_choices":[{"not_picked":["Thunderclap","Cleave"],"picked":"Pommel Strike","floor":1},{"not_picked":["Burning Pact","Corruption"],"picked":"Headbutt","floor":4},{"not_picked":["Sword Boomerang","Shrug It Off"],"picked":"Flame Barrier","floor":5},{"not_picked":["Anger","Headbutt"],"picked":"Iron Wave","floor":6},{"not_picked":["Twin Strike","Reckless Charge"],"picked":"Power Through","floor":7},{"not_picked":["True Grit","Bloodletting"],"picked":"Iron Wave","floor":8},{"not_picked":["Headbutt","Perfected Strike"],"picked":"Anger","floor":11},{"not_picked":["Disarm","Havoc"],"picked":"Twin Strike","floor":12},{"not_picked":["Feel No Pain","Heavy Blade","Fiend Fire"],"picked":"SKIP","floor":13},{"not_picked":["Demon Form","Dark Embrace"],"picked":"Reaper","floor":16},{"not_picked":["Iron Wave","Clash"],"picked":"Wild Strike","floor":18},{"not_picked":["Wild Strike","Entrench"],"picked":"Anger","floor":22},{"not_picked":["Rampage+1","Heavy Blade"],"picked":"Clothesline","floor":23},{"not_picked":["Anger","Rupture"],"picked":"Shrug It Off","floor":25},{"not_picked":["Heavy Blade","Thunderclap"],"picked":"Iron Wave+1","floor":27},{"not_picked":["Twin Strike","Disarm+1"],"picked":"Power Through+1","floor":29},{"not_picked":["Havoc","Clash"],"picked":"Dark Embrace","floor":31}],"player_experience":55793,"relics_obtained":[{"floor":6,"key":"Bag of Marbles"},{"floor":11,"key":"Pocketwatch"},{"floor":23,"key":"Ornamental Fan"},{"floor":26,"key":"Mercury Hourglass"},{"floor":27,"key":"Orichalcum"}],"event_choices":[{"damage_healed":0,"gold_gain":0,"player_choice":"Got Potions","damage_taken":0,"max_hp_gain":0,"max_hp_loss":0,"event_name":"Lab","floor":2,"gold_loss":0},{"damage_healed":0,"gold_gain":0,"player_choice":"Left Gold","damage_taken":0,"max_hp_gain":0,"max_hp_loss":0,"event_name":"World of Goop","floor":14,"gold_loss":32},{"damage_healed":0,"gold_gain":0,"player_choice":"Joined the Cult","damage_taken":6,"max_hp_gain":0,"max_hp_loss":0,"event_name":"Nest","floor":20,"gold_loss":0,"cards_obtained":["RitualDagger"]},{"damage_healed":0,"gold_gain":0,"player_choice":"Obtained Relic","damage_taken":0,"relics_obtained":["Ice Cream"],"max_hp_gain":0,"max_hp_loss":0,"event_name":"Addict","floor":28,"gold_loss":85}],"is_beta":false,"boss_relics":[{"not_picked":["Calling Bell","Runic Dome"],"picked":"Coffee Dripper"}],"items_purged_floors":[19],"is_endless":false,"potions_floor_spawned":[4,5,8,11,22,27,29],"killed_by":"Champ","ascension_level":2}