{"gold_per_floor":[115,134,149,38,113,113,139,139,139,139,168,182,198,218,218,218],"floor_reached":16,"playtime":695,"items_purged":["Strike_R"],"score":196,"play_id":"b8289491-d2e6-4f05-94d8-ce224c1fd3d0","local_time":"20190611193150","is_ascension_mode":true,"campfire_choices":[{"data":"Bash","floor":6.0,"key":"SMITH"},{"data":"Shockwave","floor":10.0,"key":"SMITH"},{"data":"Battle Trance","floor":15,"key":"SMITH"}],"neow_cost":"NONE","seed_source_timestamp":940508974980143,"circlet_count":0,"master_deck":["AscendersBane","Strike_R","Strike_R","Strike_R","Defend_R","Defend_R","Defend_R","Defend_R","Bash+1","Carnage","Cleave","Shockwave+1","Anger","Bludgeon","Battle Trance+1","Clothesline"],"special_seed":0,"relics":["Burning Blood","Self Forming Clay","Bag of Marbles","Regal Pillow"],"potions_floor_usage":[],"damage_taken":[{"damage":4.0,"enemies":"2 Louse","floor":1.0,"turns":4.0},{"damage":0.0,"enemies":"Small Slimes","floor":2.0,"turns":3.0},{"damage":7.0,"enemies":"Jaw Worm","floor":3.0,"turns":4.0},{"damage":45.0,"enemies":"3 Sentries","floor":7.0,"turns":7.0},{"damage":12,"enemies":"Lagavulin","floor":11,"turns":7},{"damage":3,"enemies":"3 Louse","floor":12,"turns":2},{"damage":8,"enemies":"Lots of Slimes","floor":13,"turns":3},{"damage":4,"enemies":"Red Slaver","floor":14,"turns":3},{"damage":46,"enemies":"Hexaghost","floor":16,"turns":9}],"seed_played":"-453663544676951040","potions_obtained":[{"floor":3.0,"key":"LiquidBronze"},{"floor":11,"key":"Regen Potion"}],"is_trial":false,"path_per_floor":["M","M","M","$","?","R","E","?","T","R","E","M","M","M","R","B"],"character_chosen":"IRONCLAD","items_purchased":["Shockwave"],"campfire_rested":0,"item_purchase_floors":[4],"current_hp_per_floor":[70,75,74,74,63,63,24,49,49,49,43,46,44,46,46,0],"gold":218,"neow_bonus":"REMOVE_CARD","is_prod":false,"is_daily":false,"chose_seed":false,"campfire_upgraded":3,"win_rate":0,"timestamp":1560274310,"path_taken":["M","M","M","$","?","R","E","?","T","R","E","M","M","M","R","BOSS"],"build_version":"2019-01-23","purchased_purges":1,"victory":false,"max_hp_per_floor":[75,75,75,75,75,75,75,75,75,75,75,75,75,75,75,75],"card_choices":[{"not_picked":["Perfected Strike","Battle Trance"],"picked":"Carnage","floor":1.0},{"not_picked":["Perfected Strike","Body Slam"],"picked":"Cleave","floor":2.0},{"not_picked":["Havoc","Clothesline","Entrench"],"picked":"SKIP","floor":3.0},{"not_picked":["Sever Soul","Infernal Blade"],"picked":"Anger","floor":7.0},{"not_picked":["Perfected Strike","Combust"],"picked":"Bludgeon","floor":11},{"not_picked":["Cleave","Havoc"],"picked":"Battle Trance","floor":12},{"not_picked":["Body Slam","Wild Strike","Perfected Strike"],"picked":"SKIP","floor":13},{"not_picked":["Pommel Strike","Heavy Blade"],"picked":"Clothesline","floor":14}],"player_experience":505743,"relics_obtained":[{"floor":7.0,"key":"Self Forming Clay"},{"floor":9.0,"key":"Bag of Marbles"},{"floor":11,"key":"Regal Pillow"}],"event_choices":[{"damage_healed":0.0,"max_hp_gain":0.0,"max_hp_loss":0.0,"gold_gain":75.0,"event_name":"World of Goop","player_choice":"Gather Gold","floor":5.0,"gold_loss":0.0,"damage_taken":11.0},{"damage_healed":25.0,"max_hp_gain":0.0,"max_hp_loss":0.0,"gold_gain":0.0,"event_name":"Big Fish","player_choice":"Banana","floor":8.0,"gold_loss":0.0,"damage_taken":0.0}],"is_beta":false,"boss_relics":[],"items_purged_floors":[4],"is_endless":false,"potions_floor_spawned":[3,11,13,14],"killed_by":"Hexaghost","ascension_level":15}