{"gold_per_floor":[109,109,184,202,202,235,235,254,254,266,266,280,280,291,291,393,393,393,393,393,393,107,107,107,107,107,80,80,80,80,80,80,80,80,80,80,80,80,6,6,6,6,6,6,6,6,6,6,6,6],"floor_reached":51,"playtime":5606,"items_purged":[],"score":631,"play_id":"f268da7e-7c4a-4461-aede-e9ac44cb2e3f","local_time":"20181011193412","is_ascension_mode":false,"campfire_choices":[{"floor":7.0,"key":"DIG"},{"floor":11.0,"key":"DIG"},{"floor":13.0,"key":"DIG"},{"floor":15.0,"key":"DIG"},{"floor":23,"key":"DIG"},{"floor":25,"key":"DIG"},{"floor":32,"key":"REST"},{"floor":40,"key":"DIG"},{"floor":42,"key":"DIG"},{"floor":44,"key":"DIG"},{"floor":49,"key":"REST"}],"neow_cost":"TEN_PERCENT_HP_LOSS","seed_source_timestamp":667716339626363,"circlet_count":0,"master_deck":["Strike_B","Strike_B","Strike_B+1","Strike_B","Defend_B","Defend_B","Defend_B","Defend_B","Zap","Dualcast","Beam Cell","Sweeping Beam","Sweeping Beam+1","Conserve Battery","Hologram","Defragment","Echo Form","Hologram+1","Static Discharge+1","Leap","Doom and Gloom","Stack","Heatsinks+1","Melter","Sweeping Beam+1","Hello World+1","Buffer+1","Barrage+1","Beam Cell+1","Conserve Battery+1"],"special_seed":0,"relics":["Cracked Core","Shovel","Matryoshka","Regal Pillow","Smiling Mask","Darkstone Periapt","Bottled Flame","Happy Flower","PreservedInsect","Ectoplasm","Mummified Hand","Letter Opener","Frozen Egg 2","Gremlin Horn","Ice Cream","Red Mask","Busted Crown","Pen Nib","Ancient Tea Set","Nunchaku","Turnip","Whetstone"],"potions_floor_usage":[16,16,33,50,50],"damage_taken":[{"damage":2.0,"enemies":"Small Slimes","floor":1.0,"turns":3.0},{"damage":1.0,"enemies":"Cultist","floor":4.0,"turns":3.0},{"damage":31.0,"enemies":"Lagavulin","floor":6.0,"turns":8.0},{"damage":8.0,"enemies":"Jaw Worm","floor":8.0,"turns":3.0},{"damage":5.0,"enemies":"Exordium Wildlife","floor":10.0,"turns":4.0},{"damage":0.0,"enemies":"3 Louse","floor":12.0,"turns":2.0},{"damage":3.0,"enemies":"Looter","floor":14.0,"turns":2.0},{"damage":44,"enemies":"The Guardian","floor":16,"turns":12},{"damage":20,"enemies":"Shell Parasite","floor":18,"turns":5},{"damage":7,"enemies":"Chosen","floor":19,"turns":6},{"damage":17,"enemies":"Centurion and Healer","floor":20,"turns":6},{"damage":4,"enemies":"Snecko","floor":28,"turns":4},{"damage":1,"enemies":"Masked Bandits","floor":29,"turns":2},{"damage":10,"enemies":"Snake Plant","floor":30,"turns":3},{"damage":6,"enemies":"Centurion and Healer","floor":31,"turns":6},{"damage":25,"enemies":"Champ","floor":33,"turns":10},{"damage":0,"enemies":"3 Darklings","floor":35,"turns":4},{"damage":16,"enemies":"Orb Walker","floor":36,"turns":3},{"damage":0,"enemies":"Sphere and 2 Shapes","floor":37,"turns":3},{"damage":16,"enemies":"Spire Growth","floor":38,"turns":5},{"damage":11,"enemies":"2 Orb Walkers","floor":41,"turns":3},{"damage":0,"enemies":"Maw","floor":47,"turns":6},{"damage":5,"enemies":"4 Shapes","floor":48,"turns":3},{"damage":12,"enemies":"Donu and Deca","floor":50,"turns":9}],"seed_played":"-2109040970468993563","potions_obtained":[{"floor":1.0,"key":"SteroidPotion"},{"floor":4.0,"key":"Regen Potion"},{"floor":6.0,"key":"PowerPotion"},{"floor":16,"key":"AttackPotion"},{"floor":19,"key":"PowerPotion"},{"floor":35,"key":"Weak Potion"},{"floor":48,"key":"FocusPotion"}],"is_trial":false,"path_per_floor":["M","?","?","M","?","E","R","M","T","M","R","M","R","M","R","B",null,"M","M","M","?","$","R","$","R","T","$","M","?","M","M","R","B",null,"M","M","M","M","$","R","E","R","T","R","?","$","M","M","R","B"],"character_chosen":"DEFECT","items_purchased":["Mummified Hand","Doom and Gloom","Stack","FocusPotion"],"campfire_rested":2,"item_purchase_floors":[22,22,27,39],"current_hp_per_floor":[66,66,60,59,59,35,35,34,34,36,36,43,43,40,40,18,68,55,55,45,45,45,45,45,45,45,45,48,47,44,45,68,50,68,68,59,66,57,57,57,53,53,53,53,53,53,53,48,68,56],"gold":6,"neow_bonus":"ONE_RARE_RELIC","is_prod":false,"is_daily":false,"chose_seed":false,"campfire_upgraded":0,"win_rate":0,"timestamp":1539300852,"path_taken":["M","?","?","M","?","E","R","M","T","?","R","M","R","M","R","BOSS","M","M","?","?","$","R","$","R","T","$","?","?","M","M","R","BOSS","M","M","M","M","$","R","E","R","T","R","?","$","M","M","R","BOSS"],"build_version":"2018-10-04v2","purchased_purges":0,"victory":true,"max_hp_per_floor":[68,68,68,68,68,68,68,68,68,68,68,68,68,68,68,68,68,68,68,68,68,68,68,68,68,68,68,68,68,68,68,68,68,68,68,68,68,68,68,68,68,68,68,68,68,68,68,68,68,68],"card_choices":[{"not_picked":["Chill","Conserve Battery"],"picked":"Beam Cell","floor":1.0},{"not_picked":["Ball Lightning","Sweeping Beam"],"picked":"Self Repair","floor":4.0},{"not_picked":["Redo","Beam Cell"],"picked":"Sweeping Beam","floor":6.0},{"not_picked":["Loop","Blizzard"],"picked":"Conserve Battery","floor":8.0},{"not_picked":["Fusion","Coolheaded","Aggregate"],"picked":"SKIP","floor":10.0},{"not_picked":["Sweeping Beam","Streamline"],"picked":"Hologram","floor":12.0},{"not_picked":["Heatsinks","Hologram"],"picked":"Defragment","floor":14.0},{"not_picked":["Meteor Strike","Multi-Cast"],"picked":"Echo Form","floor":16},{"not_picked":["Reprogram","Compile Driver"],"picked":"Hologram+1","floor":18},{"not_picked":["Conserve Battery","Loop"],"picked":"Static Discharge+1","floor":19},{"not_picked":["Darkness","Redo"],"picked":"Leap","floor":20},{"not_picked":["Reprogram+1","Aggregate"],"picked":"Heatsinks+1","floor":28},{"not_picked":["Turbo+1","Barrage+1"],"picked":"Melter","floor":29},{"not_picked":["Blizzard+1","Cold Snap"],"picked":"Sweeping Beam+1","floor":30},{"not_picked":["Turbo","Tempest"],"picked":"Hello World+1","floor":31},{"not_picked":["All For One","Biased Cognition+1"],"picked":"Buffer+1","floor":33},{"not_picked":["Steam"],"picked":"SKIP","floor":35},{"not_picked":["Turbo"],"picked":"SKIP","floor":36},{"not_picked":[],"picked":"Barrage+1","floor":37},{"not_picked":["Chill+1"],"picked":"SKIP","floor":38},{"not_picked":[],"picked":"Beam Cell+1","floor":41},{"not_picked":[],"picked":"Conserve Battery+1","floor":47},{"not_picked":["Storm+1"],"picked":"SKIP","floor":48}],"player_experience":504479,"relics_obtained":[{"floor":6.0,"key":"Matryoshka"},{"floor":7.0,"key":"Regal Pillow"},{"floor":9.0,"key":"Smiling Mask"},{"floor":9.0,"key":"Darkstone Periapt"},{"floor":11.0,"key":"Bottled Flame"},{"floor":13.0,"key":"Happy Flower"},{"floor":15.0,"key":"PreservedInsect"},{"floor":23,"key":"Letter Opener"},{"floor":25,"key":"Frozen Egg 2"},{"floor":26,"key":"Gremlin Horn"},{"floor":26,"key":"Ice Cream"},{"floor":29,"key":"Red Mask"},{"floor":40,"key":"Pen Nib"},{"floor":41,"key":"Ancient Tea Set"},{"floor":42,"key":"Nunchaku"},{"floor":43,"key":"Turnip"},{"floor":44,"key":"Whetstone"}],"event_choices":[{"event_name":"Match and Keep!","player_choice":"1 cards matched","floor":2.0,"damage_taken":0.0},{"event_name":"FaceTrader","player_choice":"Touch","floor":3.0,"damage_taken":0.0},{"event_name":"Liars Game","player_choice":"disagreed","floor":5.0,"damage_taken":0.0},{"event_name":"Ghosts","player_choice":"Ignored","floor":21,"damage_taken":0},{"event_name":"Masked Bandits","player_choice":"Fought Bandits","floor":29,"damage_taken":0},{"event_name":"Falling","player_choice":"Removed Power","floor":45,"damage_taken":0}],"is_beta":false,"boss_relics":[{"not_picked":["Empty Cage","Cursed Key"],"picked":"Ectoplasm"},{"not_picked":["Eternal Feather","Pandora\u0027s Box"],"picked":"Busted Crown"}],"items_purged_floors":[],"is_endless":false,"potions_floor_spawned":[1,4,6,16,19,20,30,35,41,48],"ascension_level":0}