{"gold_per_floor":[109,109,126,139,153,153,184,184,184,200,375,151,168,68,68,170,170,187,187,199,219,237,237,256,276,276,302,313,313,313,313,313,313],"floor_reached":33,"playtime":1657,"items_purged":["Doubt","Strike_R"],"score":421,"play_id":"99494c7a-b9bc-4e23-a5b7-1e48dc5289f1","local_time":"20190730204153","is_ascension_mode":false,"campfire_choices":[{"data":"Strike_R","floor":6.0,"key":"SMITH"},{"data":"Strike_R","floor":8.0,"key":"SMITH"},{"data":"Uppercut","floor":15.0,"key":"SMITH"},{"data":"Rage","floor":23,"key":"SMITH"},{"data":"Rampage","floor":29,"key":"SMITH"},{"floor":32,"key":"REST"}],"neow_cost":"NONE","seed_source_timestamp":698309056253011,"circlet_count":0,"master_deck":["Strike_R+1","Strike_R+1","Defend_R","Defend_R","Defend_R","Bash+1","Rampage+1","Uppercut+1","Rage+1","Flame Barrier+1","Feed+1","Perfected Strike+1","Dropkick"],"special_seed":0,"relics":["Burning Blood","Dodecahedron","Gambling Chip","Astrolabe","PreservedInsect","Mango"],"potions_floor_usage":[27,27,33,33],"damage_taken":[{"damage":4.0,"enemies":"Small Slimes","floor":1.0,"turns":4.0},{"damage":1.0,"enemies":"Cultist","floor":3.0,"turns":4.0},{"damage":11.0,"enemies":"Jaw Worm","floor":4.0,"turns":2.0},{"damage":14.0,"enemies":"Large Slime","floor":5.0,"turns":7.0},{"damage":8.0,"enemies":"Gremlin Nob","floor":7.0,"turns":4.0},{"damage":26.0,"enemies":"Exordium Thugs","floor":10.0,"turns":5.0},{"damage":0.0,"enemies":"3 Louse","floor":13.0,"turns":3.0},{"damage":54.0,"enemies":"The Guardian","floor":16.0,"turns":10.0},{"damage":0.0,"enemies":"Shell Parasite","floor":18.0,"turns":4.0},{"damage":1,"enemies":"3 Byrds","floor":20,"turns":7},{"damage":0,"enemies":"Snecko","floor":21,"turns":5},{"damage":6,"enemies":"Snake Plant","floor":22,"turns":3},{"damage":0,"enemies":"3 Cultists","floor":24,"turns":5},{"damage":13,"enemies":"Shelled Parasite and Fungi","floor":25,"turns":7},{"damage":91,"enemies":"Gremlin Leader","floor":27,"turns":9},{"damage":7,"enemies":"Centurion and Healer","floor":28,"turns":5},{"damage":74,"enemies":"Automaton","floor":33,"turns":6}],"seed_played":"-1264055814023468114","potions_obtained":[{"floor":4.0,"key":"EssenceOfSteel"},{"floor":5.0,"key":"SpeedPotion"},{"floor":10.0,"key":"Swift Potion"},{"floor":13.0,"key":"FairyPotion"},{"floor":16.0,"key":"Dexterity Potion"},{"floor":18.0,"key":"BloodPotion"},{"floor":27,"key":"AttackPotion"}],"is_trial":false,"path_per_floor":["M","?","M","M","M","R","E","R","T","M","?","$","M","$","R","B",null,"M","?","M","M","M","R","M","M","T","E","M","R","?","?","R","B"],"character_chosen":"IRONCLAD","items_purchased":["Rampage","Uppercut"],"campfire_rested":1,"item_purchase_floors":[12,12],"current_hp_per_floor":[80,80,80,75,67,67,65,65,65,45,45,45,51,51,51,14,80,84,84,88,88,92,92,96,93,93,47,50,50,50,25,61,0],"gold":313,"neow_bonus":"UPGRADE_CARD","is_prod":false,"is_daily":false,"chose_seed":false,"campfire_upgraded":5,"win_rate":0,"timestamp":1564533713,"path_taken":["M","?","?","M","M","R","E","R","T","M","?","$","M","$","R","BOSS","M","?","M","M","?","R","M","M","T","E","M","R","?","?","R","BOSS"],"build_version":"2019-07-17","purchased_purges":2,"victory":false,"max_hp_per_floor":[80,80,80,80,80,80,80,80,80,80,80,80,80,80,80,80,80,84,84,88,88,92,92,96,100,100,114,118,118,118,123,123,123],"card_choices":[{"not_picked":["Flex","Dual Wield","Perfected Strike"],"picked":"SKIP","floor":1.0},{"not_picked":["Twin Strike","Iron Wave","Anger"],"picked":"SKIP","floor":3.0},{"not_picked":["Pommel Strike","Twin Strike","Shockwave"],"picked":"SKIP","floor":4.0},{"not_picked":["Dual Wield","Battle Trance","Bloodletting"],"picked":"SKIP","floor":5.0},{"not_picked":["Twin Strike","Hemokinesis","Pommel Strike"],"picked":"SKIP","floor":7.0},{"not_picked":["Shrug It Off","Wild Strike","Perfected Strike"],"picked":"SKIP","floor":10.0},{"not_picked":["Warcry","Fiend Fire"],"picked":"Rage","floor":13.0},{"not_picked":["Combust","Heavy Blade+1","Clash"],"picked":"SKIP","floor":18.0},{"not_picked":["Second Wind","Armaments","True Grit"],"picked":"SKIP","floor":20},{"not_picked":["Thunderclap+1","Twin Strike+1"],"picked":"Dropkick","floor":21},{"not_picked":["Bloodletting","Pommel Strike+1","Warcry"],"picked":"SKIP","floor":22},{"not_picked":["Thunderclap","Anger","Searing Blow"],"picked":"SKIP","floor":24},{"not_picked":["Metallicize+1","Iron Wave","Clothesline"],"picked":"SKIP","floor":25},{"not_picked":["Thunderclap","Wild Strike+1","Barricade"],"picked":"SKIP","floor":27},{"not_picked":["Thunderclap","Flame Barrier","Headbutt"],"picked":"SKIP","floor":28}],"player_experience":1187025,"relics_obtained":[{"floor":7.0,"key":"Dodecahedron"},{"floor":9.0,"key":"Gambling Chip"},{"floor":26,"key":"PreservedInsect"},{"floor":27,"key":"Mango"}],"event_choices":[{"damage_healed":0.0,"max_hp_gain":0.0,"max_hp_loss":0.0,"gold_gain":0.0,"event_name":"NoteForYourself","player_choice":"Ignored","floor":2.0,"gold_loss":0.0,"damage_taken":0.0},{"damage_healed":0.0,"max_hp_gain":0.0,"max_hp_loss":0.0,"gold_gain":175.0,"event_name":"Liars Game","player_choice":"AGREE","floor":11.0,"gold_loss":0.0,"damage_taken":0.0,"cards_obtained":["Doubt"]},{"damage_healed":0.0,"max_hp_gain":0.0,"max_hp_loss":0.0,"gold_gain":0.0,"event_name":"Lab","player_choice":"Got Potions","floor":19.0,"gold_loss":0.0,"damage_taken":0.0},{"damage_healed":0,"gold_gain":0,"player_choice":"Ignored","damage_taken":0,"max_hp_gain":0,"max_hp_loss":0,"event_name":"Ghosts","floor":30,"gold_loss":0},{"damage_healed":0,"gold_gain":0,"player_choice":"Shed Blood","damage_taken":30,"max_hp_gain":5,"max_hp_loss":0,"event_name":"Forgotten Altar","floor":31,"gold_loss":0}],"is_beta":false,"boss_relics":[{"not_picked":["Runic Dome","Lizard Tail"],"picked":"Astrolabe"}],"items_purged_floors":[12,14],"is_endless":false,"potions_floor_spawned":[4,5,10,13,16,18,21,22,27],"killed_by":"Automaton","ascension_level":0}