{"gold_per_floor":[116,116,4,21,21,21,55,55,55,33,33,33,53,53,53,53],"floor_reached":16,"playtime":519,"items_purged":["Regret"],"score":168,"play_id":"d83b4d30-53b9-40fe-8526-359d8a592038","local_time":"20191009171007","is_ascension_mode":true,"campfire_choices":[{"data":"Neutralize","floor":6,"key":"SMITH"},{"data":"Burst","floor":8,"key":"SMITH"},{"data":"Crippling Poison","floor":11,"key":"SMITH"},{"data":"Crippling Poison","floor":15,"key":"SMITH"}],"neow_cost":"NONE","seed_source_timestamp":3976455506500,"circlet_count":0,"master_deck":["AscendersBane","Strike_G","Strike_G","Strike_G","Strike_G","Defend_G","Defend_G","Defend_G","Defend_G","Defend_G","Survivor","Neutralize+1","Quick Slash","Crippling Poison+1","Burst+1","Dagger Spray+1","Crippling Poison+1"],"relics":["Ring of the Snake","Blood Vial","Orichalcum","Ornamental Fan","The Courier"],"potions_floor_usage":[],"damage_taken":[{"damage":2,"enemies":"Jaw Worm","floor":1,"turns":6},{"damage":0,"enemies":"2 Louse","floor":4,"turns":3},{"damage":23,"enemies":"3 Sentries","floor":7,"turns":12},{"damage":0,"enemies":"Cultist","floor":13,"turns":3},{"damage":39,"enemies":"Slime Boss","floor":16,"turns":8}],"seed_played":"1376185643778088380","potions_obtained":[{"floor":13,"key":"GhostInAJar"}],"is_trial":false,"path_per_floor":["M","?","$","M","?","R","E","R","T","$","R","?","M","$","R","B"],"character_chosen":"THE_SILENT","items_purchased":["Crippling Poison","Dagger Spray"],"campfire_rested":0,"item_purchase_floors":[3,10],"current_hp_per_floor":[59,59,59,61,54,54,33,33,33,33,33,33,35,35,35,0],"gold":53,"neow_bonus":"RANDOM_COMMON_RELIC","is_prod":false,"is_daily":false,"chose_seed":false,"campfire_upgraded":4,"win_rate":0,"timestamp":1570633807,"path_taken":["M","?","$","M","?","R","E","R","T","$","R","?","M","?","R","BOSS"],"build_version":"2019-10-08","purchased_purges":1,"victory":false,"max_hp_per_floor":[66,66,66,66,66,66,66,66,66,66,66,66,66,66,66,66],"card_choices":[{"not_picked":["Underhanded Strike","Bane"],"picked":"Quick Slash","floor":1},{"not_picked":["Bane","Infinite Blades","Calculated Gamble"],"picked":"SKIP","floor":4},{"not_picked":["Acrobatics","Poisoned Stab"],"picked":"Burst","floor":7},{"not_picked":["Sucker Punch","Caltrops"],"picked":"Crippling Poison","floor":13}],"player_experience":984227,"relics_obtained":[{"floor":7,"key":"Ornamental Fan"},{"floor":9,"key":"The Courier"}],"event_choices":[{"damage_healed":0,"gold_gain":0,"player_choice":"Box","damage_taken":0,"relics_obtained":["Orichalcum"],"max_hp_gain":0,"max_hp_loss":0,"event_name":"Big Fish","floor":2,"gold_loss":0,"cards_obtained":["Regret"]},{"cards_removed":["Strike_G"],"damage_healed":0,"gold_gain":0,"player_choice":"Card Removal","damage_taken":7,"max_hp_gain":0,"max_hp_loss":0,"event_name":"Golden Wing","floor":5,"gold_loss":0},{"damage_healed":0,"gold_gain":0,"player_choice":"Grow","damage_taken":0,"max_hp_gain":0,"max_hp_loss":0,"event_name":"Living Wall","floor":12,"gold_loss":0,"cards_upgraded":["Dagger Spray"]}],"is_beta":true,"boss_relics":[],"items_purged_floors":[3],"is_endless":false,"potions_floor_spawned":[13],"killed_by":"Slime Boss","ascension_level":15}