{"gold_per_floor":[110,110,69,19,94,119,119,133,133,133,145,164,164,193,193,297,297,315,240,251,251,166,166,200,200,200,200,210,309,339,351,351,446,446,461,461,461,472,519,519,548,548,575,575,590,590,602,602,602,602],"floor_reached":51,"playtime":3353,"items_purged":[],"score":1029,"play_id":"ba40ebc3-833e-45d4-adc7-20bca26b45f9","local_time":"20180916002324","is_ascension_mode":true,"campfire_choices":[{"floor":7,"key":"REST"},{"floor":10,"key":"REST"},{"data":"Zap","floor":13,"key":"SMITH"},{"data":"Static Discharge","floor":15,"key":"SMITH"},{"floor":23,"key":"REST"},{"data":"Electrodynamics","floor":25,"key":"SMITH"},{"floor":27,"key":"REST"},{"floor":32,"key":"REST"},{"floor":40,"key":"REST"},{"floor":42,"key":"REST"},{"floor":44,"key":"REST"},{"floor":49,"key":"REST"}],"neow_cost":"NONE","seed_source_timestamp":793478260699775,"circlet_count":0,"master_deck":["Strike_B","Strike_B","Strike_B","Defend_B","Defend_B","Defend_B","Zap+1","Dualcast","AscendersBane","Electrodynamics+1","Sweeping Beam","Static Discharge+1","Machine Learning","Redo+1","Hologram+1","Leap+1","Leap+1","Skim+1","Melter","Rip and Tear","Doom and Gloom+1","Thunder Strike","Conserve Battery+1","Go for the Eyes+1","Ball Lightning","White Noise+1","Static Discharge+1","Madness+1","Madness+1"],"relics":["Cracked Core","Bottled Lightning","Toxic Egg 2","Kunai","Gremlin Horn","Velvet Choker","MutagenicStrength","Omamori","Incense Burner","Sundial","Ornamental Fan","Lizard Tail","StoneCalendar","Thread and Needle","Vajra","Bag of Preparation"],"potions_floor_usage":[14,18,24,33,39,39,50,50],"damage_taken":[{"damage":1,"enemies":"Cultist","floor":1,"turns":3},{"damage":20,"enemies":"3 Sentries","floor":6,"turns":3},{"damage":7,"enemies":"Jaw Worm","floor":8,"turns":3},{"damage":1,"enemies":"2 Louse","floor":11,"turns":2},{"damage":0,"enemies":"Large Slime","floor":12,"turns":5},{"damage":25,"enemies":"Gremlin Nob","floor":14,"turns":4},{"damage":27,"enemies":"Slime Boss","floor":16,"turns":6},{"damage":17,"enemies":"2 Thieves","floor":18,"turns":4},{"damage":11,"enemies":"Shell Parasite","floor":20,"turns":5},{"damage":13,"enemies":"Gremlin Leader","floor":24,"turns":4},{"damage":0,"enemies":"Cultist and Chosen","floor":28,"turns":4},{"damage":12,"enemies":"Slavers","floor":30,"turns":4},{"damage":3,"enemies":"Chosen and Byrds","floor":31,"turns":4},{"damage":23,"enemies":"Champ","floor":33,"turns":11},{"damage":3,"enemies":"Orb Walker","floor":35,"turns":3},{"damage":0,"enemies":"Mind Bloom Boss Battle","floor":36,"turns":5},{"damage":10,"enemies":"3 Shapes","floor":38,"turns":3},{"damage":6,"enemies":"Mysterious Sphere","floor":39,"turns":3},{"damage":50,"enemies":"2 Orb Walkers","floor":41,"turns":4},{"damage":0,"enemies":"Reptomancer","floor":45,"turns":4},{"damage":8,"enemies":"Maw","floor":47,"turns":5},{"damage":37,"enemies":"Donu and Deca","floor":50,"turns":4}],"seed_played":"2861821758329858662","potions_obtained":[{"floor":1,"key":"GamblersBrew"},{"floor":11,"key":"EssenceOfSteel"},{"floor":12,"key":"FearPotion"},{"floor":14,"key":"SkillPotion"},{"floor":18,"key":"Weak Potion"},{"floor":31,"key":"GamblersBrew"},{"floor":36,"key":"FearPotion"},{"floor":39,"key":"Explosive Potion"},{"floor":41,"key":"FocusPotion"}],"is_trial":false,"path_per_floor":["M","T","$","?","?","E","R","M","T","R","M","M","R","E","R","B",null,"M","?","M","?","?","R","E","R","T","R","M","?","E","M","R","B",null,"M","?","?","M","?","R","E","R","T","R","M","?","M","?","R","B"],"character_chosen":"DEFECT","items_purchased":["Static Discharge"],"campfire_rested":9,"item_purchase_floors":[3],"current_hp_per_floor":[67,67,67,67,56,36,58,51,51,73,72,72,72,47,47,20,61,44,44,33,33,33,55,42,42,42,64,64,64,52,49,71,48,68,65,65,65,55,49,71,21,43,43,65,65,65,57,48,70,33],"gold":602,"neow_bonus":"ONE_RANDOM_RARE_CARD","is_prod":false,"is_daily":false,"chose_seed":false,"campfire_upgraded":3,"win_rate":0,"timestamp":1537071804,"path_taken":["M","?","$","?","?","E","R","M","T","R","M","M","R","E","R","BOSS","M","?","M","?","?","R","E","R","T","R","M","?","E","?","R","BOSS","M","?","?","M","?","R","E","R","T","R","M","?","?","?","R","BOSS"],"build_version":"2018-09-06","purchased_purges":0,"victory":true,"max_hp_per_floor":[75,75,75,75,75,75,75,75,75,75,75,75,75,75,75,75,75,75,75,75,75,75,75,75,75,75,75,75,75,75,75,75,75,75,75,75,75,75,75,75,75,75,75,75,75,75,75,75,75,75],"card_choices":[{"not_picked":["Consume","Turbo"],"picked":"Sweeping Beam","floor":1},{"not_picked":["Skim","Rebound"],"picked":"Leap","floor":6},{"not_picked":["Gash","Cold Snap"],"picked":"Machine Learning","floor":8},{"not_picked":["Skim+1","Hello World"],"picked":"Redo+1","floor":11},{"not_picked":["Beam Cell","Consume+1"],"picked":"Hologram+1","floor":12},{"not_picked":["Stack+1","Cold Snap"],"picked":"Leap+1","floor":14},{"not_picked":["Compile Driver","Cold Snap"],"picked":"Leap+1","floor":18},{"not_picked":["Coolheaded+1","Genetic Algorithm+1"],"picked":"Skim+1","floor":20},{"not_picked":["Auto Shields+1","White Noise+1"],"picked":"Melter","floor":24},{"not_picked":["Coolheaded+1","Streamline"],"picked":"Rip and Tear","floor":28},{"not_picked":["Sweeping Beam","Biased Cognition","Coolheaded+1"],"picked":"SKIP","floor":30},{"not_picked":["Hello World","Auto Shields+1"],"picked":"Doom and Gloom+1","floor":31},{"not_picked":["Creative AI","Core Surge"],"picked":"Thunder Strike","floor":33},{"not_picked":["Chaos+1","Cold Snap"],"picked":"Conserve Battery+1","floor":35},{"not_picked":["Coolheaded+1","Gash+1"],"picked":"Go for the Eyes+1","floor":36},{"not_picked":["Redo+1","Beam Cell","Streamline"],"picked":"SKIP","floor":38},{"not_picked":["Steam+1","Turbo+1"],"picked":"Ball Lightning","floor":39},{"not_picked":["Conserve Battery+1","Redo+1"],"picked":"White Noise+1","floor":41},{"not_picked":["Scrape","Multi-Cast+1"],"picked":"Static Discharge+1","floor":45},{"not_picked":["Gash+1","Sunder+1","Self Repair"],"picked":"SKIP","floor":47}],"player_experience":441368,"relics_obtained":[{"floor":2,"key":"Bottled Lightning"},{"floor":6,"key":"Toxic Egg 2"},{"floor":9,"key":"Kunai"},{"floor":14,"key":"Gremlin Horn"},{"floor":24,"key":"Incense Burner"},{"floor":26,"key":"Sundial"},{"floor":30,"key":"Ornamental Fan"},{"floor":36,"key":"StoneCalendar"},{"floor":39,"key":"Thread and Needle"},{"floor":41,"key":"Vajra"},{"floor":43,"key":"Bag of Preparation"}],"event_choices":[{"event_name":"The Cleric","player_choice":"Card Removal","floor":4,"damage_taken":0},{"event_name":"World of Goop","player_choice":"Gather Gold","floor":5,"damage_taken":0},{"event_name":"Beggar","player_choice":"Gave Gold","floor":19,"damage_taken":0},{"event_name":"Drug Dealer","player_choice":"Inject Mutagens","floor":21,"damage_taken":0},{"event_name":"Addict","player_choice":"Obtained Relic","floor":22,"damage_taken":0},{"event_name":"Nest","player_choice":"Stole From Cult","floor":29,"damage_taken":0},{"event_name":"MindBloom","player_choice":"Fight","floor":36,"damage_taken":0},{"event_name":"Falling","player_choice":"Removed Skill","floor":37,"damage_taken":0},{"event_name":"Mysterious Sphere","player_choice":"Fight","floor":39,"damage_taken":0},{"event_name":"Tomb of Lord Red Mask","player_choice":"Ignored","floor":46,"damage_taken":0},{"event_name":"Winding Halls","player_choice":"Embrace Madness","floor":48,"damage_taken":0}],"is_beta":false,"boss_relics":[{"not_picked":["Tiny House","Orrery"],"picked":"Velvet Choker"},{"not_picked":["Astrolabe","Calling Bell"],"picked":"Lizard Tail"}],"items_purged_floors":[],"is_endless":false,"potions_floor_spawned":[1,11,12,14,16,18,31,36,39,41],"ascension_level":10}