{"gold_per_floor":[111,128,128,143,159,159,190,255,279,291,321,334,334],"floor_reached":13,"playtime":804,"items_purged":[],"score":96,"play_id":"3b50e0af-9520-4747-92ac-df8d69540cbc","local_time":"20191008042953","is_ascension_mode":true,"campfire_choices":[{"data":"Metallicize","floor":6,"key":"SMITH"}],"neow_cost":"NONE","seed_source_timestamp":307780144398600,"circlet_count":0,"master_deck":["Strike_R","Strike_R","Strike_R","Strike_R","Strike_R","Defend_R","Defend_R","Defend_R","Defend_R","Bash+1","Metallicize+1","Shrug It Off+1","Pommel Strike","Shrug It Off","Shockwave","Juggernaut","Armaments"],"relics":["Burning Blood","NeowsBlessing","PreservedInsect","Anchor","Odd Mushroom"],"potions_floor_usage":[7,7,13,13],"damage_taken":[{"damage":0,"enemies":"Cultist","floor":1,"turns":1},{"damage":0,"enemies":"Small Slimes","floor":2,"turns":1},{"damage":0,"enemies":"Jaw Worm","floor":4,"turns":1},{"damage":14,"enemies":"Large Slime","floor":5,"turns":11},{"damage":10,"enemies":"Gremlin Nob","floor":7,"turns":5},{"damage":10,"enemies":"Gremlin Nob","floor":8,"turns":4},{"damage":9,"enemies":"Exordium Thugs","floor":10,"turns":6},{"damage":28,"enemies":"The Mushroom Lair","floor":11,"turns":6},{"damage":7,"enemies":"3 Louse","floor":12,"turns":4},{"damage":32,"enemies":"3 Sentries","floor":13,"turns":6}],"seed_played":"7704520327337531926","potions_obtained":[{"floor":2,"key":"AttackPotion"},{"floor":4,"key":"Swift Potion"},{"floor":5,"key":"Explosive Potion"},{"floor":11,"key":"Poison Potion"}],"is_trial":false,"path_per_floor":["M","M","?","M","M","R","E","?","T","M","?","M","E"],"character_chosen":"IRONCLAD","items_purchased":[],"campfire_rested":0,"item_purchase_floors":[],"current_hp_per_floor":[80,80,64,70,62,62,58,54,54,51,29,28,0],"gold":334,"neow_bonus":"THREE_ENEMY_KILL","is_prod":false,"is_daily":false,"chose_seed":false,"campfire_upgraded":1,"win_rate":0,"timestamp":1570523393,"path_taken":["M","M","?","M","M","R","E","?","T","M","?","M","E"],"build_version":"2019-07-17","purchased_purges":0,"victory":false,"max_hp_per_floor":[80,80,80,80,80,80,80,80,80,80,80,80,80],"card_choices":[{"not_picked":["Armaments","Clothesline"],"picked":"Metallicize","floor":1},{"not_picked":["Blood for Blood","Clash"],"picked":"Shrug It Off","floor":2},{"not_picked":["Feel No Pain","Clash","Bludgeon"],"picked":"SKIP","floor":4},{"not_picked":["Blood for Blood","Clash","Disarm"],"picked":"SKIP","floor":5},{"not_picked":["Twin Strike","Iron Wave"],"picked":"Pommel Strike","floor":7},{"not_picked":["Wild Strike","Flex"],"picked":"Shrug It Off","floor":8},{"not_picked":["Wild Strike","Sword Boomerang"],"picked":"Shockwave","floor":10},{"not_picked":["Cleave","Perfected Strike"],"picked":"Juggernaut","floor":11},{"not_picked":["Entrench","Combust"],"picked":"Armaments","floor":12}],"player_experience":58077,"relics_obtained":[{"floor":7,"key":"PreservedInsect"},{"floor":8,"key":"Anchor"},{"floor":11,"key":"Odd Mushroom"}],"event_choices":[{"damage_healed":0,"gold_gain":0,"player_choice":"Entered Light","damage_taken":16,"max_hp_gain":0,"max_hp_loss":0,"event_name":"Shining Light","floor":3,"gold_loss":0,"cards_upgraded":["Bash","Shrug It Off"]},{"damage_healed":0,"gold_gain":0,"player_choice":"Searched \u00271\u0027 times","damage_taken":0,"max_hp_gain":0,"max_hp_loss":0,"event_name":"Dead Adventurer","floor":8,"gold_loss":0},{"damage_healed":0,"gold_gain":0,"player_choice":"Fought Mushrooms","damage_taken":0,"max_hp_gain":0,"max_hp_loss":0,"event_name":"Mushrooms","floor":11,"gold_loss":0}],"is_beta":false,"boss_relics":[],"items_purged_floors":[],"is_endless":false,"potions_floor_spawned":[2,4,5,11],"killed_by":"3 Sentries","ascension_level":2}