{"gold_per_floor":[119,188,208,208,208,242,260,287,287,301,301,311,311,338,338,413,413,323,323,323,0,0,0],"floor_reached":23,"playtime":1224,"items_purged":[],"score":359,"play_id":"f80b1a4f-43eb-4109-b74e-7b48db23e24a","local_time":"20190916200726","is_ascension_mode":true,"campfire_choices":[{"data":"Uppercut","floor":13.0,"key":"SMITH"},{"data":"Iron Wave","floor":15.0,"key":"SMITH"}],"neow_cost":"NONE","seed_source_timestamp":331254294855000,"circlet_count":0,"master_deck":["AscendersBane","Strike_R","Strike_R","Strike_R","Strike_R+1","Defend_R","Defend_R","Defend_R+1","Defend_R","Bash","Uppercut+1","Iron Wave+1","Armaments","Evolve+1","Impervious","True Grit+1","Disarm+1","Barricade+1","Berserk+1","CurseOfTheBell","Clothesline+1"],"special_seed":0,"relics":["Burning Blood","Bronze Scales","Frozen Egg 2","Question Card","Toy Ornithopter","Toxic Egg 2","Ancient Tea Set","Calling Bell","InkBottle","Molten Egg 2","Ice Cream","Bird Faced Urn"],"potions_floor_usage":[],"damage_taken":[{"damage":6.0,"enemies":"Cultist","floor":1.0,"turns":4.0},{"damage":0.0,"enemies":"2 Louse","floor":3.0,"turns":3.0},{"damage":45.0,"enemies":"3 Sentries","floor":6.0,"turns":7.0},{"damage":3.0,"enemies":"Small Slimes","floor":7.0,"turns":5.0},{"damage":25.0,"enemies":"Gremlin Nob","floor":8.0,"turns":4.0},{"damage":2.0,"enemies":"Red Slaver","floor":10.0,"turns":5.0},{"damage":13.0,"enemies":"Exordium Wildlife","floor":12.0,"turns":6.0},{"damage":31.0,"enemies":"Lagavulin","floor":14.0,"turns":10.0},{"damage":11.0,"enemies":"Slime Boss","floor":16.0,"turns":20.0},{"damage":27.0,"enemies":"2 Thieves","floor":18.0,"turns":5.0},{"damage":63,"enemies":"Gremlin Leader","floor":23,"turns":12}],"seed_played":"4526459558884871692","potions_obtained":[{"floor":6.0,"key":"Regen Potion"},{"floor":7.0,"key":"Energy Potion"},{"floor":10.0,"key":"BloodPotion"},{"floor":11.0,"key":"FairyPotion"},{"floor":11.0,"key":"GamblersBrew"},{"floor":14.0,"key":"Fruit Juice"}],"is_trial":false,"path_per_floor":["M","T","M","?","?","E","M","E","T","M","?","M","R","E","R","B",null,"M","T","?","?","$","E"],"character_chosen":"IRONCLAD","items_purchased":[],"campfire_rested":0,"item_purchase_floors":[],"current_hp_per_floor":[68,68,74,51,51,12,30,11,11,15,38,31,31,28,28,33,68,47,47,47,47,47,0],"gold":0,"neow_bonus":"RANDOM_COMMON_RELIC","is_prod":false,"is_daily":false,"chose_seed":false,"campfire_upgraded":2,"win_rate":0,"timestamp":1568657246,"path_taken":["M","?","M","?","?","E","M","E","T","?","?","M","R","E","R","BOSS","BOSS","M","?","?","?","$","E"],"build_version":"2019-09-12","purchased_purges":0,"victory":false,"max_hp_per_floor":[75,75,75,75,75,75,75,75,75,75,75,75,75,75,75,80,80,80,80,80,80,80,80],"card_choices":[{"not_picked":["Wild Strike","Combust"],"picked":"Uppercut","floor":1.0},{"not_picked":["Body Slam","Twin Strike"],"picked":"Iron Wave","floor":3.0},{"not_picked":["Clash","Sentinel"],"picked":"Armaments","floor":6.0},{"not_picked":["Combust+1","Headbutt","Warcry"],"picked":"Evolve+1","floor":7.0},{"not_picked":["Twin Strike","Iron Wave","Body Slam"],"picked":"Impervious","floor":8.0},{"not_picked":["Iron Wave","Perfected Strike","Thunderclap"],"picked":"True Grit+1","floor":10.0},{"not_picked":["Inflame+1","Evolve+1","Armaments+1"],"picked":"Disarm+1","floor":12.0},{"not_picked":["Feel No Pain+1","Havoc+1","Shockwave+1"],"picked":"Barricade+1","floor":14.0},{"not_picked":["Dark Embrace+1","Bludgeon","Feed"],"picked":"Berserk+1","floor":16.0},{"not_picked":["Carnage+1","Wild Strike+1","Perfected Strike+1"],"picked":"Clothesline+1","floor":18.0}],"player_experience":845192,"relics_obtained":[{"floor":2.0,"key":"Frozen Egg 2"},{"floor":6.0,"key":"Question Card"},{"floor":8.0,"key":"Toy Ornithopter"},{"floor":9.0,"key":"Toxic Egg 2"},{"floor":14.0,"key":"Ancient Tea Set"},{"floor":17.0,"key":"InkBottle"},{"floor":17.0,"key":"Molten Egg 2"},{"floor":17.0,"key":"Ice Cream"},{"floor":19.0,"key":"Bird Faced Urn"}],"event_choices":[{"damage_healed":0.0,"max_hp_gain":0.0,"max_hp_loss":0.0,"gold_gain":0.0,"event_name":"Shining Light","player_choice":"Entered Light","floor":4.0,"gold_loss":0.0,"damage_taken":23.0,"cards_upgraded":["Defend_R","Strike_R"]},{"cards_removed":["Strike_R"],"damage_healed":0.0,"max_hp_gain":0.0,"max_hp_loss":0.0,"gold_gain":0.0,"event_name":"Bonfire Elementals","player_choice":"Offered Basic","floor":5.0,"gold_loss":0.0,"damage_taken":0.0},{"damage_healed":0.0,"max_hp_gain":0.0,"max_hp_loss":0.0,"gold_gain":0.0,"event_name":"Lab","player_choice":"Got Potions","floor":11.0,"gold_loss":0.0,"damage_taken":0.0},{"damage_healed":0.0,"max_hp_gain":0.0,"max_hp_loss":0.0,"gold_gain":0.0,"event_name":"Ghosts","player_choice":"Ignored","floor":20.0,"gold_loss":0.0,"damage_taken":0.0},{"damage_healed":0,"gold_gain":0,"player_choice":"Paid Fearfully","damage_taken":0,"max_hp_gain":0,"max_hp_loss":0,"event_name":"Masked Bandits","floor":21,"gold_loss":323}],"is_beta":true,"boss_relics":[{"not_picked":["Astrolabe","Black Blood"],"picked":"Calling Bell"}],"items_purged_floors":[],"is_endless":false,"potions_floor_spawned":[6,7,10,14],"killed_by":"Gremlin Leader","ascension_level":15}