{"gold_per_floor":[118,118,133,152,227,227,252,271,271,289,310,310,260,185,185,290,290,304,72,72,83,101,135,135,135,135,135,135,135,149,167,167,271,271,286,286,296,296,313,313,58,58,58,58,71,87,102,128,128,128],"floor_reached":51,"playtime":7992,"items_purged":["Zap","Strike_B+1"],"score":617,"play_id":"f3533f07-5b09-4de0-8eda-935917a28776","local_time":"20180704223800","is_ascension_mode":false,"campfire_choices":[{"data":"Redo","floor":6,"key":"SMITH"},{"data":"Echo Form","floor":12,"key":"SMITH"},{"floor":15,"key":"REST"},{"data":"Enlightenment","floor":25,"key":"SMITH"},{"floor":27,"key":"DIG"},{"floor":29,"key":"DIG"},{"floor":32,"key":"REST"},{"floor":40,"key":"REST"},{"floor":44,"key":"DIG"},{"floor":49,"key":"REST"}],"neow_cost":"NONE","seed_source_timestamp":782912107801977,"circlet_count":0,"master_deck":["Strike_B+1","Strike_B+1","Strike_B+1","Defend_B+1","Defend_B+1","Defend_B+1","Defend_B+1","Sweeping Beam+1","Conserve Battery","Redo+1","Hello World","Rebound+1","Echo Form+1","Hologram","Creative AI","Fusion","Loop","Enlightenment+1","Rebound+1","Redo+1","Doom and Gloom+1","Streamline+1","Sweeping Beam+1","Stack+1","Madness","Madness","Hologram+1","Darkness+1","Go for the Eyes+1","All For One+1"],"relics":["Nuclear Battery","Anchor","Molten Egg 2","Odd Mushroom","Runic Pyramid","Shovel","Shuriken","Dream Catcher","Ancient Tea Set","White Beast Statue","Vajra","Dodecahedron","Kunai","Whetstone"],"potions_floor_usage":[18,21,23,23,30,33,33,37,39,46,47,50,50,50],"damage_taken":[{"damage":2,"enemies":"Small Slimes","floor":1,"turns":4},{"damage":0,"enemies":"Cultist","floor":3,"turns":3},{"damage":0,"enemies":"Jaw Worm","floor":4,"turns":4},{"damage":18,"enemies":"3 Sentries","floor":7,"turns":8},{"damage":3,"enemies":"Looter","floor":8,"turns":3},{"damage":2,"enemies":"Large Slime","floor":10,"turns":4},{"damage":8,"floor":11,"turns":2},{"damage":6,"enemies":"Slime Boss","floor":16,"turns":8},{"damage":0,"enemies":"Chosen","floor":18,"turns":8},{"damage":16,"enemies":"Shell Parasite","floor":21,"turns":8},{"damage":17,"enemies":"Cultist and Chosen","floor":22,"turns":8},{"damage":14,"enemies":"Slavers","floor":23,"turns":6},{"damage":3,"enemies":"Centurion and Healer","floor":30,"turns":5},{"damage":11,"enemies":"3 Cultists","floor":31,"turns":4},{"damage":15,"enemies":"Collector","floor":33,"turns":8},{"damage":5,"enemies":"Orb Walker","floor":35,"turns":3},{"damage":25,"enemies":"3 Darklings","floor":37,"turns":5},{"damage":8,"enemies":"Maw","floor":39,"turns":7},{"damage":0,"enemies":"4 Shapes","floor":45,"turns":5},{"damage":0,"enemies":"Sphere and 2 Shapes","floor":46,"turns":3},{"damage":1,"enemies":"3 Darklings","floor":47,"turns":3},{"damage":83,"enemies":"Donu and Deca","floor":50,"turns":9}],"seed_played":"-528391170538183428","potions_obtained":[{"floor":1,"key":"Energy Potion"},{"floor":3,"key":"Weak Potion"},{"floor":4,"key":"Block Potion"},{"floor":11,"key":"Dexterity Potion"},{"floor":18,"key":"Block Potion"},{"floor":22,"key":"AttackPotion"},{"floor":28,"key":"Fruit Juice"},{"floor":28,"key":"EssenceOfSteel"},{"floor":33,"key":"Fire Potion"},{"floor":35,"key":"Poison Potion"},{"floor":37,"key":"Fruit Juice"},{"floor":39,"key":"Regen Potion"},{"floor":45,"key":"SkillPotion"},{"floor":46,"key":"PowerPotion"},{"floor":47,"key":"SpeedPotion"}],"is_trial":false,"path_per_floor":["M","?","M","M","?","R","E","M","T","M","?","R","?","$","R","B",null,"M","$","?","M","M","E","?","R","T","R","?","R","M","M","R","B",null,"M","?","M","?","M","R","$","?","T","R","M","M","M","T","R","B"],"character_chosen":"DEFECT","items_purchased":["Loop","Enlightenment","Vajra"],"campfire_rested":4,"item_purchase_floors":[19,19,41],"current_hp_per_floor":[73,73,73,73,62,62,44,41,41,39,31,31,31,31,53,47,75,75,75,75,59,42,28,53,53,53,53,53,53,55,44,68,53,80,75,65,40,40,37,62,62,62,62,62,62,71,70,70,85,2],"gold":128,"neow_bonus":"BOSS_RELIC","is_prod":false,"is_daily":false,"chose_seed":false,"campfire_upgraded":3,"win_rate":0.0,"timestamp":1530758280,"path_taken":["M","?","M","M","?","R","E","M","T","M","?","R","?","$","R","BOSS","M","$","?","?","M","E","?","R","T","R","?","R","M","M","R","BOSS","M","?","M","?","M","R","?","?","T","R","M","?","M","?","R","BOSS"],"build_version":"2018-06-28","purchased_purges":2,"victory":true,"max_hp_per_floor":[75,75,75,75,75,75,75,75,75,75,75,75,75,75,75,75,75,75,75,75,75,75,75,75,75,75,75,75,75,80,80,80,80,80,80,80,80,80,85,85,85,85,85,85,85,85,85,85,85,85],"card_choices":[{"not_picked":["Aggregate","Blizzard"],"picked":"Sweeping Beam","floor":1},{"not_picked":["Stack","Steam"],"picked":"Conserve Battery","floor":3},{"not_picked":["Stack","Streamline"],"picked":"Redo","floor":4},{"not_picked":["Cold Snap","Ball Lightning"],"picked":"Hello World","floor":7},{"not_picked":["Leap","Aggregate"],"picked":"Rebound","floor":8},{"not_picked":["Rebound+1","Hologram"],"picked":"Echo Form","floor":10},{"not_picked":["Stack","Beam Cell+1"],"picked":"Hologram","floor":11},{"not_picked":["Amplify","Fission"],"picked":"Creative AI","floor":16},{"not_picked":["Compile Driver+1","Streamline+1"],"picked":"Fusion","floor":18},{"not_picked":["Conserve Battery+1","Beam Cell+1"],"picked":"Rebound+1","floor":21},{"not_picked":["Conserve Battery+1","Genetic Algorithm"],"picked":"Redo+1","floor":22},{"not_picked":["Compile Driver+1","Leap"],"picked":"Doom and Gloom+1","floor":23},{"not_picked":["Doom and Gloom+1","Steam"],"picked":"Streamline+1","floor":30},{"not_picked":["Scrape+1","Steam Power","Loop"],"picked":"SKIP","floor":31},{"not_picked":["Gash+1","Steam"],"picked":"Sweeping Beam+1","floor":32},{"not_picked":["FTL+1","Gash+1"],"picked":"Stack+1","floor":35},{"not_picked":["Streamline+1","Cold Snap+1"],"picked":"Hologram+1","floor":37},{"not_picked":["Steam","Skim","Barrage+1"],"picked":"SKIP","floor":39},{"not_picked":["Echo Form","Cold Snap+1"],"picked":"Darkness+1","floor":40},{"not_picked":["Ball Lightning+1","Conserve Battery+1","Rebound+1"],"picked":"SKIP","floor":45},{"not_picked":["Aggregate","Redo+1"],"picked":"Go for the Eyes+1","floor":46},{"not_picked":["Tempest+1","Streamline+1","FTL+1"],"picked":"SKIP","floor":47},{"not_picked":["Go for the Eyes+1","Conserve Battery+1"],"picked":"All For One+1","floor":49}],"player_experience":72701,"relics_obtained":[{"floor":7,"key":"Anchor"},{"floor":9,"key":"Molten Egg 2"},{"floor":11,"key":"Odd Mushroom"},{"floor":23,"key":"Shovel"},{"floor":26,"key":"Shuriken"},{"floor":27,"key":"Dream Catcher"},{"floor":29,"key":"Ancient Tea Set"},{"floor":43,"key":"Dodecahedron"},{"floor":44,"key":"Kunai"},{"floor":48,"key":"Whetstone"}],"event_choices":[{"event_name":"Upgrade Shrine","player_choice":"Upgraded","floor":2,"damage_taken":0},{"event_name":"World of Goop","player_choice":"Gather Gold","floor":5,"damage_taken":0},{"event_name":"Mushrooms","player_choice":"Fought Mushrooms","floor":11,"damage_taken":0},{"event_name":"The Cleric","player_choice":"Card Removal","floor":13,"damage_taken":0},{"event_name":"Back to Basics","player_choice":"Simplicity","floor":20,"damage_taken":0},{"event_name":"The Library","player_choice":"Heal","floor":24,"damage_taken":0},{"event_name":"The Lab","player_choice":"Got Potions","floor":28,"damage_taken":0},{"event_name":"Winding Halls","player_choice":"Embrace Madness","floor":36,"damage_taken":0},{"event_name":"Mysterious Sphere","player_choice":"Ignore","floor":38,"damage_taken":0},{"event_name":"Transmorgrifier","player_choice":"Skipped","floor":42,"damage_taken":0}],"boss_relics":[{"not_picked":["Orrery","Philosopher\u0027s Stone"],"picked":"Runic Pyramid"},{"not_picked":["Sozu","Snecko Eye"],"picked":"White Beast Statue"}],"items_purged_floors":[14,41],"is_endless":false,"potions_floor_spawned":[1,3,4,11,18,22,33,35,37,39,45,46,47],"ascension_level":0}