{"gold_per_floor":[117,267,285,305,3,3,3,31,85,118,136,36,36,63,63,142,142,158,175,225,239,258,290,82,112,158,184,184,9,34,44,44,119,119,133,133,178,178,0,55,55,55,78,91,118,133,164,164,164,164,164,164,5,38,38],"floor_reached":55,"playtime":4525,"items_purged":["Doubt","Strike_B","Strike_B"],"score":1492,"play_id":"d386cc9b-fc9b-45ff-8f3c-d4e7ce00e83e","local_time":"20190807184129","is_ascension_mode":true,"campfire_choices":[{"data":"Zap","floor":6.0,"key":"SMITH"},{"data":"Loop","floor":15.0,"key":"SMITH"},{"data":"Seek","floor":28.0,"key":"SMITH"},{"floor":32.0,"key":"REST"},{"floor":42.0,"key":"RECALL"},{"floor":49.0,"key":"REST"},{"data":"Hologram","floor":52,"key":"SMITH"}],"neow_cost":"PERCENT_DAMAGE","seed_source_timestamp":258059495756987,"circlet_count":0,"master_deck":["AscendersBane","Strike_B","Defend_B","Defend_B","Defend_B","Defend_B+1","Zap+1","Dualcast","Core Surge","Cold Snap","Go for the Eyes","FTL","Genetic Algorithm","White Noise+1","Loop+1","Glacier","Echo Form","Sweeping Beam","Steam","Hologram","Glacier","Dark Shackles","Seek+1","Leap+1","Coolheaded","Ball Lightning+1","Electrodynamics","Creative AI","Compile Driver+1","Dark Shackles","Secret Technique","Recycle+1","Turbo+1","Defragment+1","Chill","Hologram+1","Seek","Loop"],"special_seed":0,"relics":["Cracked Core","Bronze Scales","Nunchaku","Anchor","War Paint","Cables","Centennial Puzzle","Sozu","Bag of Marbles","Unceasing Top","Ancient Tea Set","Bag of Preparation","DataDisk","Art of War","Lizard Tail","Du-Vu Doll","Red Mask","Tiny Chest","Pen Nib","Sundial","Pear"],"potions_floor_usage":[],"damage_taken":[{"damage":1.0,"enemies":"Cultist","floor":1.0,"turns":3.0},{"damage":2.0,"enemies":"Jaw Worm","floor":3.0,"turns":3.0},{"damage":0.0,"enemies":"2 Louse","floor":4.0,"turns":2.0},{"damage":16.0,"enemies":"Lagavulin","floor":8.0,"turns":5.0},{"damage":6.0,"enemies":"Gremlin Nob","floor":10.0,"turns":4.0},{"damage":0.0,"enemies":"Exordium Thugs","floor":11.0,"turns":4.0},{"damage":8.0,"enemies":"3 Sentries","floor":14.0,"turns":5.0},{"damage":5.0,"enemies":"Hexaghost","floor":16.0,"turns":9.0},{"damage":0.0,"enemies":"Shell Parasite","floor":18.0,"turns":8.0},{"damage":0.0,"enemies":"Spheric Guardian","floor":19.0,"turns":4.0},{"damage":1.0,"enemies":"Cultist and Chosen","floor":21.0,"turns":6.0},{"damage":0.0,"enemies":"Centurion and Healer","floor":22.0,"turns":9.0},{"damage":20.0,"enemies":"Book of Stabbing","floor":23.0,"turns":5.0},{"damage":6.0,"enemies":"Gremlin Leader","floor":25.0,"turns":10.0},{"damage":6.0,"enemies":"Slavers","floor":27.0,"turns":6.0},{"damage":0.0,"enemies":"Book of Stabbing","floor":30.0,"turns":5.0},{"damage":0.0,"enemies":"3 Cultists","floor":31.0,"turns":5.0},{"damage":34.0,"enemies":"Collector","floor":33.0,"turns":10.0},{"damage":1.0,"enemies":"3 Shapes","floor":35.0,"turns":4.0},{"damage":0.0,"enemies":"2 Orb Walkers","floor":37.0,"turns":6.0},{"damage":20.0,"enemies":"Nemesis","floor":40.0,"turns":9.0},{"damage":0.0,"enemies":"Orb Walker","floor":44.0,"turns":3.0},{"damage":10.0,"enemies":"Giant Head","floor":45.0,"turns":7.0},{"damage":0.0,"enemies":"3 Darklings","floor":46.0,"turns":6.0},{"damage":12.0,"enemies":"Reptomancer","floor":47.0,"turns":6.0},{"damage":9,"enemies":"Awakened One","floor":50,"turns":20},{"damage":65,"enemies":"Shield and Spear","floor":54,"turns":11},{"damage":38,"enemies":"The Heart","floor":55,"turns":6}],"seed_played":"4283353130585473323","potions_obtained":[{"floor":8.0,"key":"Explosive Potion"},{"floor":10.0,"key":"Regen Potion"},{"floor":16.0,"key":"SpeedPotion"}],"is_trial":false,"path_per_floor":["M","?","M","M","$","R","T","E","T","E","M","$","?","E","R","B",null,"M","M","?","M","M","E","$","E","T","E","R","$","E","M","R","B",null,"M","?","?","$","?","E","$","R","T","M","E","M","E","?","R","B",null,"R","$","E","B"],"character_chosen":"DEFECT","items_purchased":["Bronze Scales","Genetic Algorithm","Dark Shackles","DataDisk","Coolheaded","Seek"],"campfire_rested":2,"item_purchase_floors":[5,5,24,29,29,53],"current_hp_per_floor":[45,45,43,43,43,43,43,27,27,21,21,21,21,25,25,20,58,58,58,58,57,57,37,37,31,31,25,25,25,25,25,46,12,56,55,45,45,45,45,25,25,25,25,25,15,15,3,3,23,14,54,54,54,35,0],"gold":38,"neow_bonus":"THREE_RARE_CARDS","is_prod":false,"is_daily":false,"chose_seed":false,"campfire_upgraded":4,"win_rate":0,"timestamp":1565196089,"path_taken":["M","?","M","M","$","R","?","E","T","E","M","$","?","E","R","BOSS","M","M","?","M","M","E","$","E","T","E","R","?","E","M","R","BOSS","M","?","?","$","?","E","$","R","T","M","E","M","E","?","R","BOSS","R","$","E","BOSS"],"build_version":"2019-07-17","purchased_purges":3,"victory":false,"max_hp_per_floor":[71,71,71,71,71,71,71,71,71,71,71,71,71,71,71,71,71,71,71,71,71,71,71,71,71,71,71,71,71,71,71,71,71,71,71,71,71,71,71,71,71,71,71,71,71,71,71,67,67,67,67,67,67,77,77],"card_choices":[{"not_picked":["Creative AI","Fission"],"picked":"Core Surge","floor":0.0},{"not_picked":["Redo","White Noise"],"picked":"Cold Snap","floor":1.0},{"not_picked":["BootSequence","Hello World"],"picked":"Go for the Eyes","floor":3.0},{"not_picked":["Hyperbeam","Hologram"],"picked":"FTL","floor":4.0},{"not_picked":["Tempest","Beam Cell"],"picked":"White Noise","floor":8.0},{"not_picked":["Stack","Meteor Strike","Beam Cell"],"picked":"SKIP","floor":10.0},{"not_picked":["Rip and Tear","Redo"],"picked":"Loop","floor":11.0},{"not_picked":["Rebound","Blizzard"],"picked":"Glacier","floor":14.0},{"not_picked":["Fission","Amplify"],"picked":"Echo Form","floor":16.0},{"not_picked":["Reprogram","Barrage"],"picked":"Sweeping Beam","floor":18.0},{"not_picked":["Compile Driver","Barrage","Blizzard"],"picked":"SKIP","floor":19.0},{"not_picked":["Cold Snap","Melter"],"picked":"Steam","floor":21.0},{"not_picked":["Streamline","Steam Power"],"picked":"Hologram","floor":22.0},{"not_picked":["Self Repair","Leap"],"picked":"Glacier","floor":23.0},{"not_picked":["Stack","Leap+1"],"picked":"Seek","floor":25.0},{"not_picked":["Redo","Fusion"],"picked":"Leap+1","floor":27.0},{"not_picked":["Redo","Rebound"],"picked":"Ball Lightning+1","floor":30.0},{"not_picked":["Redo","Rebound"],"picked":"Electrodynamics","floor":31.0},{"not_picked":["All For One","Rainbow"],"picked":"Creative AI","floor":33.0},{"not_picked":["Streamline","Gash+1"],"picked":"Compile Driver+1","floor":35.0},{"not_picked":["Good Instincts","Mind Blast"],"picked":"Dark Shackles","floor":36.0},{"not_picked":["Swift Strike","Sadistic Nature"],"picked":"Secret Technique","floor":36.0},{"not_picked":["Consume","Rip and Tear"],"picked":"Recycle+1","floor":37.0},{"not_picked":["Recycle","Sweeping Beam"],"picked":"Turbo+1","floor":40.0},{"not_picked":["Sunder+1","Auto Shields"],"picked":"Defragment+1","floor":44.0},{"not_picked":["Lockon","Scrape"],"picked":"Chill","floor":45.0},{"not_picked":["Stack","Storm","Rip and Tear"],"picked":"SKIP","floor":46.0},{"not_picked":["Leap","Gash"],"picked":"Hologram","floor":47.0},{"not_picked":["Gash","Recycle"],"picked":"Loop","floor":54}],"player_experience":722098,"relics_obtained":[{"floor":7.0,"key":"Nunchaku"},{"floor":8.0,"key":"Anchor"},{"floor":9.0,"key":"War Paint"},{"floor":10.0,"key":"Cables"},{"floor":14.0,"key":"Centennial Puzzle"},{"floor":23.0,"key":"Bag of Marbles"},{"floor":25.0,"key":"Unceasing Top"},{"floor":26.0,"key":"Ancient Tea Set"},{"floor":27.0,"key":"Bag of Preparation"},{"floor":30.0,"key":"Art of War"},{"floor":37.0,"key":"Du-Vu Doll"},{"floor":40.0,"key":"Tiny Chest"},{"floor":45.0,"key":"Pen Nib"},{"floor":47.0,"key":"Sundial"},{"floor":54,"key":"Pear"}],"event_choices":[{"damage_healed":0.0,"max_hp_gain":0.0,"max_hp_loss":0.0,"gold_gain":150.0,"event_name":"Liars Game","player_choice":"AGREE","floor":2.0,"gold_loss":0.0,"damage_taken":0.0,"cards_obtained":["Doubt"]},{"cards_removed":["Strike_B"],"damage_healed":0.0,"max_hp_gain":0.0,"max_hp_loss":0.0,"gold_gain":0.0,"event_name":"Bonfire Elementals","player_choice":"Offered Basic","floor":13.0,"gold_loss":0.0,"damage_taken":0.0},{"damage_healed":0.0,"max_hp_gain":0.0,"max_hp_loss":0.0,"gold_gain":100.0,"event_name":"The Joust","player_choice":"Bet on Murderer","floor":20.0,"gold_loss":50.0,"damage_taken":0.0},{"damage_healed":0.0,"max_hp_gain":0.0,"max_hp_loss":0.0,"gold_gain":0.0,"event_name":"SensoryStone","player_choice":"Memory 3","floor":36.0,"gold_loss":0.0,"damage_taken":10.0},{"damage_healed":0.0,"max_hp_gain":0.0,"max_hp_loss":0.0,"gold_gain":0.0,"event_name":"Mysterious Sphere","player_choice":"Fight","floor":37.0,"gold_loss":0.0,"damage_taken":0.0},{"damage_healed":0.0,"max_hp_gain":0.0,"max_hp_loss":0.0,"gold_gain":0.0,"event_name":"Tomb of Lord Red Mask","player_choice":"Paid","floor":39.0,"gold_loss":178.0,"damage_taken":0.0,"relics_obtained":["Red Mask"]},{"damage_healed":0.0,"max_hp_gain":0.0,"max_hp_loss":4.0,"gold_gain":0.0,"event_name":"Winding Halls","player_choice":"Max HP","floor":48.0,"gold_loss":0.0,"damage_taken":0.0}],"is_beta":false,"boss_relics":[{"not_picked":["Snecko Eye","Tiny House"],"picked":"Sozu"},{"not_picked":["Philosopher\u0027s Stone","Coffee Dripper"],"picked":"Lizard Tail"}],"items_purged_floors":[5,12,24],"is_endless":false,"potions_floor_spawned":[8,10,16,18,19,22,23,31,37,44],"killed_by":"The Heart","ascension_level":15}