{"gold_per_floor":[117,117,180,230,298,323,323,373,400,418,428,488,488,515,515,515],"floor_reached":16,"playtime":815,"items_purged":[],"score":213,"play_id":"8ade7db2-fd2d-4031-9952-c9f7dab04bbd","local_time":"20190604225641","is_ascension_mode":true,"campfire_choices":[{"floor":7.0,"key":"REST"},{"floor":13.0,"key":"REST"},{"data":"Reinforced Body","floor":15.0,"key":"SMITH"}],"neow_cost":"NONE","seed_source_timestamp":0,"circlet_count":0,"master_deck":["AscendersBane","Strike_B","Strike_B","Strike_B","Strike_B","Defend_B","Defend_B","Defend_B","Defend_B","Zap","Dualcast","Beam Cell","Reinforced Body+1","Self Repair","Chill","Loop+1","BootSequence","Glacier","Heatsinks+1"],"special_seed":0,"relics":["Cracked Core","Boot","SsserpentHead","Strawberry","Frozen Egg 2","Potion Belt","Happy Flower"],"potions_floor_usage":[],"damage_taken":[{"damage":13.0,"enemies":"Small Slimes","floor":1.0,"turns":3.0},{"damage":0.0,"enemies":"Cultist","floor":3.0,"turns":3.0},{"damage":0.0,"enemies":"2 Louse","floor":5.0,"turns":2.0},{"damage":40.0,"enemies":"Lagavulin","floor":6.0,"turns":8.0},{"damage":7.0,"enemies":"Lots of Slimes","floor":10.0,"turns":6.0},{"damage":22.0,"enemies":"Exordium Thugs","floor":11.0,"turns":5.0},{"damage":4.0,"enemies":"Looter","floor":12.0,"turns":3.0},{"damage":15.0,"enemies":"3 Sentries","floor":14.0,"turns":14.0},{"damage":42,"enemies":"Hexaghost","floor":16,"turns":11}],"seed_played":"527382425972933748","potions_obtained":[{"floor":3.0,"key":"FearPotion"},{"floor":11.0,"key":"SteroidPotion"},{"floor":12.0,"key":"Strength Potion"},{"floor":14.0,"key":"SpeedPotion"}],"is_trial":false,"path_per_floor":["M","?","M","?","M","E","R","T","T","M","M","M","R","E","R","B"],"character_chosen":"DEFECT","items_purchased":[],"campfire_rested":2,"item_purchase_floors":[],"current_hp_per_floor":[51,51,51,41,41,15,38,38,38,38,23,26,49,41,41,0],"gold":515,"neow_bonus":"RANDOM_COMMON_RELIC","is_prod":false,"is_daily":false,"chose_seed":false,"campfire_upgraded":1,"win_rate":0,"timestamp":1559681801,"path_taken":["M","?","?","?","?","E","R","?","T","M","M","?","R","E","R","BOSS"],"build_version":"2019-01-23","purchased_purges":0,"victory":false,"max_hp_per_floor":[71,71,71,71,71,78,78,78,78,78,78,78,78,78,78,78],"card_choices":[{"not_picked":["Redo","Streamline"],"picked":"Beam Cell","floor":1.0},{"not_picked":["Rebound","Turbo"],"picked":"Reinforced Body","floor":3.0},{"not_picked":["Conserve Battery","Hello World"],"picked":"Self Repair","floor":5.0},{"not_picked":["Consume","Aggregate"],"picked":"Chill","floor":6.0},{"not_picked":["Streamline","Rip and Tear"],"picked":"Loop+1","floor":10.0},{"not_picked":["Turbo","Meteor Strike"],"picked":"BootSequence","floor":11.0},{"not_picked":["Barrage","Redo"],"picked":"Glacier","floor":12.0},{"not_picked":["Hello World+1","Doom and Gloom"],"picked":"Heatsinks+1","floor":14.0}],"player_experience":454202,"relics_obtained":[{"floor":6.0,"key":"Strawberry"},{"floor":8.0,"key":"Frozen Egg 2"},{"floor":9.0,"key":"Potion Belt"},{"floor":14.0,"key":"Happy Flower"}],"event_choices":[{"damage_healed":0.0,"max_hp_gain":0.0,"max_hp_loss":0.0,"gold_gain":0.0,"event_name":"FaceTrader","player_choice":"Trade","floor":2.0,"gold_loss":0.0,"damage_taken":0.0,"relics_obtained":["SsserpentHead"]},{"damage_healed":0.0,"max_hp_gain":0.0,"max_hp_loss":0.0,"gold_gain":0.0,"event_name":"Wheel of Change","player_choice":"Damaged","floor":4.0,"gold_loss":0.0,"damage_taken":10.0}],"is_beta":false,"boss_relics":[],"items_purged_floors":[],"is_endless":false,"potions_floor_spawned":[3,11,12,14],"killed_by":"Hexaghost","ascension_level":18}