{"gold_per_floor":[367,384,72,88,98,131,145,145,171,171,171,191,226,151,151,251,251,261,261,161,36,36,71,71,84,84,104,118,118,143,143,143,246,246,246,246],"floor_reached":36,"playtime":2324,"items_purged":["Clumsy","Strike_G","Defend_G"],"score":412,"play_id":"e58183c3-1541-41a9-a8ba-7546613ddf9f","local_time":"20191014185701","is_ascension_mode":false,"campfire_choices":[{"data":"Noxious Fumes","floor":8,"key":"SMITH"},{"data":"Neutralize","floor":11,"key":"SMITH"},{"data":"Bane","floor":15,"key":"SMITH"},{"floor":24,"key":"REST"},{"data":"Blur","floor":29,"key":"SMITH"},{"data":"Blur","floor":32,"key":"SMITH"}],"neow_cost":"CURSE","seed_source_timestamp":410979089097500,"circlet_count":0,"master_deck":["Strike_G+1","Defend_G","Defend_G+1","Defend_G","Defend_G+1","Survivor","Neutralize+1","Calculated Gamble","Dash","Noxious Fumes+1","Bane+1","Blur+1","Backflip","PiercingWail","Bane+1","Backflip","Tools of the Trade","Backstab+1","Noxious Fumes+1","Blur+1","Terror","Night Terror"],"relics":["Ring of the Snake","Snake Skull","War Paint","Regal Pillow","Whetstone","Velvet Choker","Anchor","Strawberry","Happy Flower","Empty Cage"],"potions_floor_usage":[6,16,18,33,36],"damage_taken":[{"damage":0,"enemies":"2 Louse","floor":1,"turns":3},{"damage":1,"enemies":"Cultist","floor":2,"turns":4},{"damage":0,"enemies":"Jaw Worm","floor":4,"turns":5},{"damage":0,"enemies":"Blue Slaver","floor":5,"turns":5},{"damage":7,"enemies":"3 Sentries","floor":6,"turns":6},{"damage":0,"enemies":"Large Slime","floor":7,"turns":6},{"damage":0,"enemies":"Looter","floor":12,"turns":3},{"damage":18,"enemies":"Gremlin Nob","floor":13,"turns":4},{"damage":1,"enemies":"Hexaghost","floor":16,"turns":9},{"damage":0,"enemies":"Chosen","floor":18,"turns":4},{"damage":20,"enemies":"Gremlin Leader","floor":23,"turns":6},{"damage":4,"enemies":"Spheric Guardian","floor":25,"turns":5},{"damage":3,"enemies":"Snake Plant","floor":27,"turns":4},{"damage":11,"enemies":"Cultist and Chosen","floor":28,"turns":6},{"damage":2,"enemies":"Book of Stabbing","floor":30,"turns":5},{"damage":3,"enemies":"Collector","floor":33,"turns":8},{"damage":0,"enemies":"3 Shapes","floor":35,"turns":5},{"damage":82,"enemies":"2 Orb Walkers","floor":36,"turns":5}],"seed_played":"2903950524289116246","potions_obtained":[{"floor":4,"key":"AttackPotion"},{"floor":7,"key":"FearPotion"},{"floor":12,"key":"AttackPotion"},{"floor":13,"key":"Fire Potion"},{"floor":25,"key":"LiquidBronze"},{"floor":30,"key":"AttackPotion"}],"is_trial":false,"path_per_floor":["M","M","$","M","M","E","M","R","T","?","R","M","E","$","R","B",null,"M","?","$","$","?","E","R","M","T","M","M","R","E","?","R","B",null,"M","?"],"character_chosen":"THE_SILENT","items_purchased":["Snake Skull","Noxious Fumes","Bane","Blur"],"campfire_rested":1,"item_purchase_floors":[3,3,3,3],"current_hp_per_floor":[70,69,69,69,69,62,62,62,62,62,62,62,44,44,44,43,70,70,70,70,70,57,37,74,70,77,74,63,63,61,61,61,58,82,82,0],"gold":246,"neow_bonus":"TWO_FIFTY_GOLD","is_prod":false,"is_daily":false,"chose_seed":false,"campfire_upgraded":5,"win_rate":0,"timestamp":1571093821,"path_taken":["M","M","$","M","M","E","M","R","T","?","R","M","E","$","R","BOSS","M","?","?","$","?","E","R","?","T","M","M","R","E","?","R","BOSS","M","?"],"build_version":"2019-07-17","purchased_purges":3,"victory":false,"max_hp_per_floor":[70,70,70,70,70,70,70,70,70,70,70,70,70,70,70,70,70,70,70,70,70,75,75,75,75,82,82,82,82,82,82,82,82,82,82,82],"card_choices":[{"not_picked":["Poisoned Stab","Quick Slash"],"picked":"Calculated Gamble","floor":1},{"not_picked":["Tactician","Setup"],"picked":"Dash","floor":2},{"not_picked":["Underhanded Strike","Slice"],"picked":"Backflip","floor":4},{"not_picked":["Sucker Punch","Phantasmal Killer"],"picked":"PiercingWail","floor":5},{"not_picked":["Leg Sweep","Tactician"],"picked":"Bane","floor":6},{"not_picked":["Setup","Outmaneuver"],"picked":"Backflip","floor":7},{"not_picked":["Quick Slash","Flying Knee","Sucker Punch"],"picked":"SKIP","floor":12},{"not_picked":["Cloak And Dagger","Blade Dance","Dagger Throw"],"picked":"SKIP","floor":13},{"not_picked":["Burst","Storm of Steel"],"picked":"Tools of the Trade","floor":16},{"not_picked":["Caltrops+1","Quick Slash"],"picked":"Backstab+1","floor":18},{"not_picked":["Poisoned Stab","Flechettes"],"picked":"Blur","floor":23},{"not_picked":["Dagger Spray","Backflip","Blade Dance+1"],"picked":"SKIP","floor":25},{"not_picked":["Deadly Poison+1","Sucker Punch+1"],"picked":"Terror","floor":27},{"not_picked":["Underhanded Strike","Tactician","Predator+1"],"picked":"SKIP","floor":28},{"not_picked":["Backflip","Deflect+1","Quick Slash"],"picked":"SKIP","floor":30},{"not_picked":["A Thousand Cuts","Malaise"],"picked":"Night Terror","floor":33},{"not_picked":["Slice+1","Heel Hook","Outmaneuver"],"picked":"SKIP","floor":35}],"player_experience":375866,"relics_obtained":[{"floor":6,"key":"War Paint"},{"floor":9,"key":"Regal Pillow"},{"floor":13,"key":"Whetstone"},{"floor":23,"key":"Anchor"},{"floor":26,"key":"Strawberry"},{"floor":30,"key":"Happy Flower"}],"event_choices":[{"damage_healed":0,"gold_gain":0,"player_choice":"Ignored","damage_taken":0,"max_hp_gain":0,"max_hp_loss":0,"event_name":"Liars Game","floor":10,"gold_loss":0},{"damage_healed":0,"gold_gain":0,"player_choice":"Copied","damage_taken":0,"max_hp_gain":0,"max_hp_loss":0,"event_name":"Duplicator","floor":19,"gold_loss":0,"cards_obtained":["Noxious Fumes"]},{"damage_healed":0,"gold_gain":0,"player_choice":"Shed Blood","damage_taken":18,"max_hp_gain":5,"max_hp_loss":0,"event_name":"Forgotten Altar","floor":22,"gold_loss":0},{"cards_removed":["Strike_G"],"damage_healed":0,"gold_gain":0,"player_choice":"Elegance","damage_taken":0,"max_hp_gain":0,"max_hp_loss":0,"event_name":"Back to Basics","floor":31,"gold_loss":0},{"damage_healed":0,"gold_gain":0,"player_choice":"Fight","damage_taken":0,"max_hp_gain":0,"max_hp_loss":0,"event_name":"Mysterious Sphere","floor":36,"gold_loss":0}],"is_beta":false,"boss_relics":[{"not_picked":["Cursed Key","Busted Crown"],"picked":"Velvet Choker"},{"not_picked":["Runic Pyramid","Orrery"],"picked":"Empty Cage"}],"items_purged_floors":[14,20,21],"is_endless":false,"potions_floor_spawned":[4,7,12,13,25,30],"killed_by":"2 Orb Walkers","ascension_level":0}