{"gold_per_floor":[111,126,143,143,93,93,126,126,126,152,162,162,172,172,172,276,276,296,308,324,352,368,368,368],"floor_reached":24,"playtime":2004,"items_purged":[],"score":307,"play_id":"47d5893a-0107-488e-b68b-5089eea0b21c","local_time":"20180918225902","is_ascension_mode":true,"campfire_choices":[{"data":"Dualcast","floor":6.0,"key":"SMITH"},{"floor":8.0,"key":"REST"},{"data":"Zap","floor":12.0,"key":"SMITH"},{"data":"Hologram","floor":15.0,"key":"SMITH"},{"floor":23,"key":"REST"}],"neow_cost":"","seed_source_timestamp":1048786176730508,"circlet_count":0,"master_deck":["Strike_B","Strike_B","Strike_B","Strike_B","Defend_B","Defend_B","Defend_B","Zap+1","Dualcast+1","AscendersBane","Auto Shields","Cold Snap","Leap","Rainbow","Sweeping Beam","Barrage","Hologram+1","Fission","Defragment","Ball Lightning","Defragment","White Noise+1"],"special_seed":0,"relics":["FrozenCore","Mercury Hourglass","Pen Nib","Dream Catcher","Odd Mushroom","Red Mask"],"potions_floor_usage":[24],"damage_taken":[{"damage":1.0,"enemies":"Cultist","floor":1.0,"turns":3.0},{"damage":1.0,"enemies":"Jaw Worm","floor":2.0,"turns":4.0},{"damage":0.0,"enemies":"Small Slimes","floor":3.0,"turns":3.0},{"damage":20.0,"enemies":"Lagavulin","floor":7.0,"turns":7.0},{"damage":4.0,"enemies":"The Mushroom Lair","floor":10.0,"turns":4.0},{"damage":5.0,"enemies":"Blue Slaver","floor":11.0,"turns":3.0},{"damage":2.0,"enemies":"Exordium Thugs","floor":13.0,"turns":4.0},{"damage":9.0,"enemies":"The Guardian","floor":16.0,"turns":9.0},{"damage":12.0,"enemies":"Spheric Guardian","floor":18.0,"turns":4.0},{"damage":0.0,"enemies":"Chosen","floor":19.0,"turns":6.0},{"damage":21.0,"enemies":"3 Cultists","floor":20.0,"turns":5.0},{"damage":14.0,"enemies":"Masked Bandits","floor":21.0,"turns":4.0},{"damage":0.0,"enemies":"Chosen and Byrds","floor":22.0,"turns":6.0},{"damage":50,"enemies":"Gremlin Leader","floor":24,"turns":5}],"seed_played":"-8747596873157863446","potions_obtained":[{"floor":2.0,"key":"SpeedPotion"},{"floor":7.0,"key":"SkillPotion"},{"floor":13.0,"key":"EntropicBrew"},{"floor":16.0,"key":"PowerPotion"},{"floor":20.0,"key":"LiquidBronze"},{"floor":22.0,"key":"LiquidBronze"}],"is_trial":false,"path_per_floor":["M","M","M","?","?","R","E","R","T","?","M","R","M","$","R","B",null,"M","M","M","?","M","R"],"character_chosen":"DEFECT","items_purchased":[],"campfire_rested":2,"item_purchase_floors":[],"current_hp_per_floor":[67,66,66,54,54,54,34,56,56,52,47,47,45,45,45,36,65,53,53,32,18,18,40,0],"gold":368,"neow_bonus":"","is_prod":false,"is_daily":false,"chose_seed":false,"campfire_upgraded":3,"win_rate":0,"timestamp":1537325942,"path_taken":["M","M","?","?","?","R","E","R","T","?","M","R","M","$","R","BOSS","M","M","M","?","?","R","E"],"build_version":"2018-09-06","purchased_purges":0,"victory":false,"max_hp_per_floor":[75,75,75,75,75,75,75,75,75,75,75,75,75,75,75,75,75,75,75,75,75,75,75,75],"card_choices":[{"not_picked":["Turbo","Cold Snap"],"picked":"Auto Shields","floor":1.0},{"not_picked":["Coolheaded","Compile Driver"],"picked":"Cold Snap","floor":2.0},{"not_picked":["Stack","Redo"],"picked":"Leap","floor":3.0},{"not_picked":["Turbo","Ball Lightning"],"picked":"Rainbow","floor":7.0},{"not_picked":["Stack","FTL"],"picked":"Sweeping Beam","floor":10.0},{"not_picked":["Gash","Stack"],"picked":"Barrage","floor":11.0},{"not_picked":["Fission","Rebound"],"picked":"Hologram","floor":13.0},{"not_picked":["Hyperbeam","Rainbow"],"picked":"Fission","floor":16.0},{"not_picked":["Hologram","Chill"],"picked":"Defragment","floor":18.0},{"not_picked":["Leap","FTL"],"picked":"Ball Lightning","floor":19.0},{"not_picked":["Static Discharge","Ball Lightning+1"],"picked":"Defragment","floor":20.0},{"not_picked":["Redo","BootSequence"],"picked":"White Noise+1","floor":22.0}],"player_experience":463054,"relics_obtained":[{"floor":7.0,"key":"Pen Nib"},{"floor":9.0,"key":"Dream Catcher"},{"floor":10.0,"key":"Odd Mushroom"},{"floor":21.0,"key":"Red Mask"}],"event_choices":[{"event_name":"Scrap Ooze","player_choice":"success","floor":4.0,"damage_taken":12.0},{"event_name":"The Cleric","player_choice":"Card Removal","floor":5.0,"damage_taken":0.0},{"event_name":"Mushrooms","player_choice":"Fought Mushrooms","floor":10.0,"damage_taken":0.0},{"event_name":"Masked Bandits","player_choice":"Fought Bandits","floor":21.0,"damage_taken":0.0}],"is_beta":false,"boss_relics":[{"not_picked":["Snecko Eye","White Beast Statue"],"picked":"FrozenCore"}],"items_purged_floors":[],"is_endless":false,"potions_floor_spawned":[2,7,13,16,18,20,22],"killed_by":"Gremlin Leader","ascension_level":11}