{"gold_per_floor":[113,128,141,19,19,19,33,44,44,60,60,10,10,25,25,124,124,143,110,121,21,21,21,21,21,21,33,46,46],"floor_reached":29,"playtime":1201,"items_purged":["Strike_R","Strike_R"],"score":219,"play_id":"959031c4-0399-4ee2-b219-6fbaece48173","local_time":"20190617195643","is_ascension_mode":false,"campfire_choices":[{"data":"Disarm","floor":6,"key":"SMITH"},{"data":"Flame Barrier","floor":13,"key":"SMITH"},{"data":"True Grit","floor":15,"key":"SMITH"},{"floor":23,"key":"REST"}],"neow_cost":"NONE","seed_source_timestamp":2395873236248925,"circlet_count":0,"master_deck":["Strike_R","Strike_R","Defend_R","Defend_R","Defend_R","Defend_R","Bash","Fiend Fire","Disarm+1","Pommel Strike","Anger","Iron Wave","Flame Barrier+1","Twin Strike","True Grit+1","Juggernaut","Entrench","Spot Weakness","Heavy Blade+1"],"relics":["Burning Blood"],"potions_floor_usage":[20,28],"damage_taken":[{"damage":1,"enemies":"2 Louse","floor":1,"turns":2},{"damage":1,"enemies":"Cultist","floor":2,"turns":3},{"damage":3,"enemies":"Small Slimes","floor":3,"turns":4},{"damage":2,"enemies":"Blue Slaver","floor":7,"turns":4},{"damage":12,"enemies":"Exordium Thugs","floor":8,"turns":6},{"damage":5,"enemies":"Looter","floor":10,"turns":2},{"damage":0,"enemies":"Red Slaver","floor":14,"turns":3},{"damage":32,"enemies":"The Guardian","floor":16,"turns":12},{"damage":0,"enemies":"3 Byrds","floor":18,"turns":6},{"damage":17,"enemies":"2 Thieves","floor":19,"turns":5},{"damage":35,"enemies":"Shelled Parasite and Fungi","floor":20,"turns":9},{"damage":18,"enemies":"Cultist and Chosen","floor":27,"turns":6},{"damage":31,"enemies":"3 Cultists","floor":28,"turns":6},{"damage":30,"enemies":"Chosen and Byrds","floor":29,"turns":5}],"seed_played":"-5980859746050605510","potions_obtained":[{"floor":1,"key":"Swift Potion"},{"floor":3,"key":"BloodPotion"},{"floor":7,"key":"PowerPotion"},{"floor":16,"key":"Weak Potion"},{"floor":18,"key":"PowerPotion"},{"floor":27,"key":"PowerPotion"}],"is_trial":false,"path_per_floor":["M","M","M","$","?","R","M","M","T","M","$","?","R","M","R","B",null,"M","M","M","$","?","R","?","T","T","M","M","M"],"character_chosen":"IRONCLAD","items_purchased":["Iron Wave"],"campfire_rested":1,"item_purchase_floors":[4],"current_hp_per_floor":[80,80,80,80,80,80,80,74,74,75,75,75,75,80,80,54,80,80,69,40,40,40,64,64,64,64,52,27,0],"gold":46,"neow_bonus":"ONE_RANDOM_RARE_CARD","is_prod":false,"is_daily":false,"chose_seed":false,"campfire_upgraded":3,"win_rate":0,"timestamp":1560815803,"path_taken":["M","M","M","$","?","R","M","M","T","M","?","?","R","M","R","BOSS","M","M","M","$","?","R","?","?","T","M","M","M"],"build_version":"2019-01-23","purchased_purges":2,"victory":false,"max_hp_per_floor":[80,80,80,80,80,80,80,80,80,80,80,80,80,80,80,80,80,80,80,80,80,80,80,80,80,80,80,80,80],"card_choices":[{"not_picked":["Twin Strike","Corruption"],"picked":"Disarm","floor":1},{"not_picked":["Corruption","Fire Breathing"],"picked":"Pommel Strike","floor":2},{"not_picked":["Headbutt","Ghostly Armor"],"picked":"Anger","floor":3},{"not_picked":["Armaments","Bloodletting"],"picked":"Flame Barrier","floor":7},{"not_picked":["Infernal Blade","Clothesline"],"picked":"Twin Strike","floor":8},{"not_picked":["Shockwave","Twin Strike"],"picked":"True Grit","floor":10},{"not_picked":["Havoc","Thunderclap","Armaments"],"picked":"SKIP","floor":14},{"not_picked":["Exhume","Dark Embrace"],"picked":"Juggernaut","floor":16},{"not_picked":["Anger","Fire Breathing","Clash"],"picked":"SKIP","floor":18},{"not_picked":["Armaments","Flex"],"picked":"Entrench","floor":19},{"not_picked":["Cleave","True Grit+1"],"picked":"Spot Weakness","floor":20},{"not_picked":["Flex","Warcry"],"picked":"Heavy Blade+1","floor":27},{"not_picked":["Reckless Charge+1","Clothesline+1","Headbutt"],"picked":"SKIP","floor":28}],"player_experience":1029705,"relics_obtained":[],"event_choices":[{"damage_healed":0,"gold_gain":0,"player_choice":"Ignored","damage_taken":0,"max_hp_gain":0,"max_hp_loss":0,"event_name":"WeMeetAgain","floor":5,"gold_loss":0},{"cards_removed":["Strike_R"],"damage_healed":0,"gold_gain":0,"player_choice":"Card Removal","damage_taken":0,"max_hp_gain":0,"max_hp_loss":0,"event_name":"The Cleric","floor":12,"gold_loss":50},{"damage_healed":0,"gold_gain":0,"player_choice":"Ignored","damage_taken":0,"max_hp_gain":0,"max_hp_loss":0,"event_name":"Ghosts","floor":22,"gold_loss":0}],"is_beta":false,"boss_relics":[{"not_picked":["Orrery","Busted Crown","Snecko Eye"]}],"items_purged_floors":[4,21],"is_endless":false,"potions_floor_spawned":[1,3,7,16,18,19,27],"killed_by":"Chosen and Byrds","ascension_level":0}