{"gold_per_floor":[110,130,150,50,61,61,95,112,112,112,112,139,156,169,169,245,245,256,256,267,267,116,116,135,135,135,135,10,10,28,42,42,42],"floor_reached":33,"playtime":1384,"items_purged":["Strike_R","Writhe","Strike_R"],"score":492,"play_id":"13e1477b-5417-420a-b9a4-4bc2a89c7985","local_time":"20190701220244","is_ascension_mode":true,"campfire_choices":[{"data":"Carnage","floor":6.0,"key":"SMITH"},{"data":"Bash","floor":10.0,"key":"SMITH"},{"floor":15.0,"key":"REST"},{"data":"Decay","floor":23,"key":"PURGE"},{"data":"Decay","floor":25,"key":"PURGE"},{"data":"Strike_R","floor":29,"key":"PURGE"},{"floor":32,"key":"REST"}],"neow_cost":"NONE","seed_source_timestamp":113866506159039,"circlet_count":0,"master_deck":["AscendersBane","Strike_R","Strike_R","Defend_R","Defend_R","Defend_R","Defend_R","Bash+1","Thunderclap","Carnage+1","Pommel Strike","Shrug It Off","Clothesline","Twin Strike","Feel No Pain","Flame Barrier","True Grit","Dark Embrace","Fiend Fire","True Grit","Blood for Blood","Juggernaut"],"special_seed":0,"relics":["Burning Blood","Blue Candle","Pantograph","Centennial Puzzle","Runic Pyramid","Peace Pipe","Meat on the Bone"],"potions_floor_usage":[24,24,27,33],"damage_taken":[{"damage":3.0,"enemies":"2 Louse","floor":1.0,"turns":4.0},{"damage":2.0,"enemies":"Cultist","floor":2.0,"turns":4.0},{"damage":4.0,"enemies":"Small Slimes","floor":3.0,"turns":3.0},{"damage":0.0,"enemies":"Exordium Thugs","floor":5.0,"turns":3.0},{"damage":26.0,"enemies":"Gremlin Nob","floor":7.0,"turns":4.0},{"damage":1.0,"enemies":"2 Fungi Beasts","floor":8.0,"turns":3.0},{"damage":21.0,"enemies":"Lagavulin","floor":12.0,"turns":5.0},{"damage":16.0,"enemies":"3 Louse","floor":13.0,"turns":4.0},{"damage":15.0,"enemies":"Lots of Slimes","floor":14.0,"turns":5.0},{"damage":48,"enemies":"The Guardian","floor":16,"turns":12},{"damage":31,"enemies":"2 Thieves","floor":18,"turns":4},{"damage":20,"enemies":"Spheric Guardian","floor":20,"turns":5},{"damage":39,"enemies":"3 Cultists","floor":24,"turns":6},{"damage":23,"enemies":"Colosseum Slavers","floor":27,"turns":4},{"damage":16,"enemies":"Snake Plant","floor":30,"turns":2},{"damage":21,"enemies":"Centurion and Healer","floor":31,"turns":6},{"damage":90,"enemies":"Automaton","floor":33,"turns":6}],"seed_played":"5284838299209969231","potions_obtained":[{"floor":1.0,"key":"Energy Potion"},{"floor":2.0,"key":"Explosive Potion"},{"floor":8.0,"key":"Weak Potion"},{"floor":13.0,"key":"Regen Potion"},{"floor":16,"key":"Regen Potion"},{"floor":24,"key":"SmokeBomb"},{"floor":30,"key":"Regen Potion"},{"floor":31,"key":"SteroidPotion"}],"is_trial":false,"path_per_floor":["M","M","M","$","M","R","E","M","T","R","?","E","M","M","R","B",null,"M","?","M","?","$","R","M","R","T","?","$","R","M","M","R","B"],"character_chosen":"IRONCLAD","items_purchased":["Shrug It Off","True Grit"],"campfire_rested":2,"item_purchase_floors":[4,22],"current_hp_per_floor":[78,82,82,82,82,82,62,67,67,67,67,52,42,33,57,40,72,47,47,33,33,33,33,40,40,40,35,35,35,37,34,58,0],"gold":42,"neow_bonus":"TEN_PERCENT_HP_BONUS","is_prod":false,"is_daily":false,"chose_seed":false,"campfire_upgraded":2,"win_rate":0,"timestamp":1562032964,"path_taken":["M","M","M","$","M","R","E","M","T","R","?","E","M","M","R","BOSS","M","?","M","?","$","R","?","R","T","?","$","R","M","M","R","BOSS"],"build_version":"2019-07-01","purchased_purges":3,"victory":false,"max_hp_per_floor":[82,82,82,82,82,82,82,82,82,82,82,82,82,82,82,82,82,82,82,82,82,82,82,82,82,82,82,82,82,82,82,82,82],"card_choices":[{"not_picked":["Clothesline","Perfected Strike"],"picked":"Thunderclap","floor":1.0},{"not_picked":["Warcry","Body Slam"],"picked":"Carnage","floor":2.0},{"not_picked":["Second Wind","Perfected Strike"],"picked":"Pommel Strike","floor":3.0},{"not_picked":["Pommel Strike","Clothesline","Body Slam"],"picked":"SKIP","floor":5.0},{"not_picked":["Pommel Strike","Body Slam"],"picked":"Clothesline","floor":5.0},{"not_picked":["Sword Boomerang","Warcry"],"picked":"Twin Strike","floor":7.0},{"not_picked":["Intimidate","Cleave"],"picked":"Feel No Pain","floor":8.0},{"not_picked":["Rupture","Rage"],"picked":"Flame Barrier","floor":12.0},{"not_picked":["Reckless Charge","Whirlwind"],"picked":"True Grit","floor":13.0},{"not_picked":["Havoc","Iron Wave"],"picked":"Dark Embrace","floor":14.0},{"not_picked":["Dark Embrace","Demon Form"],"picked":"Fiend Fire","floor":16},{"not_picked":["Pommel Strike","Infernal Blade","Clash"],"picked":"SKIP","floor":18},{"not_picked":["Carnage","Clothesline","Pommel Strike"],"picked":"SKIP","floor":20},{"not_picked":["Dual Wield","Warcry","Infernal Blade"],"picked":"SKIP","floor":24},{"not_picked":["Searing Blow+1","Evolve"],"picked":"Blood for Blood","floor":30},{"not_picked":["Pommel Strike","True Grit"],"picked":"Juggernaut","floor":31}],"player_experience":1091702,"relics_obtained":[{"floor":7.0,"key":"Blue Candle"},{"floor":9.0,"key":"Pantograph"},{"floor":12.0,"key":"Centennial Puzzle"},{"floor":26,"key":"Meat on the Bone"}],"event_choices":[{"damage_healed":0.0,"max_hp_gain":0.0,"max_hp_loss":0.0,"gold_gain":0.0,"event_name":"Wheel of Change","player_choice":"Cursed","floor":11.0,"gold_loss":0.0,"damage_taken":0.0,"cards_obtained":["Decay"]},{"damage_healed":0,"gold_gain":0,"player_choice":"Smashed Altar","damage_taken":0,"max_hp_gain":0,"max_hp_loss":0,"event_name":"Forgotten Altar","floor":19,"gold_loss":0,"cards_obtained":["Decay"]},{"damage_healed":0,"gold_gain":0,"player_choice":"Opened","damage_taken":0,"relics_obtained":["Peace Pipe"],"max_hp_gain":0,"max_hp_loss":0,"event_name":"The Mausoleum","floor":21,"gold_loss":0,"cards_obtained":["Writhe"]},{"damage_healed":0,"gold_gain":0,"player_choice":"Fight","damage_taken":0,"max_hp_gain":0,"max_hp_loss":0,"event_name":"Colosseum","floor":27,"gold_loss":0},{"damage_healed":0,"gold_gain":0,"player_choice":"Fled From Nobs","damage_taken":0,"max_hp_gain":0,"max_hp_loss":0,"event_name":"Colosseum","floor":27,"gold_loss":0}],"is_beta":false,"boss_relics":[{"not_picked":["Black Blood","Eternal Feather"],"picked":"Runic Pyramid"}],"items_purged_floors":[4,22,28],"is_endless":false,"potions_floor_spawned":[1,2,8,13,16,24,27,30,31],"killed_by":"Automaton","ascension_level":18}