{"gold_per_floor":[119,119,39,39,39,75,96,96,122,138,138,178,178,217,217,337,337,362,362,400,525,525,558,558,558,588,588,602,602,617,296,296,420,420,444,544,563,586,586,586,586,607,632,657,681,701,735,756,756,756],"floor_reached":50,"playtime":1678,"items_purged":["Strike_R+1"],"score":583,"play_id":"ad1fbfe0-8cf5-4dc5-a07e-b062370eb715","local_time":"20190528230605","is_ascension_mode":false,"campfire_choices":[{"data":"Searing Blow","floor":8.0,"key":"SMITH"},{"data":"Searing Blow+1","floor":11.0,"key":"SMITH"},{"data":"Searing Blow+2","floor":13.0,"key":"SMITH"},{"data":"Searing Blow+3","floor":15.0,"key":"SMITH"},{"data":"Searing Blow+4","floor":27.0,"key":"SMITH"},{"data":"Searing Blow+5","floor":29.0,"key":"SMITH"},{"floor":32.0,"key":"REST"},{"data":"Searing Blow+6","floor":40,"key":"SMITH"},{"data":"Searing Blow+7","floor":49,"key":"SMITH"}],"neow_cost":"NONE","seed_source_timestamp":5080431992475,"circlet_count":0,"master_deck":["Strike_R+1","Strike_R+1","Strike_R+1","Strike_R+1","Defend_R+1","Defend_R+1","Defend_R+1","Defend_R+1","Bash","Searing Blow+8","Thunderclap","Headbutt","Battle Trance","Double Tap","Disarm","Warcry+1","Impervious","Shrug It Off+1","Flame Barrier+1","Shrug It Off+1","True Grit+1"],"special_seed":0,"relics":["Black Blood","NeowsBlessing","Champion Belt","Golden Idol","Anchor","Art of War","Question Card","Ornamental Fan","Red Mask","Shovel","Shuriken","Omamori","MutagenicStrength","Tiny Chest","Paper Frog","Runic Dome","Bag of Preparation","Orichalcum"],"potions_floor_usage":[33,33,50,50,50],"damage_taken":[{"damage":0.0,"enemies":"Jaw Worm","floor":1.0,"turns":1.0},{"damage":0.0,"enemies":"3 Sentries","floor":6.0,"turns":2.0},{"damage":0.0,"enemies":"Small Slimes","floor":7.0,"turns":1.0},{"damage":0.0,"enemies":"2 Louse","floor":10.0,"turns":2.0},{"damage":39.0,"enemies":"Lagavulin","floor":12.0,"turns":8.0},{"damage":10.0,"enemies":"Gremlin Nob","floor":14.0,"turns":3.0},{"damage":14.0,"enemies":"Slime Boss","floor":16.0,"turns":7.0},{"damage":6.0,"enemies":"Shell Parasite","floor":18.0,"turns":4.0},{"damage":33.0,"enemies":"Masked Bandits","floor":20.0,"turns":5.0},{"damage":16.0,"enemies":"Colosseum Slavers","floor":21.0,"turns":5.0},{"damage":5.0,"enemies":"Colosseum Nobs","floor":21.0,"turns":4.0},{"damage":36.0,"enemies":"Book of Stabbing","floor":23.0,"turns":5.0},{"damage":20.0,"enemies":"Spheric Guardian","floor":28.0,"turns":4.0},{"damage":5.0,"enemies":"Snecko","floor":30.0,"turns":4.0},{"damage":35,"enemies":"Champ","floor":33,"turns":8},{"damage":7,"enemies":"3 Darklings","floor":35,"turns":6},{"damage":0,"enemies":"Orb Walker","floor":37,"turns":2},{"damage":8,"enemies":"Spire Growth","floor":38,"turns":4},{"damage":5,"enemies":"Sphere and 2 Shapes","floor":42,"turns":4},{"damage":3,"enemies":"Transient","floor":44,"turns":5},{"damage":23,"enemies":"4 Shapes","floor":45,"turns":7},{"damage":11,"enemies":"Maw","floor":46,"turns":6},{"damage":1,"enemies":"Giant Head","floor":47,"turns":6},{"damage":17,"enemies":"Spire Growth","floor":48,"turns":4},{"damage":66,"enemies":"Time Eater","floor":50,"turns":10}],"seed_played":"5078968005715140985","potions_obtained":[{"floor":6.0,"key":"Energy Potion"},{"floor":10.0,"key":"Ancient Potion"},{"floor":14.0,"key":"Swift Potion"},{"floor":30.0,"key":"GamblersBrew"},{"floor":33,"key":"FearPotion"},{"floor":38,"key":"SkillPotion"}],"is_trial":false,"path_per_floor":["M","?","$","?","$","E","M","R","T","M","R","E","R","E","R","B",null,"M","?","?","?","?","E","?","?","T","R","M","R","M","$","R","B",null,"M","?","M","M","$","R","$","M","T","M","M","M","E","M","R","B"],"character_chosen":"IRONCLAD","items_purchased":["Searing Blow","Paper Frog"],"campfire_rested":1,"item_purchase_floors":[3,31],"current_hp_per_floor":[80,47,47,47,47,53,59,59,59,65,65,32,32,28,28,20,74,74,74,51,50,50,24,24,24,24,24,14,14,19,19,41,16,74,74,74,74,74,74,74,74,74,74,74,61,60,69,62,62,0],"gold":756,"neow_bonus":"THREE_ENEMY_KILL","is_prod":false,"is_daily":false,"chose_seed":false,"campfire_upgraded":8,"win_rate":0,"timestamp":1559077565,"path_taken":["M","?","$","?","$","E","M","R","T","M","R","E","R","E","R","BOSS","M","?","?","?","?","E","?","?","T","R","M","R","M","$","R","BOSS","M","?","M","?","$","R","$","M","T","M","M","M","E","M","R","BOSS"],"build_version":"2019-01-23","purchased_purges":1,"victory":false,"max_hp_per_floor":[80,80,80,74,74,74,74,74,74,74,74,74,74,74,74,74,74,74,74,74,74,74,74,74,74,74,74,74,74,74,74,74,74,74,74,74,74,74,74,74,74,74,74,74,74,74,74,74,74,74],"card_choices":[{"not_picked":["Armaments","Warcry","Intimidate"],"picked":"SKIP","floor":1.0},{"not_picked":["Hemokinesis","Wild Strike","Rage"],"picked":"SKIP","floor":6.0},{"not_picked":["Infernal Blade","Pommel Strike"],"picked":"Thunderclap","floor":7.0},{"not_picked":["Inflame","Heavy Blade"],"picked":"Headbutt","floor":10.0},{"not_picked":["Body Slam","Double Tap","Blood for Blood"],"picked":"SKIP","floor":12.0},{"not_picked":["Inflame","Flex","Brutality"],"picked":"Battle Trance","floor":14.0},{"not_picked":["Bludgeon","Brutality","Demon Form"],"picked":"Double Tap","floor":16.0},{"not_picked":["Iron Wave","Cleave","Fire Breathing","Havoc+1"],"picked":"SKIP","floor":18.0},{"not_picked":["Flex","Berserk","Clothesline","Perfected Strike"],"picked":"SKIP","floor":23.0},{"not_picked":["Infernal Blade+1","Hemokinesis","Pummel+1","Pommel Strike"],"picked":"SKIP","floor":28.0},{"not_picked":["Twin Strike","Battle Trance","Iron Wave"],"picked":"Warcry+1","floor":30.0},{"not_picked":["Limit Break","Exhume","Berserk"],"picked":"Impervious","floor":33},{"not_picked":["Wild Strike+1","Power Through+1","Headbutt","Iron Wave"],"picked":"SKIP","floor":35},{"not_picked":["Ghostly Armor+1","Pommel Strike","Thunderclap"],"picked":"Shrug It Off+1","floor":37},{"not_picked":["Clothesline+1","Cleave","Fiend Fire","Searing Blow+1"],"picked":"SKIP","floor":38},{"not_picked":["Battle Trance","Armaments","Wild Strike+1"],"picked":"Flame Barrier+1","floor":42},{"not_picked":["Wild Strike","Flex+1","Headbutt+1","Body Slam+1"],"picked":"SKIP","floor":44},{"not_picked":["Blood for Blood+1","Sword Boomerang+1","Twin Strike+1","Clothesline"],"picked":"SKIP","floor":45},{"not_picked":["Warcry+1","Perfected Strike+1","Cleave"],"picked":"Shrug It Off+1","floor":46},{"not_picked":["Infernal Blade","Ghostly Armor+1","Corruption","Sword Boomerang+1"],"picked":"SKIP","floor":47},{"not_picked":["Searing Blow+1","Pommel Strike+1","Clothesline"],"picked":"True Grit+1","floor":48}],"player_experience":375997,"relics_obtained":[{"floor":6.0,"key":"Anchor"},{"floor":9.0,"key":"Art of War"},{"floor":12.0,"key":"Question Card"},{"floor":14.0,"key":"Ornamental Fan"},{"floor":20.0,"key":"Red Mask"},{"floor":21.0,"key":"Shovel"},{"floor":21.0,"key":"Shuriken"},{"floor":23.0,"key":"Omamori"},{"floor":26.0,"key":"Tiny Chest"},{"floor":43,"key":"Bag of Preparation"},{"floor":47,"key":"Orichalcum"}],"event_choices":[{"damage_healed":0.0,"max_hp_gain":0.0,"max_hp_loss":0.0,"gold_gain":0.0,"event_name":"Scrap Ooze","player_choice":"Success","floor":2.0,"gold_loss":0.0,"damage_taken":33.0,"relics_obtained":["Champion Belt"]},{"damage_healed":0.0,"max_hp_gain":0.0,"max_hp_loss":6.0,"gold_gain":0.0,"event_name":"Golden Idol","player_choice":"Lose Max HP","floor":4.0,"gold_loss":0.0,"damage_taken":0.0,"relics_obtained":["Golden Idol"]},{"damage_healed":0.0,"max_hp_gain":0.0,"max_hp_loss":0.0,"gold_gain":0.0,"event_name":"Ghosts","player_choice":"Ignored","floor":19.0,"gold_loss":0.0,"damage_taken":0.0},{"damage_healed":0.0,"max_hp_gain":0.0,"max_hp_loss":0.0,"gold_gain":0.0,"event_name":"Masked Bandits","player_choice":"Fought Bandits","floor":20.0,"gold_loss":0.0,"damage_taken":0.0},{"damage_healed":0.0,"max_hp_gain":0.0,"max_hp_loss":0.0,"gold_gain":0.0,"event_name":"Colosseum","player_choice":"Fight","floor":21.0,"gold_loss":0.0,"damage_taken":0.0},{"damage_healed":0.0,"max_hp_gain":0.0,"max_hp_loss":0.0,"gold_gain":0.0,"event_name":"Colosseum","player_choice":"Fought Nobs","floor":21.0,"gold_loss":0.0,"damage_taken":0.0},{"damage_healed":0.0,"max_hp_gain":0.0,"max_hp_loss":0.0,"gold_gain":0.0,"event_name":"The Library","player_choice":"Read","floor":22.0,"gold_loss":0.0,"damage_taken":0.0,"cards_obtained":["Disarm"]},{"damage_healed":0.0,"max_hp_gain":0.0,"max_hp_loss":0.0,"gold_gain":0.0,"event_name":"Drug Dealer","player_choice":"Inject Mutagens","floor":24.0,"gold_loss":0.0,"damage_taken":0.0,"relics_obtained":["MutagenicStrength"]},{"damage_healed":0.0,"max_hp_gain":0.0,"max_hp_loss":0.0,"gold_gain":0.0,"event_name":"Back to Basics","player_choice":"Simplicity","floor":25.0,"gold_loss":0.0,"damage_taken":0.0,"cards_upgraded":["Strike_R","Strike_R","Strike_R","Strike_R","Strike_R","Defend_R","Defend_R","Defend_R","Defend_R"]},{"damage_healed":0,"gold_gain":100,"player_choice":"Pray","damage_taken":0,"max_hp_gain":0,"max_hp_loss":0,"event_name":"Golden Shrine","floor":36,"gold_loss":0}],"is_beta":false,"boss_relics":[{"not_picked":["Astrolabe","Calling Bell"],"picked":"Black Blood"},{"not_picked":["Runic Cube","Orrery"],"picked":"Runic Dome"}],"items_purged_floors":[31],"is_endless":false,"potions_floor_spawned":[6,10,14,16,20,21,30,33,38,42,47],"killed_by":"Time Eater","ascension_level":0}