{"gold_per_floor":[109,184,200,215,365,397,397,407,407,434,434,434],"floor_reached":12,"playtime":725,"items_purged":[],"score":154,"play_id":"6077b131-e148-4b63-8fda-e3089ff20f28","local_time":"20190708071444","is_ascension_mode":true,"campfire_choices":[{"floor":7,"key":"REST"},{"floor":11,"key":"REST"}],"neow_cost":"NONE","seed_source_timestamp":1232957861639251,"circlet_count":0,"master_deck":["AscendersBane","Strike_G","Strike_G","Strike_G","Strike_G","Strike_G","Defend_G","Defend_G","Defend_G","Defend_G","Defend_G","Survivor","Neutralize","Catalyst","Deadly Poison","Poisoned Stab","Backflip","Caltrops","Backflip","Well Laid Plans","Crippling Poison","Doubt","Dodge and Roll","Crippling Poison"],"relics":["Orrery","Boot","Dream Catcher","Dodecahedron"],"potions_floor_usage":[6,12],"damage_taken":[{"damage":6,"enemies":"Jaw Worm","floor":1,"turns":4},{"damage":0,"enemies":"2 Louse","floor":3,"turns":3},{"damage":9,"enemies":"Small Slimes","floor":4,"turns":4},{"damage":25,"enemies":"3 Sentries","floor":6,"turns":10},{"damage":3,"enemies":"3 Louse","floor":8,"turns":3},{"damage":14,"enemies":"Lagavulin","floor":10,"turns":8},{"damage":41,"enemies":"Gremlin Nob","floor":12,"turns":4}],"seed_played":"-8668745442868018580","potions_obtained":[{"floor":1,"key":"GhostInAJar"},{"floor":3,"key":"Swift Potion"}],"is_trial":false,"path_per_floor":["M","?","M","M","?","E","R","M","T","E","R","E"],"character_chosen":"THE_SILENT","items_purchased":[],"campfire_rested":2,"item_purchase_floors":[],"current_hp_per_floor":[53,42,42,33,33,8,27,24,24,10,29,0],"gold":434,"neow_bonus":"BOSS_RELIC","is_prod":false,"is_daily":false,"chose_seed":false,"campfire_upgraded":0,"win_rate":0,"timestamp":1562562884,"path_taken":["M","?","M","M","?","E","R","M","T","E","R","E"],"build_version":"2019-07-05","purchased_purges":0,"victory":false,"max_hp_per_floor":[66,66,66,66,66,66,66,66,66,66,66,66],"card_choices":[{"not_picked":["Grand Finale","Finisher"],"picked":"Catalyst","floor":0},{"not_picked":["Sucker Punch","Backflip"],"picked":"Deadly Poison","floor":0},{"not_picked":["Predator","Cloak And Dagger"],"picked":"Poisoned Stab","floor":0},{"not_picked":["Poisoned Stab","Deadly Poison"],"picked":"Backflip","floor":0},{"not_picked":["Cloak And Dagger","Quick Slash"],"picked":"Caltrops","floor":0},{"not_picked":["Slice","Finisher"],"picked":"Backflip","floor":1},{"not_picked":["Accuracy","Dagger Spray"],"picked":"Well Laid Plans","floor":3},{"not_picked":["Leg Sweep","Dagger Throw"],"picked":"Crippling Poison","floor":4},{"not_picked":["Backflip","Cloak And Dagger"],"picked":"Dodge and Roll","floor":6},{"not_picked":["Bane","Setup"],"picked":"Crippling Poison","floor":8},{"not_picked":["Underhanded Strike","Endless Agony","Riddle With Holes"],"picked":"SKIP","floor":10}],"player_experience":635111,"relics_obtained":[{"floor":6,"key":"Boot"},{"floor":9,"key":"Dream Catcher"},{"floor":10,"key":"Dodecahedron"}],"event_choices":[{"damage_healed":0,"gold_gain":75,"player_choice":"Gather Gold","damage_taken":11,"max_hp_gain":0,"max_hp_loss":0,"event_name":"World of Goop","floor":2,"gold_loss":0},{"damage_healed":0,"gold_gain":150,"player_choice":"AGREE","damage_taken":0,"max_hp_gain":0,"max_hp_loss":0,"event_name":"Liars Game","floor":5,"gold_loss":0,"cards_obtained":["Doubt"]}],"is_beta":false,"boss_relics":[],"items_purged_floors":[],"is_endless":false,"potions_floor_spawned":[1,3],"killed_by":"Gremlin Nob","ascension_level":15}