{"gold_per_floor":[109,34,109,40,40,71,71,97,97,130,130,130,141,159,159,233,233,206,284,302,81,97,97,131,131,202,202,221,255,269,3,3,80,80,90,1089,1364,301,318,353,368,402,402,121,150,162,162,195,195,195,195,195,52,85,85],"floor_reached":56,"playtime":4817,"items_purged":["Strike_G","Regret","Defend_G"],"score":2377,"play_id":"d0d0bb8f-9f41-462f-b617-d309e507e855","local_time":"20190701003055","is_ascension_mode":true,"campfire_choices":[{"floor":7.0,"key":"REST"},{"floor":12.0,"key":"REST"},{"data":"Skewer","floor":15.0,"key":"SMITH"},{"data":"Wraith Form v2","floor":23.0,"key":"SMITH"},{"floor":25.0,"key":"REST"},{"data":"Footwork","floor":27.0,"key":"SMITH"},{"floor":32.0,"key":"REST"},{"floor":49,"key":"RECALL"},{"data":"Catalyst","floor":52,"key":"SMITH"}],"neow_cost":"NONE","seed_source_timestamp":599680431869049,"circlet_count":0,"master_deck":["AscendersBane","Defend_G","Defend_G","Defend_G","Defend_G","Strike_G","Strike_G","Strike_G+1","Survivor","Neutralize+1","Caltrops","Footwork","Die Die Die","Cloak And Dagger","Blur","Skewer+1","Wraith Form v2+1","Noxious Fumes+1","PiercingWail","Backflip","Footwork+1","Corpse Explosion","Dodge and Roll","Escape Plan","Catalyst+1","Footwork+1","Sadistic Nature+1","Flechettes+1","Catalyst","Noxious Fumes+1","Blur","Dash+1"],"special_seed":0,"relics":["Ring of the Snake","NeowsBlessing","Omamori","The Courier","Ninja Scroll","Lantern","Dodecahedron","Runic Pyramid","Pear","PreservedInsect","Blue Candle","Ornamental Fan","Darkstone Periapt","Membership Card","Mercury Hourglass","Sozu","ClockworkSouvenir","Strawberry","Bird Faced Urn","Frozen Egg 2","Gremlin Horn","Kunai","Matryoshka","Sundial","Torii","Mummified Hand","Ice Cream","Paper Crane","Shuriken","Bag of Marbles","Pantograph","Bottled Tornado","Art of War","Medical Kit","Centennial Puzzle"],"potions_floor_usage":[55],"damage_taken":[{"damage":0.0,"enemies":"Small Slimes","floor":1.0,"turns":1.0},{"damage":0.0,"enemies":"3 Sentries","floor":6.0,"turns":1.0},{"damage":0.0,"enemies":"Gremlin Nob","floor":8.0,"turns":1.0},{"damage":22.0,"enemies":"Lagavulin","floor":10.0,"turns":9.0},{"damage":0.0,"enemies":"Jaw Worm","floor":13.0,"turns":2.0},{"damage":0.0,"enemies":"2 Louse","floor":14.0,"turns":1.0},{"damage":13.0,"enemies":"The Guardian","floor":16.0,"turns":16.0},{"damage":2.0,"enemies":"2 Thieves","floor":18.0,"turns":5.0},{"damage":3.0,"enemies":"Shell Parasite","floor":20.0,"turns":9.0},{"damage":5.0,"enemies":"Cultist and Chosen","floor":22.0,"turns":10.0},{"damage":20.0,"enemies":"Slavers","floor":24.0,"turns":5.0},{"damage":10.0,"enemies":"Snake Plant","floor":28.0,"turns":5.0},{"damage":17.0,"enemies":"Gremlin Leader","floor":29.0,"turns":9.0},{"damage":23.0,"enemies":"Centurion and Healer","floor":30.0,"turns":4.0},{"damage":36.0,"enemies":"Automaton","floor":33.0,"turns":12.0},{"damage":0.0,"enemies":"3 Shapes","floor":35.0,"turns":2.0},{"damage":0.0,"enemies":"3 Darklings","floor":39.0,"turns":4.0},{"damage":0.0,"enemies":"Nemesis","floor":40.0,"turns":9.0},{"damage":6.0,"enemies":"Jaw Worm Horde","floor":41.0,"turns":5.0},{"damage":0.0,"enemies":"Reptomancer","floor":42.0,"turns":5.0},{"damage":0,"enemies":"Giant Head","floor":45,"turns":6},{"damage":1,"enemies":"Writhing Mass","floor":46,"turns":6},{"damage":7,"enemies":"Nemesis","floor":48,"turns":5},{"damage":22,"enemies":"Time Eater","floor":50,"turns":9},{"damage":10,"enemies":"Shield and Spear","floor":54,"turns":6},{"damage":61,"enemies":"The Heart","floor":55,"turns":9}],"seed_played":"-5063441364914507654","potions_obtained":[{"floor":6.0,"key":"GamblersBrew"},{"floor":13.0,"key":"EssenceOfSteel"},{"floor":24.0,"key":"Fruit Juice"},{"floor":28.0,"key":"SpeedPotion"},{"floor":33.0,"key":"Ancient Potion"}],"is_trial":false,"path_per_floor":["M","?","?","$","?","E","R","E","T","E","T","R","M","M","R","B",null,"M","T","M","$","M","R","E","R","T","R","M","E","M","$","R","B",null,"M","?","?","$","M","E","M","E","T","$","E","M","?","E","R","B",null,"R","$","E","B",null],"character_chosen":"THE_SILENT","items_purchased":["Footwork","PiercingWail","PreservedInsect","Membership Card","Mercury Hourglass","ClockworkSouvenir","Strawberry","Bird Faced Urn","Frozen Egg 2","Gremlin Horn","Kunai","Catalyst","Footwork+1","Matryoshka","Sundial","Torii","Sadistic Nature+1","Shuriken","Bag of Marbles","Noxious Fumes+1","Blur","Art of War","Medical Kit"],"campfire_rested":4,"item_purchase_floors":[4,21,21,31,31,38,38,38,38,38,38,38,38,38,38,38,38,44,44,44,44,53,53],"current_hp_per_floor":[59,59,48,48,28,28,47,47,47,25,25,44,44,44,44,31,57,55,65,62,62,57,57,37,59,59,64,54,37,14,14,38,2,61,61,61,67,74,82,94,92,94,94,94,94,94,94,94,94,72,89,89,89,93,44],"gold":85,"neow_bonus":"THREE_ENEMY_KILL","is_prod":false,"is_daily":false,"chose_seed":false,"campfire_upgraded":4,"win_rate":0,"timestamp":1561933855,"path_taken":["M","?","?","$","?","E","R","E","T","E","?","R","M","M","R","BOSS","M","?","M","?","M","R","E","R","T","R","M","E","M","$","R","BOSS","M","?","?","$","?","E","M","E","T","$","E","M","?","E","R","BOSS","R","$","E","BOSS"],"build_version":"2019-01-23","purchased_purges":3,"victory":true,"max_hp_per_floor":[66,66,66,66,66,66,66,66,66,66,66,66,66,66,66,66,66,66,76,76,76,76,76,76,76,76,81,81,81,81,81,81,81,81,81,81,87,94,94,94,94,94,94,94,94,94,94,94,94,94,94,94,94,94,94],"card_choices":[{"not_picked":["Dodge and Roll","Blade Dance"],"picked":"Caltrops","floor":1.0},{"not_picked":["Acrobatics","Masterful Stab"],"picked":"Die Die Die","floor":6.0},{"not_picked":["Setup","Heel Hook"],"picked":"Cloak And Dagger","floor":8.0},{"not_picked":["Blade Dance","Tactician"],"picked":"Blur","floor":10.0},{"not_picked":["Setup","PiercingWail"],"picked":"Skewer","floor":13.0},{"not_picked":["Flechettes","Cloak And Dagger","Riddle With Holes"],"picked":"SKIP","floor":14.0},{"not_picked":["Grand Finale","Phantasmal Killer"],"picked":"Wraith Form v2","floor":16.0},{"not_picked":["Backflip","Distraction"],"picked":"Noxious Fumes+1","floor":18.0},{"not_picked":["Slice","Poisoned Stab","Flying Knee"],"picked":"SKIP","floor":20.0},{"not_picked":["Endless Agony","Dagger Throw"],"picked":"Backflip","floor":22.0},{"not_picked":["Bouncing Flask","Blade Dance"],"picked":"Footwork","floor":24.0},{"not_picked":["Acrobatics","Prepared","Predator"],"picked":"SKIP","floor":28.0},{"not_picked":["Underhanded Strike","Prepared"],"picked":"Corpse Explosion","floor":29.0},{"not_picked":["Slice","Bane"],"picked":"Dodge and Roll","floor":30.0},{"not_picked":["Sucker Punch","Blade Dance"],"picked":"Escape Plan","floor":35.0},{"not_picked":["All Out Attack","Blade Dance","Distraction"],"picked":"SKIP","floor":39.0},{"not_picked":["Dagger Throw","Dagger Spray","Backstab"],"picked":"SKIP","floor":40.0},{"not_picked":["Prepared+1","Outmaneuver"],"picked":"Flechettes+1","floor":41.0},{"not_picked":["Outmaneuver","Tactician"],"picked":"Catalyst","floor":42.0},{"not_picked":["Unload","Heel Hook","Blade Dance"],"picked":"SKIP","floor":45},{"not_picked":["Underhanded Strike","Dagger Throw","Infinite Blades+1"],"picked":"SKIP","floor":46},{"not_picked":["Blade Dance","Underhanded Strike+1","Tactician+1"],"picked":"SKIP","floor":48},{"not_picked":["Poisoned Stab","Bane"],"picked":"Dash+1","floor":54}],"player_experience":602037,"relics_obtained":[{"floor":6.0,"key":"Omamori"},{"floor":8.0,"key":"The Courier"},{"floor":9.0,"key":"Ninja Scroll"},{"floor":10.0,"key":"Lantern"},{"floor":11.0,"key":"Dodecahedron"},{"floor":19.0,"key":"Pear"},{"floor":24.0,"key":"Blue Candle"},{"floor":26.0,"key":"Ornamental Fan"},{"floor":29.0,"key":"Darkstone Periapt"},{"floor":40.0,"key":"Mummified Hand"},{"floor":42.0,"key":"Ice Cream"},{"floor":43,"key":"Paper Crane"},{"floor":45,"key":"Pantograph"},{"floor":48,"key":"Bottled Tornado"},{"floor":54,"key":"Centennial Puzzle"}],"event_choices":[{"cards_removed":["Strike_G"],"damage_healed":0.0,"max_hp_gain":0.0,"max_hp_loss":0.0,"gold_gain":0.0,"event_name":"The Cleric","player_choice":"Card Removal","floor":2.0,"gold_loss":75.0,"damage_taken":0.0},{"damage_healed":0.0,"max_hp_gain":0.0,"max_hp_loss":0.0,"gold_gain":75.0,"event_name":"World of Goop","player_choice":"Gather Gold","floor":3.0,"gold_loss":0.0,"damage_taken":11.0},{"damage_healed":0.0,"max_hp_gain":0.0,"max_hp_loss":0.0,"gold_gain":0.0,"event_name":"Shining Light","player_choice":"Entered Light","floor":5.0,"gold_loss":0.0,"damage_taken":20.0,"cards_upgraded":["Neutralize","Strike_G"]},{"damage_healed":0.0,"max_hp_gain":0.0,"max_hp_loss":0.0,"gold_gain":999.0,"event_name":"MindBloom","player_choice":"Gold","floor":36.0,"gold_loss":0.0,"damage_taken":0.0,"cards_obtained":["Normality","Normality"]},{"damage_healed":0.0,"max_hp_gain":0.0,"max_hp_loss":0.0,"gold_gain":275.0,"event_name":"Golden Shrine","player_choice":"Desecrate","floor":37.0,"gold_loss":0.0,"damage_taken":0.0,"cards_obtained":["Regret"]},{"damage_healed":0,"gold_gain":0,"player_choice":"Ignored","damage_taken":0,"max_hp_gain":0,"max_hp_loss":0,"event_name":"Tomb of Lord Red Mask","floor":47,"gold_loss":0}],"is_beta":false,"boss_relics":[{"not_picked":["Velvet Choker","Philosopher\u0027s Stone"],"picked":"Runic Pyramid"},{"not_picked":["Ring of the Serpent","Cursed Key"],"picked":"Sozu"}],"items_purged_floors":[21,38,44],"is_endless":false,"potions_floor_spawned":[6,13,16,20,24,28,30,33,40,41,46],"ascension_level":15}