{"gold_per_floor":[111,186,201,212,226,226,261,261,306,324,324,338,338,365,365,461,461,451,376,392,392],"floor_reached":21,"playtime":1920,"items_purged":[],"score":267,"play_id":"a7a50470-108e-474a-aacc-dbf8ca738373","local_time":"20180905194032","is_ascension_mode":true,"campfire_choices":[{"floor":6,"key":"REST"},{"data":"Zap","floor":11,"key":"SMITH"},{"floor":13,"key":"REST"},{"data":"Rip and Tear","floor":15,"key":"SMITH"}],"neow_cost":"CURSE","seed_source_timestamp":35738390297132,"circlet_count":0,"master_deck":["Strike_B","Strike_B","Strike_B","Defend_B","Defend_B","Defend_B","Defend_B","Zap+1","Dualcast","Multi-Cast","Turbo","Ball Lightning","Go for the Eyes","Glacier","Steam","Conserve Battery","Rip and Tear+1","Core Surge","Seek","Turbo","Sweeping Beam","Lockon+1","Fusion+1","Ball Lightning"],"relics":["Cracked Core","Matryoshka","Regal Pillow","Ancient Tea Set","Prayer Wheel","Orrery"],"potions_floor_usage":[16,16,21],"damage_taken":[{"damage":3,"enemies":"2 Louse","floor":1,"turns":3},{"damage":0,"enemies":"Small Slimes","floor":3,"turns":3},{"damage":0,"enemies":"Cultist","floor":4,"turns":2},{"damage":4,"enemies":"Large Slime","floor":5,"turns":5},{"damage":24,"enemies":"3 Sentries","floor":7,"turns":8},{"damage":0,"enemies":"Blue Slaver","floor":10,"turns":3},{"damage":2,"enemies":"Lots of Slimes","floor":12,"turns":5},{"damage":14,"enemies":"Gremlin Nob","floor":14,"turns":4},{"damage":39,"enemies":"Hexaghost","floor":16,"turns":14},{"damage":25,"enemies":"2 Thieves","floor":18,"turns":5},{"damage":29,"enemies":"3 Byrds","floor":20,"turns":5},{"damage":9,"enemies":"3 Cultists","floor":21,"turns":3}],"seed_played":"7907171357763652831","potions_obtained":[{"floor":3,"key":"EssenceOfSteel"},{"floor":4,"key":"EssenceOfSteel"},{"floor":7,"key":"Weak Potion"}],"is_trial":false,"path_per_floor":["M","?","M","M","M","R","E","?","T","M","R","M","R","E","R","B",null,"M","?","M"],"character_chosen":"DEFECT","items_purchased":[],"campfire_rested":2,"item_purchase_floors":[],"current_hp_per_floor":[65,54,54,54,50,72,48,41,41,41,41,39,75,61,61,22,62,37,37,8,0],"gold":392,"neow_bonus":"THREE_RARE_CARDS","is_prod":false,"is_daily":false,"chose_seed":false,"campfire_upgraded":2,"win_rate":0,"timestamp":1536190832,"path_taken":["M","?","M","?","M","R","E","?","T","M","R","?","R","E","R","BOSS","M","?","M","M"],"build_version":"2018-08-30","purchased_purges":0,"victory":false,"max_hp_per_floor":[75,75,75,75,75,75,75,75,75,75,75,75,75,75,75,75,75,75,75,75,75],"card_choices":[{"not_picked":["Creative AI","Biased Cognition"],"picked":"Multi-Cast","floor":0},{"not_picked":["Doom and Gloom","Loop"],"picked":"Turbo","floor":1},{"not_picked":["Steam Power","Gash"],"picked":"Ball Lightning","floor":3},{"not_picked":["Barrage","Turbo"],"picked":"Go for the Eyes","floor":4},{"not_picked":["Fusion","Barrage"],"picked":"Glacier","floor":5},{"not_picked":["Reboot","Leap"],"picked":"Steam","floor":7},{"not_picked":["Redo","Heatsinks","Blizzard"],"picked":"SKIP","floor":10},{"not_picked":["Cold Snap","Tempest"],"picked":"Conserve Battery","floor":12},{"not_picked":["Go for the Eyes","Beam Cell"],"picked":"Rip and Tear","floor":14},{"not_picked":["Hyperbeam","Rainbow"],"picked":"Core Surge","floor":16},{"not_picked":["Beam Cell","Consume"],"picked":"Seek","floor":17},{"not_picked":["Stack","Go for the Eyes"],"picked":"Turbo","floor":17},{"not_picked":["Compile Driver","Reinforced Body"],"picked":"Sweeping Beam","floor":17},{"not_picked":["Chaos+1","Coolheaded"],"picked":"Lockon+1","floor":18},{"not_picked":["Compile Driver+1","Cold Snap"],"picked":"Fusion+1","floor":18},{"not_picked":["Leap","Beam Cell"],"picked":"Ball Lightning","floor":20},{"not_picked":["Stack","Glacier+1","Coolheaded"],"picked":"SKIP","floor":20}],"player_experience":368914,"relics_obtained":[{"floor":7,"key":"Matryoshka"},{"floor":9,"key":"Regal Pillow"},{"floor":9,"key":"Ancient Tea Set"},{"floor":14,"key":"Prayer Wheel"}],"event_choices":[{"event_name":"World of Goop","player_choice":"Gather Gold","floor":2,"damage_taken":0},{"event_name":"Golden Wing","player_choice":"Card Removal","floor":8,"damage_taken":0},{"event_name":"Beggar","player_choice":"Gave Gold","floor":19,"damage_taken":0}],"is_beta":false,"boss_relics":[{"not_picked":["FrozenCore","Eternal Feather"],"picked":"Orrery"}],"items_purged_floors":[],"is_endless":false,"potions_floor_spawned":[3,4,7,12],"killed_by":"3 Cultists","ascension_level":8}