{"gold_per_floor":[117,136,136,11,25,57,57,87,110,110,139,139,139,139,139,238,238,251,251,99,99,117,117],"floor_reached":23,"playtime":1014,"items_purged":["Strike_R"],"score":195,"play_id":"a3eade78-54ec-4171-97fc-68c512df19a8","local_time":"20190305212737","is_ascension_mode":false,"campfire_choices":[{"data":"Body Slam","floor":7,"key":"SMITH"},{"data":"Cleave","floor":10,"key":"SMITH"},{"floor":13,"key":"REST"},{"data":"Bash","floor":15,"key":"SMITH"}],"neow_cost":"NONE","seed_source_timestamp":3720904847731770,"circlet_count":0,"master_deck":["Strike_R","Strike_R","Strike_R","Strike_R","Defend_R","Defend_R","Defend_R","Defend_R","Bash+1","Feel No Pain","Body Slam+1","True Grit+1","Warcry","Cleave+1","Impervious","Immolate","Headbutt","Evolve","Iron Wave","Shrug It Off","Decay","Body Slam+1"],"special_seed":0,"relics":["Burning Blood","Regal Pillow","Pantograph","Odd Mushroom","Blood Vial","Anchor","Black Star","Enchiridion"],"potions_floor_usage":[6,6,11],"damage_taken":[{"damage":5.0,"enemies":"Cultist","floor":1.0,"turns":4.0},{"damage":15.0,"enemies":"Small Slimes","floor":2.0,"turns":4.0},{"damage":7.0,"enemies":"2 Louse","floor":5.0,"turns":2.0},{"damage":30,"enemies":"3 Sentries","floor":6,"turns":7},{"damage":20,"enemies":"The Mushroom Lair","floor":8,"turns":4},{"damage":23,"enemies":"Gremlin Nob","floor":11,"turns":4},{"damage":36,"enemies":"Slime Boss","floor":16,"turns":11},{"damage":28,"enemies":"3 Byrds","floor":18,"turns":4},{"damage":0,"enemies":"Chosen","floor":22,"turns":4},{"damage":59,"enemies":"Gremlin Leader","floor":23,"turns":5}],"seed_played":"-5825942208094971193","potions_obtained":[{"floor":0.0,"key":"SkillPotion"},{"floor":0.0,"key":"FairyPotion"},{"floor":0.0,"key":"SmokeBomb"},{"floor":2.0,"key":"Explosive Potion"},{"floor":8,"key":"Fire Potion"},{"floor":11,"key":"EssenceOfSteel"},{"floor":18,"key":"Dexterity Potion"}],"is_trial":false,"path_per_floor":["M","M","?","$","M","E","R","?","T","R","E","$","R","?","R","B",null,"M","?","$","?","M","E"],"character_chosen":"IRONCLAD","items_purchased":["True Grit","Evolve","Iron Wave","Shrug It Off"],"campfire_rested":1,"item_purchase_floors":[4,20,20,20],"current_hp_per_floor":[80,71,71,71,70,46,46,32,32,32,17,17,56,56,56,50,80,58,42,42,42,50,0],"gold":117,"neow_bonus":"THREE_SMALL_POTIONS","is_prod":false,"is_daily":false,"chose_seed":false,"campfire_upgraded":3,"win_rate":0,"timestamp":1551839257,"path_taken":["M","M","?","?","M","E","R","?","T","R","E","$","R","?","R","BOSS","M","?","$","?","M","E"],"build_version":"2019-01-23","purchased_purges":1,"victory":false,"max_hp_per_floor":[80,80,80,80,80,80,80,80,80,80,80,80,80,80,80,80,80,80,80,80,80,80,80],"card_choices":[{"not_picked":["Pommel Strike","Perfected Strike"],"picked":"Feel No Pain","floor":1.0},{"not_picked":["Armaments","Clothesline"],"picked":"Body Slam","floor":2.0},{"not_picked":["Heavy Blade","Twin Strike"],"picked":"Warcry","floor":5.0},{"not_picked":["Sword Boomerang","True Grit"],"picked":"Cleave","floor":6},{"not_picked":["Shockwave","Dual Wield"],"picked":"Impervious","floor":11},{"not_picked":["Reaper","Demon Form"],"picked":"Immolate","floor":16},{"not_picked":["Dropkick","Sword Boomerang+1"],"picked":"Headbutt","floor":18},{"not_picked":["Thunderclap","Power Through"],"picked":"Body Slam+1","floor":22}],"player_experience":704402,"relics_obtained":[{"floor":6,"key":"Pantograph"},{"floor":8,"key":"Odd Mushroom"},{"floor":9,"key":"Blood Vial"},{"floor":11,"key":"Anchor"},{"floor":19,"key":"Enchiridion"}],"event_choices":[{"damage_healed":0.0,"max_hp_gain":0.0,"max_hp_loss":0.0,"gold_gain":0.0,"event_name":"WeMeetAgain","player_choice":"Gave Potion","floor":3.0,"gold_loss":0.0,"damage_taken":0.0,"relics_obtained":["Regal Pillow"]},{"damage_healed":0,"gold_gain":0,"player_choice":"Fought Mushrooms","damage_taken":0,"max_hp_gain":0,"max_hp_loss":0,"event_name":"Mushrooms","floor":8,"gold_loss":0},{"damage_healed":0,"gold_gain":0,"player_choice":"Grow","damage_taken":0,"max_hp_gain":0,"max_hp_loss":0,"event_name":"Living Wall","floor":14,"gold_loss":0,"cards_upgraded":["True Grit"]},{"damage_healed":0,"gold_gain":0,"player_choice":"Obtained Book","damage_taken":16,"max_hp_gain":0,"max_hp_loss":0,"event_name":"Cursed Tome","floor":19,"gold_loss":0},{"damage_healed":0,"gold_gain":0,"player_choice":"Cursed","damage_taken":0,"max_hp_gain":0,"max_hp_loss":0,"event_name":"Wheel of Change","floor":21,"gold_loss":0,"cards_obtained":["Decay"]}],"is_beta":false,"boss_relics":[{"not_picked":["Fusion Hammer","Eternal Feather"],"picked":"Black Star"}],"items_purged_floors":[4],"is_endless":false,"potions_floor_spawned":[2,8,11,18],"killed_by":"Gremlin Leader","ascension_level":0}