{"gold_per_floor":[118,7,82,95,113,113,148,148,148,148,48,94,112,156,156,284,284,305,220,44,44,44,44,44,44,67,84,84,84,99,130,130,229,229,239,89,103,203,214,214,214,232,232,246,71,87,87,87,87,87],"floor_reached":51,"playtime":1240,"items_purged":["Strike_R","Strike_R","Strike_R","Strike_R","Strike_R"],"score":771,"play_id":"6df2be7e-3c23-4208-bed5-baf7354c3882","local_time":"20190801210152","is_ascension_mode":false,"campfire_choices":[{"data":"Rage","floor":6.0,"key":"SMITH"},{"data":"Flame Barrier","floor":8.0,"key":"SMITH"},{"data":"Body Slam","floor":15.0,"key":"SMITH"},{"data":"Entrench","floor":23.0,"key":"SMITH"},{"data":"Shrug It Off","floor":25.0,"key":"SMITH"},{"data":"Barricade","floor":29.0,"key":"SMITH"},{"data":"Power Through","floor":32.0,"key":"SMITH"},{"data":"Body Slam","floor":40.0,"key":"SMITH"},{"data":"Defend_R","floor":49,"key":"SMITH"}],"neow_cost":"NONE","seed_source_timestamp":872695889582887,"circlet_count":0,"master_deck":["Defend_R","Defend_R+1","Defend_R+1","Bash+1","Sword Boomerang","Flame Barrier+1","Rage+1","Iron Wave","Body Slam+1","Power Through+1","Inflame","Barricade+1","Entrench+1","Shrug It Off+1","Impervious+1","Shrug It Off+1","Body Slam+1","Combust","Battle Trance+1"],"special_seed":0,"relics":["Burning Blood","Champion Belt","Dead Branch","Bloody Idol","Art of War","Matryoshka","Velvet Choker","Regal Pillow","Dream Catcher","Bag of Preparation","Orichalcum","Mummified Hand","Runic Cube","StoneCalendar","War Paint","Incense Burner"],"potions_floor_usage":[50,50],"damage_taken":[{"damage":6.0,"enemies":"Cultist","floor":1.0,"turns":3.0},{"damage":0.0,"enemies":"Jaw Worm","floor":4.0,"turns":4.0},{"damage":0.0,"enemies":"2 Louse","floor":5.0,"turns":3.0},{"damage":29.0,"enemies":"Gremlin Nob","floor":7.0,"turns":5.0},{"damage":0.0,"enemies":"Blue Slaver","floor":13.0,"turns":4.0},{"damage":16.0,"enemies":"Lagavulin","floor":14.0,"turns":7.0},{"damage":32.0,"enemies":"Slime Boss","floor":16.0,"turns":13.0},{"damage":0.0,"enemies":"Chosen","floor":18.0,"turns":5.0},{"damage":6.0,"enemies":"Spheric Guardian","floor":27.0,"turns":6.0},{"damage":0.0,"enemies":"Snecko","floor":30.0,"turns":4.0},{"damage":0.0,"enemies":"Book of Stabbing","floor":31.0,"turns":4.0},{"damage":6.0,"enemies":"Champ","floor":33.0,"turns":8.0},{"damage":12.0,"enemies":"3 Darklings","floor":35.0,"turns":5.0},{"damage":0.0,"enemies":"Orb Walker","floor":37.0,"turns":2.0},{"damage":0.0,"enemies":"Mind Bloom Boss Battle","floor":38.0,"turns":5.0},{"damage":6.0,"enemies":"Transient","floor":39.0,"turns":5.0},{"damage":18,"enemies":"Sphere and 2 Shapes","floor":42,"turns":5},{"damage":7,"enemies":"3 Darklings","floor":44,"turns":4},{"damage":0,"enemies":"Transient","floor":46,"turns":5},{"damage":5,"enemies":"Time Eater","floor":50,"turns":6}],"seed_played":"-617008652996208594","potions_obtained":[{"floor":4.0,"key":"SpeedPotion"},{"floor":5.0,"key":"Block Potion"},{"floor":14.0,"key":"SmokeBomb"},{"floor":30.0,"key":"BloodPotion"},{"floor":31.0,"key":"Regen Potion"},{"floor":42,"key":"Dexterity Potion"},{"floor":44,"key":"Ancient Potion"}],"is_trial":false,"path_per_floor":["M","$","?","M","M","R","E","R","T","?","$","T","M","E","R","B",null,"M","?","$","?","$","R","?","R","T","M","?","R","M","E","R","B",null,"M","$","M","?","M","R","?","M","T","M","$","M","?","?","R","B",null],"character_chosen":"IRONCLAD","items_purchased":["Flame Barrier","Shrug It Off"],"campfire_rested":0,"item_purchase_floors":[2,20],"current_hp_per_floor":[80,80,69,75,80,80,57,57,57,57,57,57,63,53,53,27,74,74,74,74,74,74,74,74,74,74,74,74,74,74,74,74,74,74,73,73,74,74,74,74,74,67,67,71,71,74,74,74,74,74],"gold":87,"neow_bonus":"UPGRADE_CARD","is_prod":false,"is_daily":false,"chose_seed":false,"campfire_upgraded":9,"win_rate":0,"timestamp":1564707712,"path_taken":["M","?","?","M","M","R","E","R","T","?","$","?","M","E","R","BOSS","M","?","$","?","$","R","?","R","T","M","?","R","M","E","R","BOSS","M","?","M","?","M","R","?","M","T","M","$","?","?","?","R","BOSS"],"build_version":"2019-07-17","purchased_purges":5,"victory":true,"max_hp_per_floor":[80,80,80,80,80,80,80,80,80,74,74,74,74,74,74,74,74,74,74,74,74,74,74,74,74,74,74,74,74,74,74,74,74,74,74,74,74,74,74,74,74,74,74,74,74,74,74,74,74,74],"card_choices":[{"not_picked":["Wild Strike","Havoc"],"picked":"Sword Boomerang","floor":1.0},{"not_picked":["Dual Wield","Wild Strike"],"picked":"Rage","floor":4.0},{"not_picked":["Armaments","Sword Boomerang"],"picked":"Iron Wave","floor":5.0},{"not_picked":["Headbutt","Perfected Strike"],"picked":"Body Slam","floor":7.0},{"not_picked":["Havoc","Iron Wave"],"picked":"Power Through","floor":13.0},{"not_picked":["Rupture","Cleave"],"picked":"Inflame","floor":14.0},{"not_picked":["Juggernaut","Limit Break"],"picked":"Barricade","floor":16.0},{"not_picked":["Shrug It Off+1","Twin Strike"],"picked":"Entrench","floor":18.0},{"not_picked":["Headbutt","Wild Strike","Twin Strike"],"picked":"SKIP","floor":27.0},{"not_picked":["Perfected Strike","Sword Boomerang+1","Cleave"],"picked":"SKIP","floor":30.0},{"not_picked":["Combust","Seeing Red+1","Carnage"],"picked":"SKIP","floor":31.0},{"not_picked":["Immolate","Fiend Fire"],"picked":"Impervious","floor":33.0},{"not_picked":["Sentinel","Seeing Red+1"],"picked":"Shrug It Off+1","floor":35.0},{"not_picked":["Perfected Strike","Heavy Blade+1","Armaments+1"],"picked":"SKIP","floor":37.0},{"not_picked":["Rage+1","Perfected Strike+1"],"picked":"Body Slam","floor":39.0},{"not_picked":["Clothesline+1","Rupture+1","Sword Boomerang+1"],"picked":"SKIP","floor":42},{"not_picked":["Armaments+1","Metallicize"],"picked":"Battle Trance+1","floor":44},{"not_picked":["Brutality","Anger+1","Armaments"],"picked":"SKIP","floor":46}],"player_experience":1208479,"relics_obtained":[{"floor":7.0,"key":"Champion Belt"},{"floor":9.0,"key":"Dead Branch"},{"floor":12.0,"key":"Art of War"},{"floor":14.0,"key":"Matryoshka"},{"floor":26.0,"key":"Bag of Preparation"},{"floor":26.0,"key":"Orichalcum"},{"floor":31.0,"key":"Mummified Hand"},{"floor":38.0,"key":"StoneCalendar"},{"floor":43,"key":"War Paint"},{"floor":43,"key":"Incense Burner"}],"event_choices":[{"damage_healed":0.0,"max_hp_gain":0.0,"max_hp_loss":0.0,"gold_gain":75.0,"event_name":"World of Goop","player_choice":"Gather Gold","floor":3.0,"gold_loss":0.0,"damage_taken":11.0},{"damage_healed":0.0,"max_hp_gain":0.0,"max_hp_loss":6.0,"gold_gain":0.0,"event_name":"Golden Idol","player_choice":"Lose Max HP","floor":10.0,"gold_loss":0.0,"damage_taken":0.0,"relics_obtained":["Golden Idol"]},{"damage_healed":0.0,"max_hp_gain":0.0,"max_hp_loss":0.0,"gold_gain":0.0,"event_name":"Addict","player_choice":"Obtained Relic","floor":19.0,"gold_loss":85.0,"damage_taken":0.0,"relics_obtained":["Regal Pillow"]},{"damage_healed":0.0,"max_hp_gain":0.0,"max_hp_loss":0.0,"gold_gain":0.0,"event_name":"The Mausoleum","player_choice":"Opened","floor":21.0,"gold_loss":0.0,"damage_taken":0.0,"relics_obtained":["Dream Catcher"]},{"damage_healed":0.0,"max_hp_gain":0.0,"max_hp_loss":0.0,"gold_gain":0.0,"event_name":"Forgotten Altar","player_choice":"Gave Idol","floor":24.0,"relics_lost":["Golden Idol"],"gold_loss":0.0,"damage_taken":0.0,"relics_obtained":["Bloody Idol"]},{"damage_healed":0.0,"max_hp_gain":0.0,"max_hp_loss":0.0,"gold_gain":0.0,"event_name":"Match and Keep!","player_choice":"0 cards matched","floor":28.0,"gold_loss":0.0,"damage_taken":0.0,"cards_obtained":[]},{"damage_healed":0.0,"max_hp_gain":0.0,"max_hp_loss":0.0,"gold_gain":0.0,"event_name":"MindBloom","player_choice":"Fight","floor":38.0,"gold_loss":0.0,"damage_taken":0.0},{"damage_healed":0.0,"max_hp_gain":0.0,"max_hp_loss":0.0,"gold_gain":0.0,"cards_transformed":["Defend_R"],"event_name":"Transmorgrifier","player_choice":"Transformed","floor":41.0,"gold_loss":0.0,"damage_taken":0.0,"cards_obtained":["Combust"]},{"damage_healed":0,"gold_gain":0,"player_choice":"Memory 1","damage_taken":0,"max_hp_gain":0,"max_hp_loss":0,"event_name":"SensoryStone","floor":47,"gold_loss":0},{"damage_healed":0,"gold_gain":0,"player_choice":"Ignored","damage_taken":0,"max_hp_gain":0,"max_hp_loss":0,"event_name":"Transmorgrifier","floor":48,"gold_loss":0}],"is_beta":false,"boss_relics":[{"not_picked":["White Beast Statue","Calling Bell"],"picked":"Velvet Choker"},{"not_picked":["Runic Pyramid","Philosopher\u0027s Stone"],"picked":"Runic Cube"}],"items_purged_floors":[2,11,20,36,45],"is_endless":false,"potions_floor_spawned":[4,5,14,30,31,33,35,42,44,46],"ascension_level":0}