{"gold_per_floor":[359,284,301,319,319,353,353,101,148,169,20,20,75,87,87,192,192,203,218,238,238,249,249,264,264,337,348,363,363,377,377,377,477,477,489,504,414,433,85,114,114,124,147,159,88,106,106,126,126,126,126,126,26,58,58],"floor_reached":56,"playtime":3695,"items_purged":["Writhe","Parasite"],"score":1213,"play_id":"ccb1851b-d32f-4520-a12a-4e1808b868bd","local_time":"20181130230418","is_ascension_mode":false,"campfire_choices":[{"data":"Shockwave","floor":7.0,"key":"SMITH"},{"data":"Inflame","floor":12.0,"key":"SMITH"},{"data":"Sword Boomerang","floor":15.0,"key":"SMITH"},{"floor":23.0,"key":"RECALL"},{"data":"Demon Form","floor":25.0,"key":"SMITH"},{"data":"Rage","floor":29.0,"key":"SMITH"},{"data":"Shrug It Off","floor":32.0,"key":"SMITH"},{"data":"Limit Break","floor":41,"key":"SMITH"},{"data":"Enlightenment","floor":47,"key":"SMITH"},{"data":"Clothesline","floor":49,"key":"SMITH"},{"data":"Pommel Strike","floor":52,"key":"SMITH"}],"neow_cost":"CURSE","seed_source_timestamp":3872340133749850,"circlet_count":0,"master_deck":["Bash","Seeing Red","Rage+1","Shockwave+1","Inflame+1","Shrug It Off+1","Sword Boomerang+1","Sword Boomerang","Demon Form+1","Iron Wave+1","Dropkick","Twin Strike+1","Shrug It Off+1","Iron Wave+1","Limit Break+1","Cleave","Pommel Strike+1","Wild Strike","Thunderclap","Twin Strike","Hemokinesis","Hemokinesis","Clothesline+1","Enlightenment+1","Heavy Blade+1","Flame Barrier+1"],"special_seed":0,"relics":["Burning Blood","Happy Flower","Red Skull","Kunai","Odd Mushroom","Bag of Preparation","Sozu","Pantograph","Nloth\u0027s Gift","Pandora\u0027s Box","Shuriken","Toxic Egg 2","Anchor","Boot"],"potions_floor_usage":[55,55],"damage_taken":[{"damage":2.0,"enemies":"Small Slimes","floor":1.0,"turns":3.0},{"damage":6.0,"enemies":"Jaw Worm","floor":3.0,"turns":3.0},{"damage":5.0,"enemies":"2 Louse","floor":4.0,"turns":3.0},{"damage":40.0,"enemies":"3 Sentries","floor":6.0,"turns":13.0},{"damage":9.0,"enemies":"The Mushroom Lair","floor":10.0,"turns":5.0},{"damage":21.0,"enemies":"Gremlin Nob","floor":13.0,"turns":4.0},{"damage":0.0,"enemies":"Exordium Thugs","floor":14.0,"turns":3.0},{"damage":18.0,"enemies":"Hexaghost","floor":16.0,"turns":6.0},{"damage":11.0,"enemies":"3 Byrds","floor":18.0,"turns":4.0},{"damage":20.0,"enemies":"Spheric Guardian","floor":19.0,"turns":5.0},{"damage":6.0,"enemies":"Shelled Parasite and Fungi","floor":20.0,"turns":4.0},{"damage":6.0,"enemies":"Centurion and Healer","floor":22.0,"turns":5.0},{"damage":8.0,"enemies":"3 Cultists","floor":24.0,"turns":3.0},{"damage":9.0,"enemies":"Sentry and Sphere","floor":27.0,"turns":3.0},{"damage":10.0,"enemies":"Snake Plant","floor":28.0,"turns":4.0},{"damage":8.0,"enemies":"Snecko","floor":30.0,"turns":4.0},{"damage":16.0,"enemies":"Champ","floor":33.0,"turns":6.0},{"damage":13.0,"enemies":"3 Shapes","floor":35.0,"turns":6.0},{"damage":0.0,"enemies":"Orb Walker","floor":36.0,"turns":3.0},{"damage":22.0,"enemies":"Writhing Mass","floor":38.0,"turns":4.0},{"damage":3,"enemies":"Nemesis","floor":40,"turns":5},{"damage":10,"enemies":"Sphere and 2 Shapes","floor":42,"turns":5},{"damage":12,"enemies":"4 Shapes","floor":44,"turns":3},{"damage":22,"enemies":"3 Darklings","floor":46,"turns":3},{"damage":9,"enemies":"Spire Growth","floor":48,"turns":3},{"damage":71,"enemies":"Time Eater","floor":50,"turns":9},{"damage":22,"enemies":"Shield and Spear","floor":54,"turns":4},{"damage":103,"enemies":"The Heart","floor":55,"turns":7}],"seed_played":"8639006239934057911","potions_obtained":[{"floor":4.0,"key":"FearPotion"},{"floor":6.0,"key":"BloodPotion"},{"floor":13.0,"key":"Regen Potion"}],"is_trial":false,"path_per_floor":["M","$","M","M","?","E","R","$","T","?","$","R","?","M","R","B",null,"M","M","M","?","M","R","M","R","T","M","M","R","M","?","R","B",null,"M","M","M","?","M","$","E","R","M","T","M","$","M","R","M","R","B",null,"R","$","E","B",null],"character_chosen":"IRONCLAD","items_purchased":["Kunai","Bag of Preparation","Enlightenment","Shuriken","Flame Barrier+1"],"campfire_rested":0,"item_purchase_floors":[8,11,39,39,45],"current_hp_per_floor":[80,80,80,80,77,43,43,43,43,40,40,40,35,41,41,29,90,85,71,71,71,71,71,69,69,69,66,62,62,60,60,60,75,90,83,89,89,73,73,76,76,72,72,66,66,50,50,47,47,7,90,90,87,71,12],"gold":58,"neow_bonus":"TWO_FIFTY_GOLD","is_prod":false,"is_daily":false,"chose_seed":false,"campfire_upgraded":10,"win_rate":0,"timestamp":1543637058,"path_taken":["M","$","M","M","?","E","R","?","T","?","$","R","?","M","R","BOSS","M","M","M","?","M","R","M","R","T","M","M","R","M","?","R","BOSS","M","M","?","?","$","E","R","M","T","M","$","M","R","M","R","BOSS","R","$","E","BOSS"],"build_version":"2018-11-15","purchased_purges":2,"victory":true,"max_hp_per_floor":[80,80,80,80,80,80,80,80,80,80,80,80,90,90,90,90,90,90,90,90,90,90,90,90,90,90,90,90,90,90,90,90,90,90,90,90,90,90,90,90,90,90,90,90,90,90,90,90,90,90,90,90,87,87,87],"card_choices":[{"not_picked":["Perfected Strike","Rampage"],"picked":"Seeing Red","floor":1.0},{"not_picked":["Second Wind","Hemokinesis"],"picked":"Rage","floor":3.0},{"not_picked":["Battle Trance","Wild Strike"],"picked":"Shockwave","floor":4.0},{"not_picked":["Warcry","Body Slam"],"picked":"Inflame","floor":6.0},{"not_picked":["Havoc","Carnage"],"picked":"Shrug It Off","floor":10.0},{"not_picked":["Immolate","Searing Blow"],"picked":"Sword Boomerang","floor":13.0},{"not_picked":["Iron Wave","Armaments"],"picked":"Sword Boomerang","floor":14.0},{"not_picked":["Dark Embrace","Brutality"],"picked":"Demon Form","floor":16.0},{"not_picked":["Metallicize","Shrug It Off","Pommel Strike"],"picked":"SKIP","floor":18.0},{"not_picked":["Clothesline+1","Dropkick"],"picked":"Iron Wave","floor":19.0},{"not_picked":["Second Wind","Rupture","Blood for Blood+1"],"picked":"SKIP","floor":20.0},{"not_picked":["True Grit+1","Warcry"],"picked":"Twin Strike+1","floor":22.0},{"not_picked":["Fire Breathing","Armaments+1","Seeing Red+1"],"picked":"SKIP","floor":24.0},{"not_picked":["Body Slam","Havoc"],"picked":"Shrug It Off+1","floor":27.0},{"not_picked":["Anger","Second Wind+1","Combust+1"],"picked":"SKIP","floor":28.0},{"not_picked":["Corruption","Dual Wield+1"],"picked":"Iron Wave+1","floor":30.0},{"not_picked":["Fiend Fire","Offering"],"picked":"Limit Break","floor":33.0},{"not_picked":["Feel No Pain+1","Perfected Strike+1","Wild Strike"],"picked":"SKIP","floor":35.0},{"not_picked":["Reckless Charge+1","Flex+1","Body Slam+1"],"picked":"SKIP","floor":36.0},{"not_picked":["Feel No Pain+1","Havoc","Headbutt"],"picked":"SKIP","floor":38.0},{"not_picked":["Pummel","Dark Embrace","Armaments"],"picked":"SKIP","floor":40},{"not_picked":["Blood for Blood","Flex+1","Cleave+1"],"picked":"SKIP","floor":42},{"not_picked":["Entrench+1","Infernal Blade+1"],"picked":"Heavy Blade+1","floor":44},{"not_picked":["Warcry+1","Armaments+1","Pommel Strike"],"picked":"SKIP","floor":46},{"not_picked":["Pommel Strike","Dual Wield+1","Barricade"],"picked":"SKIP","floor":48},{"not_picked":["Sever Soul","Sword Boomerang+1","Flex+1"],"picked":"SKIP","floor":54}],"player_experience":597101,"relics_obtained":[{"floor":6.0,"key":"Red Skull"},{"floor":10.0,"key":"Odd Mushroom"},{"floor":26.0,"key":"Pantograph"},{"floor":40,"key":"Toxic Egg 2"},{"floor":43,"key":"Anchor"},{"floor":54,"key":"Boot"}],"event_choices":[{"damage_healed":0.0,"max_hp_gain":0.0,"max_hp_loss":0.0,"gold_gain":0.0,"event_name":"Scrap Ooze","player_choice":"Success","floor":5.0,"gold_loss":0.0,"damage_taken":3.0,"relics_obtained":["Happy Flower"]},{"damage_healed":0.0,"max_hp_gain":0.0,"max_hp_loss":0.0,"gold_gain":0.0,"event_name":"Mushrooms","player_choice":"Fought Mushrooms","floor":10.0,"gold_loss":0.0,"damage_taken":0.0},{"damage_healed":0.0,"max_hp_gain":0.0,"max_hp_loss":0.0,"gold_gain":0.0,"event_name":"Dead Adventurer","player_choice":"Searched \u00272\u0027 times","floor":13.0,"gold_loss":0.0,"damage_taken":0.0,"relics_obtained":["Pear"]},{"damage_healed":0.0,"max_hp_gain":0.0,"max_hp_loss":0.0,"gold_gain":0.0,"event_name":"The Library","player_choice":"Read","floor":21.0,"gold_loss":0.0,"damage_taken":0.0,"cards_obtained":["Dropkick"]},{"damage_healed":0.0,"max_hp_gain":0.0,"max_hp_loss":0.0,"gold_gain":0.0,"event_name":"N\u0027loth","player_choice":"Traded Relic","floor":31.0,"relics_lost":["Pear"],"gold_loss":0.0,"damage_taken":0.0,"relics_obtained":["Nloth\u0027s Gift"]},{"cards_removed":["Perfected Strike"],"damage_healed":0.0,"max_hp_gain":0.0,"max_hp_loss":0.0,"gold_gain":0.0,"event_name":"Designer","player_choice":"Upgrade and Remove","floor":37.0,"gold_loss":90.0,"damage_taken":0.0,"cards_upgraded":["Iron Wave"]}],"is_beta":false,"boss_relics":[{"not_picked":["Coffee Dripper","Runic Dome"],"picked":"Sozu"},{"not_picked":["Eternal Feather","Orrery"],"picked":"Pandora\u0027s Box"}],"items_purged_floors":[2,53],"is_endless":false,"potions_floor_spawned":[4,6,13,20,24,27,28,33,35,38,46],"ascension_level":0}