{"gold_per_floor":[119,48,13,13,24,49,49,84,84,84,104,116,134,59,59,161,161,181,280,292,310,95,95,115,163,163,195,195,220,230,258,258,357,357,372,472,488,488,499,245,245,260,260,276,301,301,207,235,235,235,235,235,40,68,68],"floor_reached":55,"playtime":3800,"items_purged":["Strike_R","Strike_R","Strike_R"],"score":770,"play_id":"3421a218-636f-4a50-b02f-1501c4858831","local_time":"20190611195316","is_ascension_mode":false,"campfire_choices":[{"data":"Bash","floor":7.0,"key":"SMITH"},{"data":"Bludgeon","floor":10.0,"key":"SMITH"},{"data":"Shrug It Off","floor":15.0,"key":"SMITH"},{"data":"Entrench","floor":23.0,"key":"SMITH"},{"data":"Flame Barrier","floor":28.0,"key":"SMITH"},{"data":"Intimidate","floor":32.0,"key":"SMITH"},{"floor":41.0,"key":"DIG"},{"floor":49,"key":"RECALL"},{"floor":52,"key":"DIG"}],"neow_cost":"PERCENT_DAMAGE","seed_source_timestamp":0,"circlet_count":0,"master_deck":["Strike_R","Strike_R","Defend_R","Defend_R","Defend_R","Bash+1","Flex","Flame Barrier+1","Anger","Reaper","Bludgeon+1","Shrug It Off+1","Battle Trance","Impervious","Entrench+1","Intimidate+1","Spot Weakness","Whirlwind","Burning Pact+1","Metallicize","Ghostly Armor+1","Double Tap+1","True Grit+1","Ghostly Armor+1","Dark Shackles+1"],"special_seed":0,"relics":["Burning Blood","Torii","Potion Belt","Mercury Hourglass","Pear","Mark of Pain","Toxic Egg 2","Mummified Hand","Bag of Preparation","Omamori","Busted Crown","Shovel","Letter Opener","Kunai","Ornamental Fan","Bottled Tornado","Sundial","Strawberry","Centennial Puzzle"],"potions_floor_usage":[48,50,54,55,55,55,55,55],"damage_taken":[{"damage":22.0,"enemies":"Jaw Worm","floor":1.0,"turns":5.0},{"damage":0.0,"enemies":"Small Slimes","floor":5.0,"turns":4.0},{"damage":20.0,"enemies":"Gremlin Nob","floor":6.0,"turns":4.0},{"damage":38.0,"enemies":"Lagavulin","floor":8.0,"turns":6.0},{"damage":6.0,"enemies":"2 Louse","floor":11.0,"turns":2.0},{"damage":0.0,"enemies":"Looter","floor":12.0,"turns":2.0},{"damage":1.0,"enemies":"Exordium Wildlife","floor":13.0,"turns":3.0},{"damage":23.0,"enemies":"The Guardian","floor":16.0,"turns":9.0},{"damage":8.0,"enemies":"Shell Parasite","floor":18.0,"turns":5.0},{"damage":0.0,"enemies":"Chosen","floor":20.0,"turns":4.0},{"damage":11.0,"enemies":"Snecko","floor":21.0,"turns":6.0},{"damage":0.0,"enemies":"Sentry and Sphere","floor":24.0,"turns":2.0},{"damage":17.0,"enemies":"Book of Stabbing","floor":27.0,"turns":5.0},{"damage":12.0,"enemies":"Gremlin Leader","floor":29.0,"turns":5.0},{"damage":8.0,"enemies":"Cultist and Chosen","floor":30.0,"turns":6.0},{"damage":12.0,"enemies":"Book of Stabbing","floor":31.0,"turns":5.0},{"damage":36.0,"enemies":"Collector","floor":33.0,"turns":10.0},{"damage":1.0,"enemies":"3 Darklings","floor":35.0,"turns":5.0},{"damage":6.0,"enemies":"Mind Bloom Boss Battle","floor":36.0,"turns":10.0},{"damage":21.0,"enemies":"Orb Walker","floor":37.0,"turns":5.0},{"damage":8.0,"enemies":"Sphere and 2 Shapes","floor":39.0,"turns":5.0},{"damage":0.0,"enemies":"4 Shapes","floor":42.0,"turns":3.0},{"damage":10.0,"enemies":"Spire Growth","floor":44.0,"turns":7.0},{"damage":34.0,"enemies":"Nemesis","floor":45.0,"turns":7.0},{"damage":2,"enemies":"Reptomancer","floor":48,"turns":6},{"damage":55,"enemies":"Awakened One","floor":50,"turns":15},{"damage":8,"enemies":"Shield and Spear","floor":54,"turns":7},{"damage":114,"enemies":"The Heart","floor":55,"turns":11}],"seed_played":"-5217228408480507251","potions_obtained":[{"floor":1.0,"key":"Regen Potion"},{"floor":12.0,"key":"SteroidPotion"},{"floor":13.0,"key":"Strength Potion"},{"floor":16.0,"key":"PowerPotion"},{"floor":21.0,"key":"AttackPotion"},{"floor":27.0,"key":"Poison Potion"},{"floor":30.0,"key":"Weak Potion"},{"floor":36.0,"key":"Ancient Potion"},{"floor":45.0,"key":"PowerPotion"},{"floor":48,"key":"SkillPotion"},{"floor":54,"key":"Block Potion"}],"is_trial":false,"path_per_floor":["M","$","?","?","M","E","R","E","T","R","M","M","M","$","R","B",null,"M","?","M","M","$","R","M","T","T","E","R","E","M","E","R","B",null,"M","?","M","?","M","$","R","M","T","M","E","?","$","E","R","B",null,"R","$","E","B"],"character_chosen":"IRONCLAD","items_purchased":["Flame Barrier","Spot Weakness","Whirlwind","True Grit+1","Ghostly Armor+1","Dark Shackles+1","Strawberry","Swift Potion"],"campfire_rested":0,"item_purchase_floors":[2,22,22,40,40,47,53,53],"current_hp_per_floor":[56,56,80,55,61,47,47,21,31,31,39,45,50,50,50,39,106,104,104,106,105,105,105,106,106,106,95,95,100,99,93,93,76,106,106,106,98,98,96,96,96,101,101,97,69,69,69,92,92,52,101,101,108,106,0],"gold":68,"neow_bonus":"TWENTY_PERCENT_HP_BONUS","is_prod":false,"is_daily":false,"chose_seed":false,"campfire_upgraded":6,"win_rate":0,"timestamp":1560297196,"path_taken":["M","$","?","?","M","E","R","E","T","R","M","M","M","$","R","BOSS","M","?","M","M","$","R","M","?","T","E","R","E","M","E","R","BOSS","M","?","M","?","?","$","R","M","T","M","E","?","$","E","R","BOSS","R","$","E","BOSS"],"build_version":"2019-01-23","purchased_purges":3,"victory":false,"max_hp_per_floor":[96,96,96,96,96,96,96,96,106,106,106,106,106,106,106,106,106,106,106,106,106,106,106,106,106,106,106,106,106,106,106,106,106,106,106,106,106,101,101,101,101,101,101,101,101,101,101,101,101,101,101,101,108,108,108],"card_choices":[{"not_picked":["Havoc","Perfected Strike"],"picked":"Flex","floor":1.0},{"not_picked":["Thunderclap","Flex"],"picked":"Anger","floor":5.0},{"not_picked":["Iron Wave","Dropkick"],"picked":"Reaper","floor":6.0},{"not_picked":["Thunderclap","Headbutt"],"picked":"Bludgeon","floor":8.0},{"not_picked":["Headbutt","Heavy Blade","Second Wind"],"picked":"SKIP","floor":11.0},{"not_picked":["Headbutt","Heavy Blade","Second Wind"],"picked":"SKIP","floor":11.0},{"not_picked":["Sword Boomerang","Perfected Strike"],"picked":"Shrug It Off","floor":12.0},{"not_picked":["Clash","Entrench"],"picked":"Battle Trance","floor":13.0},{"not_picked":["Demon Form","Offering"],"picked":"Impervious","floor":16.0},{"not_picked":["Clash+1","Second Wind","Thunderclap"],"picked":"SKIP","floor":18.0},{"not_picked":["Clash","Dropkick"],"picked":"Entrench","floor":20.0},{"not_picked":["Hemokinesis+1","Rampage"],"picked":"Intimidate","floor":21.0},{"not_picked":["Feel No Pain+1","Fiend Fire","Clash"],"picked":"SKIP","floor":24.0},{"not_picked":["Body Slam","Pummel"],"picked":"Burning Pact+1","floor":27.0},{"not_picked":["Hemokinesis","Bludgeon"],"picked":"Metallicize","floor":29.0},{"not_picked":["Pummel","Entrench+1","Pommel Strike+1"],"picked":"SKIP","floor":30.0},{"not_picked":["Wild Strike","Heavy Blade"],"picked":"Ghostly Armor+1","floor":31.0},{"not_picked":["Limit Break+1","Juggernaut"],"picked":"Double Tap+1","floor":33.0},{"not_picked":["Cleave+1"],"picked":"SKIP","floor":35.0},{"not_picked":["Wild Strike+1"],"picked":"SKIP","floor":37.0},{"not_picked":["Corruption+1"],"picked":"SKIP","floor":39.0},{"not_picked":["Battle Trance+1"],"picked":"SKIP","floor":42.0},{"not_picked":["Ghostly Armor+1"],"picked":"SKIP","floor":44.0},{"not_picked":["Armaments+1"],"picked":"SKIP","floor":45.0},{"not_picked":["Seeing Red+1"],"picked":"SKIP","floor":48},{"not_picked":["Havoc+1"],"picked":"SKIP","floor":54}],"player_experience":997083,"relics_obtained":[{"floor":6.0,"key":"Potion Belt"},{"floor":8.0,"key":"Mercury Hourglass"},{"floor":9.0,"key":"Pear"},{"floor":26.0,"key":"Toxic Egg 2"},{"floor":27.0,"key":"Mummified Hand"},{"floor":29.0,"key":"Bag of Preparation"},{"floor":31.0,"key":"Omamori"},{"floor":36.0,"key":"Shovel"},{"floor":41.0,"key":"Letter Opener"},{"floor":43.0,"key":"Kunai"},{"floor":45.0,"key":"Ornamental Fan"},{"floor":48,"key":"Bottled Tornado"},{"floor":52,"key":"Sundial"},{"floor":54,"key":"Centennial Puzzle"}],"event_choices":[{"damage_healed":24.0,"max_hp_gain":0.0,"max_hp_loss":0.0,"gold_gain":0.0,"event_name":"The Cleric","player_choice":"Healed","floor":3.0,"gold_loss":35.0,"damage_taken":0.0},{"damage_healed":0.0,"max_hp_gain":0.0,"max_hp_loss":0.0,"gold_gain":0.0,"event_name":"Scrap Ooze","player_choice":"Success","floor":4.0,"gold_loss":0.0,"damage_taken":25.0,"relics_obtained":["Torii"]},{"damage_healed":0.0,"max_hp_gain":0.0,"max_hp_loss":0.0,"gold_gain":99.0,"event_name":"Nest","player_choice":"Stole From Cult","floor":19.0,"gold_loss":0.0,"damage_taken":0.0},{"damage_healed":0.0,"max_hp_gain":0.0,"max_hp_loss":0.0,"gold_gain":0.0,"event_name":"MindBloom","player_choice":"Fight","floor":36.0,"gold_loss":0.0,"damage_taken":0.0},{"damage_healed":0.0,"max_hp_gain":0.0,"max_hp_loss":5.0,"gold_gain":0.0,"event_name":"Winding Halls","player_choice":"Max HP","floor":38.0,"gold_loss":0.0,"damage_taken":0.0},{"cards_removed":["Defend_R"],"damage_healed":0.0,"max_hp_gain":0.0,"max_hp_loss":0.0,"gold_gain":0.0,"event_name":"Falling","player_choice":"Removed Skill","floor":46.0,"gold_loss":0.0,"damage_taken":0.0}],"is_beta":false,"boss_relics":[{"not_picked":["Runic Dome","Empty Cage"],"picked":"Mark of Pain"},{"not_picked":["Runic Pyramid","Velvet Choker"],"picked":"Busted Crown"}],"items_purged_floors":[14,22,40],"is_endless":false,"potions_floor_spawned":[1,12,13,16,21,27,30,33,36,42,45,48,54],"killed_by":"The Heart","ascension_level":0}