{"gold_per_floor":[219,219,219,23,42,42,42,67,93,93,93,128,128,138,138,239,239,255,255,354,354,369,369,398,163,163,17,33,63,63,79,79,184,184,202,219,319,338,384,414,414,414,440,454,480,280,280,292,292,292,292,292,42,76,76],"floor_reached":56,"playtime":3644,"items_purged":["Regret","Strike_R","Strike_R"],"score":1249,"play_id":"d1092db0-4655-4793-86ad-093baa243132","local_time":"20190428214442","is_ascension_mode":false,"campfire_choices":[{"data":"Battle Trance","floor":11,"key":"SMITH"},{"data":"Flex","floor":15,"key":"SMITH"},{"data":"Juggernaut","floor":23,"key":"SMITH"},{"data":"Power Through","floor":30,"key":"SMITH"},{"data":"Demon Form","floor":32,"key":"SMITH"},{"data":"Rage","floor":42,"key":"SMITH"},{"floor":47,"key":"RECALL"},{"data":"Evolve","floor":49,"key":"SMITH"},{"data":"Disarm","floor":52,"key":"SMITH"}],"neow_cost":"NONE","seed_source_timestamp":1998337027953956,"circlet_count":0,"master_deck":["Strike_R","Strike_R+1","Defend_R","Defend_R","Defend_R","Defend_R","Bash+1","Iron Wave+1","Battle Trance+1","Flex+1","Sword Boomerang+1","Juggernaut+1","Power Through+1","Demon Form+1","True Grit","Headbutt","Enlightenment","Shrug It Off","Intimidate","Rage+1","Warcry+1","Feel No Pain","Burning Pact+1","Disarm+1","Shrug It Off+1","Reaper","Evolve+1","Barricade"],"relics":["Burning Blood","Vajra","Self Forming Clay","Pen Nib","Happy Flower","WingedGreaves","Oddly Smooth Stone","Sozu","MutagenicStrength","PreservedInsect","Bag of Marbles","Dead Branch","Mark of Pain","Prayer Wheel","Pocketwatch","Pear","Whetstone","Darkstone Periapt","Kunai","Bronze Scales"],"potions_floor_usage":[8,55],"damage_taken":[{"damage":8,"enemies":"Jaw Worm","floor":1,"turns":3},{"damage":0,"enemies":"Small Slimes","floor":5,"turns":2},{"damage":16,"enemies":"Gremlin Nob","floor":8,"turns":3},{"damage":7,"enemies":"3 Sentries","floor":12,"turns":5},{"damage":0,"enemies":"2 Louse","floor":14,"turns":1},{"damage":32,"enemies":"The Guardian","floor":16,"turns":7},{"damage":11,"enemies":"Spheric Guardian","floor":18,"turns":4},{"damage":5,"enemies":"Shell Parasite","floor":22,"turns":4},{"damage":27,"enemies":"Slavers","floor":24,"turns":6},{"damage":2,"enemies":"Cultist and Chosen","floor":28,"turns":4},{"damage":5,"enemies":"Gremlin Leader","floor":29,"turns":6},{"damage":0,"enemies":"Snecko","floor":31,"turns":3},{"damage":33,"enemies":"Collector","floor":33,"turns":7},{"damage":0,"enemies":"3 Shapes","floor":35,"turns":5},{"damage":8,"enemies":"3 Darklings","floor":36,"turns":5},{"damage":15,"enemies":"Mind Bloom Boss Battle","floor":37,"turns":4},{"damage":15,"enemies":"Jaw Worm Horde","floor":38,"turns":5},{"damage":27,"enemies":"2 Orb Walkers","floor":39,"turns":6},{"damage":0,"enemies":"Giant Head","floor":40,"turns":6},{"damage":0,"enemies":"4 Shapes","floor":44,"turns":4},{"damage":15,"enemies":"Reptomancer","floor":45,"turns":5},{"damage":6,"enemies":"Sphere and 2 Shapes","floor":48,"turns":5},{"damage":13,"enemies":"Donu and Deca","floor":50,"turns":7},{"damage":29,"enemies":"Shield and Spear","floor":54,"turns":6},{"damage":55,"enemies":"The Heart","floor":55,"turns":8}],"seed_played":"8894884292700623226","potions_obtained":[{"floor":5,"key":"GamblersBrew"},{"floor":12,"key":"SkillPotion"}],"is_trial":false,"path_per_floor":["M","?","?","$","M","$","T","E","T","?","R","E","?","M","R","B",null,"M","?","?","?","M","R","E","$","T","$","M","E","R","M","R","B",null,"M","M","?","M","?","E","?","R","T","M","E","$","R","M","R","B",null,"R","$","E","B",null],"character_chosen":"IRONCLAD","items_purchased":["Battle Trance","Flex","Enlightenment","Shrug It Off","Bag of Marbles","Evolve","Kunai"],"campfire_rested":0,"item_purchase_floors":[4,4,25,25,27,46,53],"current_hp_per_floor":[78,62,62,62,68,68,68,58,58,51,51,50,47,53,53,27,80,75,75,75,75,76,76,55,55,55,55,59,60,60,66,66,39,80,80,78,69,60,39,55,55,55,55,61,52,52,52,61,61,70,90,90,90,67,46],"gold":76,"neow_bonus":"HUNDRED_GOLD","is_prod":false,"is_daily":false,"chose_seed":false,"campfire_upgraded":8,"win_rate":0,"timestamp":1556502282,"path_taken":["M","?","?","$","M","?","?","E","T","?","R","E","?","M","R","BOSS","M","?","?","?","M","R","E","$","T","?","?","E","R","M","R","BOSS","M","M","?","M","?","E","?","R","T","?","E","?","R","M","R","BOSS","R","$","E","BOSS"],"build_version":"2019-01-23","purchased_purges":3,"victory":true,"max_hp_per_floor":[80,80,80,80,80,80,80,80,80,80,80,80,80,80,80,80,80,80,80,80,80,80,80,80,80,80,80,80,80,80,80,80,80,80,80,80,80,80,80,90,90,90,90,90,90,90,90,90,90,90,90,90,90,90,90],"card_choices":[{"not_picked":["Wild Strike","Blood for Blood"],"picked":"Iron Wave","floor":1},{"not_picked":["Body Slam","Armaments","Flex"],"picked":"SKIP","floor":5},{"not_picked":["Bloodletting","Evolve"],"picked":"Sword Boomerang","floor":8},{"not_picked":["Perfected Strike","Clash"],"picked":"Juggernaut","floor":12},{"not_picked":["Dual Wield","True Grit"],"picked":"Power Through","floor":14},{"not_picked":["Dark Embrace","Offering"],"picked":"Demon Form","floor":16},{"not_picked":["Flex","Fire Breathing"],"picked":"True Grit","floor":18},{"not_picked":["Infernal Blade+1","Havoc"],"picked":"Headbutt","floor":22},{"not_picked":["Rupture","Anger+1","Bludgeon"],"picked":"SKIP","floor":24},{"not_picked":["Flex","Armaments+1","Thunderclap"],"picked":"SKIP","floor":28},{"not_picked":["Sever Soul","Inflame+1"],"picked":"Intimidate","floor":29},{"not_picked":["Wild Strike+1","Cleave","Armaments"],"picked":"SKIP","floor":31},{"not_picked":["Cleave","Infernal Blade","Rampage+1"],"picked":"SKIP","floor":35},{"not_picked":["Headbutt+1","Anger","Iron Wave"],"picked":"SKIP","floor":36},{"not_picked":["Body Slam+1","Twin Strike"],"picked":"Rage","floor":37},{"not_picked":["Carnage+1","Sentinel+1"],"picked":"Warcry+1","floor":38},{"not_picked":["Infernal Blade","Pummel+1","Pommel Strike"],"picked":"SKIP","floor":38},{"not_picked":["Infernal Blade","Pummel+1","Pommel Strike"],"picked":"SKIP","floor":38},{"not_picked":["Infernal Blade","Pummel+1","Pommel Strike"],"picked":"SKIP","floor":38},{"not_picked":["Fire Breathing+1","Berserk"],"picked":"Feel No Pain","floor":39},{"not_picked":["Whirlwind+1","Fire Breathing+1"],"picked":"Burning Pact+1","floor":40},{"not_picked":["Iron Wave+1","Havoc+1"],"picked":"Disarm","floor":44},{"not_picked":["Iron Wave","Heavy Blade+1"],"picked":"Shrug It Off+1","floor":44},{"not_picked":["True Grit","Evolve+1"],"picked":"Reaper","floor":45},{"not_picked":["Armaments+1","Disarm","Anger+1"],"picked":"SKIP","floor":48},{"not_picked":["Warcry","Body Slam+1","Headbutt"],"picked":"SKIP","floor":48},{"not_picked":["Hemokinesis","Wild Strike+1"],"picked":"Barricade","floor":54}],"player_experience":832302,"relics_obtained":[{"floor":7,"key":"Self Forming Clay"},{"floor":8,"key":"Pen Nib"},{"floor":9,"key":"Happy Flower"},{"floor":12,"key":"WingedGreaves"},{"floor":24,"key":"PreservedInsect"},{"floor":29,"key":"Dead Branch"},{"floor":37,"key":"Prayer Wheel"},{"floor":39,"key":"Pocketwatch"},{"floor":40,"key":"Pear"},{"floor":43,"key":"Whetstone"},{"floor":45,"key":"Darkstone Periapt"},{"floor":54,"key":"Bronze Scales"}],"event_choices":[{"damage_healed":0,"gold_gain":0,"player_choice":"Entered Light","damage_taken":16,"max_hp_gain":0,"max_hp_loss":0,"event_name":"Shining Light","floor":2,"gold_loss":0,"cards_upgraded":["Strike_R","Bash"]},{"damage_healed":0,"gold_gain":0,"player_choice":"Box","damage_taken":0,"relics_obtained":["Vajra"],"max_hp_gain":0,"max_hp_loss":0,"event_name":"Big Fish","floor":3,"gold_loss":0,"cards_obtained":["Regret"]},{"cards_removed":["Strike_R"],"damage_healed":0,"gold_gain":0,"player_choice":"Card Removal","damage_taken":7,"max_hp_gain":0,"max_hp_loss":0,"event_name":"Golden Wing","floor":10,"gold_loss":0},{"damage_healed":0,"gold_gain":0,"player_choice":"Success","damage_taken":3,"relics_obtained":["Oddly Smooth Stone"],"max_hp_gain":0,"max_hp_loss":0,"event_name":"Scrap Ooze","floor":13,"gold_loss":0},{"damage_healed":0,"gold_gain":0,"player_choice":"Inject Mutagens","damage_taken":0,"relics_obtained":["MutagenicStrength"],"max_hp_gain":0,"max_hp_loss":0,"event_name":"Drug Dealer","floor":19,"gold_loss":0},{"damage_healed":0,"gold_gain":99,"player_choice":"Stole From Cult","damage_taken":0,"max_hp_gain":0,"max_hp_loss":0,"event_name":"Nest","floor":20,"gold_loss":0},{"damage_healed":0,"gold_gain":0,"player_choice":"Ignored","damage_taken":0,"max_hp_gain":0,"max_hp_loss":0,"event_name":"Ghosts","floor":21,"gold_loss":0},{"damage_healed":0,"gold_gain":0,"player_choice":"Fight","damage_taken":0,"max_hp_gain":0,"max_hp_loss":0,"event_name":"MindBloom","floor":37,"gold_loss":0},{"damage_healed":0,"gold_gain":0,"player_choice":"Fight","damage_taken":0,"max_hp_gain":0,"max_hp_loss":0,"event_name":"Mysterious Sphere","floor":39,"gold_loss":0},{"damage_healed":0,"gold_gain":0,"player_choice":"Ignored","damage_taken":0,"max_hp_gain":0,"max_hp_loss":0,"event_name":"Tomb of Lord Red Mask","floor":41,"gold_loss":0}],"is_beta":false,"boss_relics":[{"not_picked":["Orrery","Lizard Tail"],"picked":"Sozu"},{"not_picked":["Philosopher\u0027s Stone","Runic Dome"],"picked":"Mark of Pain"}],"items_purged_floors":[4,25,46],"is_endless":false,"potions_floor_spawned":[5,12,18,29,31,36,37,38,45,54],"ascension_level":0}