{"gold_per_floor":[109,126,140,100,30,62,62,78,78,91,91,119,132,147,147,251,551,567,87,104,119,119,150,150,164,233,245,95,112,112,129,129,226,226,237,0,17,17,28,42,42,59,59,73,73,89,89,89,89,89],"floor_reached":50,"playtime":7343,"items_purged":["Pain","Clumsy"],"score":532,"play_id":"ed950c3c-c65b-42ba-bbe2-a7313212fb58","local_time":"20180701182703","is_ascension_mode":false,"campfire_choices":[{"data":"After Image","floor":7,"key":"SMITH"},{"data":"Neutralize","floor":11,"key":"SMITH"},{"data":"Infinite Blades","floor":15,"key":"SMITH"},{"floor":24,"key":"REST"},{"data":"Noxious Fumes","floor":30,"key":"SMITH"},{"data":"Doppelganger","floor":32,"key":"SMITH"},{"data":"Envenom","floor":41,"key":"SMITH"},{"floor":45,"key":"REST"},{"data":"Infinite Blades","floor":47,"key":"SMITH"},{"floor":49,"key":"REST"}],"neow_cost":"NONE","seed_source_timestamp":509330868597810,"circlet_count":0,"master_deck":["Defend_G+1","Defend_G+1","Defend_G+1","Defend_G+1","Defend_G+1","Survivor+1","Neutralize+1","After Image+1","Dagger Spray+1","Flying Knee+1","Dodge and Roll+1","Unload+1","Backstab+1","Quick Slash+1","Deflect+1","All Out Attack+1","Infinite Blades+1","Die Die Die+1","Injury","Well Laid Plans+1","PiercingWail+1","Bite+1","Bite+1","Bite+1","Bite+1","Bite+1","PiercingWail+1","Backstab+1","Sucker Punch+1","Noxious Fumes+1","Doppelganger+1","Envenom+1","Footwork+1","Infinite Blades+1","Dark Shackles+1","PiercingWail+1","Catalyst+1","Bouncing Flask+1"],"relics":["Ring of the Snake","Vajra","Whetstone","Bottled Flame","Calling Bell","Old Coin","Dodecahedron","Pen Nib","Torii","Centennial Puzzle","Mummified Hand","Philosopher\u0027s Stone","Red Mask","Pantograph","Mark of the Bloom"],"potions_floor_usage":[12,16,16,23,33,33,42,50],"damage_taken":[{"damage":2,"enemies":"Cultist","floor":1,"turns":4},{"damage":3,"enemies":"Jaw Worm","floor":2,"turns":5},{"damage":4,"enemies":"2 Louse","floor":3,"turns":3},{"damage":21,"enemies":"3 Sentries","floor":6,"turns":8},{"damage":0,"enemies":"Looter","floor":8,"turns":3},{"damage":0,"enemies":"Large Slime","floor":10,"turns":4},{"damage":1,"enemies":"Lagavulin","floor":12,"turns":5},{"damage":0,"enemies":"2 Fungi Beasts","floor":13,"turns":2},{"damage":0,"enemies":"Exordium Wildlife","floor":14,"turns":4},{"damage":4,"enemies":"Hexaghost","floor":16,"turns":7},{"damage":1,"enemies":"Shell Parasite","floor":18,"turns":5},{"damage":0,"enemies":"Spheric Guardian","floor":20,"turns":3},{"damage":22,"enemies":"Snake Plant","floor":21,"turns":6},{"damage":38,"enemies":"Gremlin Leader","floor":23,"turns":6},{"damage":1,"enemies":"Centurion and Healer","floor":25,"turns":5},{"damage":0,"enemies":"3 Cultists","floor":27,"turns":3},{"damage":1,"enemies":"Slaver and Parasite","floor":29,"turns":6},{"damage":1,"enemies":"Cultist and Chosen","floor":31,"turns":4},{"damage":18,"enemies":"Collector","floor":33,"turns":9},{"damage":0,"enemies":"Orb Walker","floor":35,"turns":3},{"damage":6,"enemies":"3 Shapes","floor":37,"turns":3},{"damage":29,"enemies":"Sphere and 2 Shapes","floor":39,"turns":4},{"damage":10,"enemies":"Maw","floor":40,"turns":9},{"damage":10,"enemies":"4 Shapes","floor":42,"turns":3},{"damage":13,"enemies":"Sphere and 2 Shapes","floor":44,"turns":4},{"damage":17,"enemies":"3 Darklings","floor":46,"turns":5},{"damage":24,"enemies":"Awakened One","floor":50,"turns":6}],"seed_played":"2583039382799526353","potions_obtained":[{"floor":4,"key":"Strength Potion"},{"floor":4,"key":"SteroidPotion"},{"floor":4,"key":"GhostInAJar"},{"floor":12,"key":"Fire Potion"},{"floor":20,"key":"SmokeBomb"},{"floor":31,"key":"SkillPotion"},{"floor":33,"key":"FairyPotion"},{"floor":40,"key":"LiquidBronze"},{"floor":42,"key":"Poison Potion"}],"is_trial":false,"path_per_floor":["M","M","M","?","$","E","R","M","T","M","R","E","M","M","R","B",null,"M","$","M","M","?","E","R","M","T","M","$","M","R","M","R","B",null,"M","?","M","?","M","M","R","M","T","M","R","M","R","?","R"],"character_chosen":"THE_SILENT","items_purchased":["Unload","Torii","Well Laid Plans","GhostInAJar","Dexterity Potion"],"campfire_rested":3,"item_purchase_floors":[5,19,19,19,28],"current_hp_per_floor":[68,65,61,61,61,40,40,40,40,40,40,39,39,39,39,35,70,69,69,69,47,47,21,35,42,42,48,48,49,49,49,49,41,49,49,49,47,47,24,30,30,22,22,19,33,24,24,24,24,0],"gold":89,"neow_bonus":"ONE_RANDOM_RARE_CARD","is_prod":false,"is_daily":false,"chose_seed":false,"campfire_upgraded":7,"win_rate":0.0,"timestamp":1530484023,"path_taken":["M","M","M","?","$","E","R","?","T","M","R","E","M","M","R","BOSS","M","$","?","M","?","E","R","M","T","M","$","M","R","M","R","BOSS","M","?","M","?","M","M","R","?","T","M","R","?","R","?","R","BOSS"],"build_version":"2018-06-28","purchased_purges":2,"victory":false,"max_hp_per_floor":[70,70,70,70,70,70,70,70,70,70,70,70,70,70,70,70,70,70,70,70,70,49,49,49,49,49,49,49,49,49,49,49,49,49,49,49,49,49,49,49,49,49,49,49,49,49,49,49,49,49],"card_choices":[{"not_picked":["Prepared","Deflect"],"picked":"Dagger Spray","floor":1},{"not_picked":["Distraction","Sucker Punch"],"picked":"Flying Knee","floor":2},{"not_picked":["PiercingWail","Dagger Spray"],"picked":"Dodge and Roll","floor":3},{"not_picked":["Blur","Venomology"],"picked":"Backstab","floor":6},{"not_picked":["Bane","Outmaneuver"],"picked":"Quick Slash","floor":8},{"not_picked":["Crippling Poison","Backflip"],"picked":"Deflect","floor":10},{"not_picked":["Tactician","Quick Slash"],"picked":"All Out Attack","floor":12},{"not_picked":["Footwork","Flying Knee"],"picked":"Infinite Blades","floor":13},{"not_picked":["Bouncing Flask","Poisoned Stab","Underhanded Strike"],"picked":"SKIP","floor":14},{"not_picked":["Glass Knife","Wraith Form v2"],"picked":"Die Die Die","floor":16},{"not_picked":["Quick Slash","Dodge and Roll","Outmaneuver"],"picked":"SKIP","floor":18},{"not_picked":["Calculated Gamble+1","Prepared"],"picked":"PiercingWail","floor":20},{"not_picked":["Reflex","Underhanded Strike+1","Acrobatics"],"picked":"SKIP","floor":21},{"not_picked":["Acrobatics","Prepared"],"picked":"PiercingWail+1","floor":23},{"not_picked":["Choke+1","Masterful Stab"],"picked":"Backstab+1","floor":25},{"not_picked":["Dodge and Roll","Backflip"],"picked":"Sucker Punch","floor":27},{"not_picked":["Prepared","Skewer"],"picked":"Noxious Fumes","floor":29},{"not_picked":["Blade Dance","Quick Slash"],"picked":"Doppelganger","floor":31},{"not_picked":["After Image","Tactician"],"picked":"Envenom","floor":33},{"not_picked":["Poisoned Stab","Underhanded Strike"],"picked":"Footwork","floor":35},{"not_picked":["Slice","Acrobatics+1"],"picked":"Infinite Blades","floor":37},{"not_picked":["Jack Of All Trades","Flash of Steel"],"picked":"Dark Shackles","floor":38},{"not_picked":["Underhanded Strike+1","Backflip+1"],"picked":"PiercingWail+1","floor":39},{"not_picked":["Night Terror","Bane"],"picked":"Catalyst+1","floor":40},{"not_picked":["Well Laid Plans","Blur"],"picked":"Bouncing Flask+1","floor":42},{"not_picked":["Calculated Gamble","Backflip+1","Underhanded Strike+1"],"picked":"SKIP","floor":44},{"not_picked":["Dodge and Roll+1","Blade Dance","Deflect"],"picked":"SKIP","floor":46}],"player_experience":46578,"relics_obtained":[{"floor":6,"key":"Vajra"},{"floor":9,"key":"Whetstone"},{"floor":12,"key":"Bottled Flame"},{"floor":17,"key":"Old Coin"},{"floor":17,"key":"Dodecahedron"},{"floor":17,"key":"Pen Nib"},{"floor":23,"key":"Centennial Puzzle"},{"floor":26,"key":"Mummified Hand"},{"floor":43,"key":"Pantograph"}],"event_choices":[{"event_name":"The Woman in Blue","player_choice":"Bought 3 Potions","floor":4,"damage_taken":0},{"event_name":"Vampires","player_choice":"Became a vampire","floor":22,"damage_taken":0},{"event_name":"Tomb of Lord Red Mask","player_choice":"Paid","floor":36,"damage_taken":0},{"event_name":"SensoryStone","player_choice":"Memory 1","floor":38,"damage_taken":0},{"event_name":"MindBloom","player_choice":"Upgrade","floor":48,"damage_taken":0}],"boss_relics":[{"not_picked":["Astrolabe","Velvet Choker"],"picked":"Calling Bell"},{"not_picked":["Tiny House","Black Star"],"picked":"Philosopher\u0027s Stone"}],"items_purged_floors":[19,28],"is_endless":false,"potions_floor_spawned":[6,8,12,13,20,21,31,33,40,42,44],"killed_by":"Awakened One","ascension_level":0}