{"gold_per_floor":[109,109,129,59,70,70,104,120,145,145,145,157,177,188,188,188],"floor_reached":16,"playtime":509,"items_purged":[],"score":104,"play_id":"de37d505-130d-44fc-a359-bcb82a5e3d3d","local_time":"20190608131007","is_ascension_mode":false,"campfire_choices":[{"data":"Searing Blow","floor":6.0,"key":"SMITH"},{"floor":10.0,"key":"REST"},{"data":"Searing Blow+1","floor":15,"key":"SMITH"}],"neow_cost":"NONE","seed_source_timestamp":658597083691853,"circlet_count":0,"master_deck":["Strike_R","Strike_R","Strike_R","Strike_R","Strike_R","Defend_R","Defend_R","Defend_R","Defend_R","Bash","Whirlwind+1","Spot Weakness","Searing Blow+2","Headbutt","True Grit"],"special_seed":0,"relics":["White Beast Statue"],"potions_floor_usage":[13,16],"damage_taken":[{"damage":0.0,"enemies":"Small Slimes","floor":1.0,"turns":5.0},{"damage":0.0,"enemies":"Cultist","floor":3.0,"turns":2.0},{"damage":0.0,"enemies":"2 Louse","floor":5.0,"turns":1.0},{"damage":40.0,"enemies":"Lagavulin","floor":7.0,"turns":6.0},{"damage":11.0,"enemies":"Large Slime","floor":8.0,"turns":4.0},{"damage":10,"enemies":"Looter","floor":12,"turns":2},{"damage":10,"enemies":"Exordium Thugs","floor":13,"turns":2},{"damage":0,"enemies":"Gremlin Gang","floor":14,"turns":1},{"damage":37,"enemies":"The Guardian","floor":16,"turns":13}],"seed_played":"6313920788351223654","potions_obtained":[{"floor":1.0,"key":"Explosive Potion"},{"floor":3.0,"key":"SteroidPotion"},{"floor":5.0,"key":"Energy Potion"},{"floor":8.0,"key":"SteroidPotion"},{"floor":13,"key":"EssenceOfSteel"}],"is_trial":false,"path_per_floor":["M","?","M","$","M","R","E","M","T","R","?","M","M","M","R","B"],"character_chosen":"IRONCLAD","items_purchased":["Searing Blow"],"campfire_rested":1,"item_purchase_floors":[4],"current_hp_per_floor":[80,80,80,80,80,80,40,29,29,53,53,43,33,33,33,0],"gold":188,"neow_bonus":"BOSS_RELIC","is_prod":false,"is_daily":false,"chose_seed":false,"campfire_upgraded":2,"win_rate":0,"timestamp":1559992207,"path_taken":["M","?","M","$","M","R","E","M","T","R","?","M","M","M","R","BOSS"],"build_version":"2019-01-23","purchased_purges":0,"victory":false,"max_hp_per_floor":[80,80,80,80,80,80,80,80,80,80,80,80,80,80,80,80],"card_choices":[{"not_picked":["Blood for Blood","Spot Weakness"],"picked":"Whirlwind","floor":1.0},{"not_picked":["Perfected Strike","Carnage"],"picked":"Spot Weakness","floor":3.0},{"not_picked":["Iron Wave","Seeing Red"],"picked":"Headbutt","floor":5.0},{"not_picked":["Dual Wield","Rampage","Rupture"],"picked":"SKIP","floor":7.0},{"not_picked":["Flex","Clash","Warcry"],"picked":"SKIP","floor":8.0},{"not_picked":["Iron Wave","Pummel","Barricade"],"picked":"SKIP","floor":12},{"not_picked":["Rage","Sword Boomerang"],"picked":"True Grit","floor":13},{"not_picked":["Havoc","Clash","Anger"],"picked":"SKIP","floor":14}],"player_experience":483499,"relics_obtained":[],"event_choices":[{"damage_healed":0.0,"max_hp_gain":0.0,"max_hp_loss":0.0,"gold_gain":0.0,"event_name":"Upgrade Shrine","player_choice":"Upgraded","floor":2.0,"gold_loss":0.0,"damage_taken":0.0,"cards_upgraded":["Whirlwind"]},{"damage_healed":0,"gold_gain":0,"player_choice":"Fled","damage_taken":0,"max_hp_gain":0,"max_hp_loss":0,"event_name":"Scrap Ooze","floor":11,"gold_loss":0}],"is_beta":false,"boss_relics":[],"items_purged_floors":[],"is_endless":false,"potions_floor_spawned":[1,3,5,7,8,12,13,14],"killed_by":"The Guardian","ascension_level":0}