{"gold_per_floor":[116,130,205,225,225,250,250,284,284,284,284,302,302,313,313,313],"floor_reached":16,"playtime":1224,"items_purged":[],"score":174,"play_id":"bdc099da-700a-4f55-90e9-95e61cf49722","local_time":"20180910211238","is_ascension_mode":true,"campfire_choices":[{"floor":7,"key":"REST"},{"floor":11,"key":"REST"},{"floor":15,"key":"REST"}],"neow_cost":"NONE","seed_source_timestamp":352177655761424,"circlet_count":0,"master_deck":["Strike_R","Strike_R","Strike_R","Defend_R","Defend_R","Defend_R","Defend_R","Bash","Iron Wave","Fire Breathing","Shrug It Off","Double Tap","Sword Boomerang","Whirlwind"],"relics":["Burning Blood","Pocketwatch","Paper Frog","Question Card"],"potions_floor_usage":[6,10],"damage_taken":[{"damage":3,"enemies":"Small Slimes","floor":1,"turns":5},{"damage":9,"enemies":"Jaw Worm","floor":2,"turns":4},{"damage":1,"enemies":"Cultist","floor":4,"turns":3},{"damage":40,"enemies":"3 Sentries","floor":6,"turns":11},{"damage":30,"enemies":"Lagavulin","floor":8,"turns":6},{"damage":0,"enemies":"3 Sentries","floor":10,"turns":1},{"damage":40,"enemies":"Gremlin Gang","floor":12,"turns":5},{"damage":4,"enemies":"Looter","floor":14,"turns":3},{"damage":58,"enemies":"Hexaghost","floor":16,"turns":9}],"seed_played":"-4047510808129417408","potions_obtained":[{"floor":1,"key":"SkillPotion"},{"floor":4,"key":"SmokeBomb"},{"floor":8,"key":"GamblersBrew"},{"floor":12,"key":"FairyPotion"}],"is_trial":false,"path_per_floor":["M","M","?","M","?","E","R","E","T","E","R","M","?","M","R"],"character_chosen":"IRONCLAD","items_purchased":[],"campfire_rested":3,"item_purchase_floors":[],"current_hp_per_floor":[75,72,61,66,59,25,49,25,25,31,55,21,21,23,47,0],"gold":313,"neow_bonus":"TRANSFORM_CARD","is_prod":false,"is_daily":false,"chose_seed":false,"campfire_upgraded":0,"win_rate":0,"timestamp":1536628358,"path_taken":["M","M","?","?","?","E","R","E","T","E","R","?","?","M","R","BOSS"],"build_version":"2018-09-06","purchased_purges":0,"victory":false,"max_hp_per_floor":[80,80,80,80,80,80,80,80,80,80,80,80,80,80,80,80],"card_choices":[{"not_picked":["Power Through","Battle Trance"],"picked":"Fire Breathing","floor":1},{"not_picked":["Iron Wave","Havoc"],"picked":"Shrug It Off","floor":2},{"not_picked":["Perfected Strike","Wild Strike"],"picked":"Double Tap","floor":4},{"not_picked":["Havoc","Sever Soul","Bloodletting"],"picked":"SKIP","floor":6},{"not_picked":["Entrench","Searing Blow","Iron Wave"],"picked":"SKIP","floor":8},{"not_picked":["Corruption","Warcry","Iron Wave"],"picked":"Sword Boomerang","floor":12},{"not_picked":["Body Slam","Havoc","Heavy Blade"],"picked":"Whirlwind","floor":14}],"player_experience":409568,"relics_obtained":[{"floor":6,"key":"Pocketwatch"},{"floor":8,"key":"Paper Frog"},{"floor":9,"key":"Question Card"}],"event_choices":[{"event_name":"World of Goop","player_choice":"Gather Gold","floor":3,"damage_taken":0},{"event_name":"Golden Wing","player_choice":"Card Removal","floor":5,"damage_taken":0},{"event_name":"Golden Idol","player_choice":"Ignored","floor":13,"damage_taken":0}],"is_beta":false,"boss_relics":[],"items_purged_floors":[],"is_endless":false,"potions_floor_spawned":[1,4,8,10,12],"killed_by":"Hexaghost","ascension_level":9}