{"gold_per_floor":[117,127,140,154,154,154,179,198,249,278,278,297,314,330,330,402,402,419,399,418,435,447,447,120,120,120,120,130,146,146,172,172,245,245,255,274,274,288,288,288,288],"floor_reached":41,"playtime":2951,"items_purged":["Strike_B"],"score":751,"play_id":"863b7a7c-98e1-4e03-a34e-74d5f575e3ff","local_time":"20190619201654","is_ascension_mode":true,"campfire_choices":[{"floor":6.0,"key":"REST"},{"data":"Zap","floor":11.0,"key":"SMITH"},{"data":"Dualcast","floor":15.0,"key":"SMITH"},{"data":"Rainbow","floor":23.0,"key":"SMITH"},{"data":"Darkness","floor":25.0,"key":"SMITH"},{"floor":30.0,"key":"REST"},{"floor":32.0,"key":"REST"},{"floor":40,"key":"REST"}],"neow_cost":"NONE","seed_source_timestamp":2568073784181961,"circlet_count":0,"master_deck":["AscendersBane","Strike_B","Defend_B","Defend_B","Defend_B","Defend_B","Zap+1","Dualcast+1","Darkness+1","Hologram","Conserve Battery","BootSequence","Rainbow+1","Cold Snap","Reinforced Body","FTL","Coolheaded","FTL","Machine Learning","Capacitor+1","Seek","Multi-Cast","Echo Form","Sweeping Beam"],"special_seed":0,"relics":["Cracked Core","Ornamental Fan","Blood Vial","Bottled Lightning","Cursed Key","Singing Bowl","Cables","DataDisk","Fusion Hammer"],"potions_floor_usage":[33,33],"damage_taken":[{"damage":2.0,"enemies":"Jaw Worm","floor":1.0,"turns":4.0},{"damage":1.0,"enemies":"Cultist","floor":2.0,"turns":3.0},{"damage":6.0,"enemies":"2 Louse","floor":3.0,"turns":4.0},{"damage":8.0,"enemies":"Gremlin Gang","floor":4.0,"turns":7.0},{"damage":24.0,"enemies":"Gremlin Nob","floor":7.0,"turns":4.0},{"damage":0.0,"enemies":"Looter","floor":8.0,"turns":3.0},{"damage":16.0,"enemies":"3 Sentries","floor":10.0,"turns":7.0},{"damage":0.0,"enemies":"Red Slaver","floor":12.0,"turns":3.0},{"damage":1.0,"enemies":"Blue Slaver","floor":13.0,"turns":3.0},{"damage":0.0,"enemies":"Large Slime","floor":14.0,"turns":3.0},{"damage":12.0,"enemies":"Hexaghost","floor":16.0,"turns":12.0},{"damage":0.0,"enemies":"Spheric Guardian","floor":18.0,"turns":4.0},{"damage":0.0,"enemies":"Chosen","floor":20.0,"turns":4.0},{"damage":15.0,"enemies":"Snake Plant","floor":21.0,"turns":5.0},{"damage":23.0,"enemies":"Snecko","floor":22.0,"turns":7.0},{"damage":1.0,"enemies":"Cultist and Chosen","floor":28.0,"turns":7.0},{"damage":0.0,"enemies":"Chosen and Byrds","floor":29.0,"turns":5.0},{"damage":39.0,"enemies":"Gremlin Leader","floor":31.0,"turns":8.0},{"damage":40,"enemies":"Collector","floor":33,"turns":7},{"damage":0,"enemies":"Orb Walker","floor":35,"turns":3},{"damage":25,"enemies":"3 Darklings","floor":36,"turns":5},{"damage":13,"enemies":"Sphere and 2 Shapes","floor":38,"turns":4},{"damage":58,"enemies":"Reptomancer","floor":41,"turns":3}],"seed_played":"6835172451654624968","potions_obtained":[{"floor":2.0,"key":"Energy Potion"},{"floor":7.0,"key":"Swift Potion"},{"floor":12.0,"key":"GamblersBrew"},{"floor":18.0,"key":"Block Potion"},{"floor":28.0,"key":"LiquidBronze"},{"floor":29.0,"key":"PowerPotion"},{"floor":31.0,"key":"Swift Potion"},{"floor":36,"key":"Strength Potion"}],"is_trial":false,"path_per_floor":["M","M","M","M","?","R","E","M","T","E","R","M","M","M","R","B",null,"M","?","M","M","M","R","$","R","T","?","M","M","R","E","R","B",null,"M","M","?","M","?","R","E"],"character_chosen":"DEFECT","items_purchased":["Singing Bowl"],"campfire_rested":4,"item_purchase_floors":[24],"current_hp_per_floor":[62,61,55,47,47,68,44,44,44,30,30,32,33,35,35,25,60,62,62,64,51,30,30,30,30,30,30,33,37,59,22,44,6,58,62,39,39,30,32,55,0],"gold":288,"neow_bonus":"REMOVE_CARD","is_prod":false,"is_daily":false,"chose_seed":false,"campfire_upgraded":4,"win_rate":0,"timestamp":1560989814,"path_taken":["M","M","M","M","?","R","E","M","T","E","R","?","M","?","R","BOSS","M","?","M","?","M","R","$","R","T","?","M","?","R","E","R","BOSS","M","M","?","M","?","R","E"],"build_version":"2019-01-23","purchased_purges":1,"victory":false,"max_hp_per_floor":[71,71,71,71,71,71,71,71,71,71,71,71,71,71,71,71,71,71,71,71,71,71,71,71,71,71,71,73,75,75,75,75,75,75,77,77,73,75,77,77,77],"card_choices":[{"not_picked":["Streamline","Barrage"],"picked":"Darkness","floor":1.0},{"not_picked":["Turbo","Sweeping Beam"],"picked":"Hologram","floor":2.0},{"not_picked":["Streamline","Beam Cell"],"picked":"Conserve Battery","floor":3.0},{"not_picked":["Steam Power","Streamline"],"picked":"BootSequence","floor":4.0},{"not_picked":["Static Discharge","Glacier"],"picked":"Cold Snap","floor":7.0},{"not_picked":["Cold Snap","Self Repair"],"picked":"Reinforced Body","floor":8.0},{"not_picked":["Gash","Blizzard"],"picked":"FTL","floor":10.0},{"not_picked":["Reinforced Body","Redo"],"picked":"Coolheaded","floor":12.0},{"not_picked":["Ball Lightning","Chaos"],"picked":"FTL","floor":13.0},{"not_picked":["Turbo","Thunder Strike","Redo"],"picked":"SKIP","floor":14.0},{"not_picked":["Reboot","Buffer"],"picked":"Machine Learning","floor":16.0},{"not_picked":["Turbo","Leap","Barrage"],"picked":"SKIP","floor":18.0},{"not_picked":["Ball Lightning","Leap+1"],"picked":"Capacitor+1","floor":20.0},{"not_picked":["Conserve Battery","Tempest","Fusion"],"picked":"SKIP","floor":21.0},{"not_picked":["Stack+1","Turbo"],"picked":"Seek","floor":22.0},{"not_picked":["Turbo+1","Sweeping Beam","Doom and Gloom"],"picked":"Singing Bowl","floor":28.0},{"not_picked":["Gash","Stack","Chill"],"picked":"Singing Bowl","floor":29.0},{"not_picked":["Cold Snap","Steam"],"picked":"Multi-Cast","floor":31.0},{"not_picked":["Reboot","Rainbow"],"picked":"Echo Form","floor":33},{"not_picked":["Redo","Hello World+1","Sweeping Beam"],"picked":"Singing Bowl","floor":35},{"not_picked":["Chaos","Steam"],"picked":"Sweeping Beam","floor":36},{"not_picked":["Gash","Go for the Eyes","Streamline+1"],"picked":"Singing Bowl","floor":38},{"not_picked":["Enlightenment","HandOfGreed","Trip"],"picked":"Singing Bowl","floor":39}],"player_experience":1039685,"relics_obtained":[{"floor":7.0,"key":"Ornamental Fan"},{"floor":9.0,"key":"Blood Vial"},{"floor":10.0,"key":"Bottled Lightning"},{"floor":26.0,"key":"Cables"},{"floor":31.0,"key":"DataDisk"}],"event_choices":[{"damage_healed":0.0,"max_hp_gain":0.0,"max_hp_loss":0.0,"gold_gain":0.0,"cards_transformed":["Strike_B"],"event_name":"Transmorgrifier","player_choice":"Transformed","floor":5.0,"gold_loss":0.0,"damage_taken":0.0,"cards_obtained":["Rainbow"]},{"damage_healed":0.0,"max_hp_gain":0.0,"max_hp_loss":0.0,"gold_gain":0.0,"event_name":"The Woman in Blue","player_choice":"Bought 1 Potion","floor":19.0,"gold_loss":0.0,"damage_taken":0.0},{"cards_removed":["Pain"],"damage_healed":0.0,"max_hp_gain":0.0,"max_hp_loss":0.0,"gold_gain":0.0,"event_name":"Fountain of Cleansing","player_choice":"Removed Curses","floor":27.0,"gold_loss":0.0,"damage_taken":0.0},{"damage_healed":0,"gold_gain":0,"player_choice":"Max HP","damage_taken":0,"max_hp_gain":0,"max_hp_loss":4,"event_name":"Winding Halls","floor":37,"gold_loss":0},{"damage_healed":0,"gold_gain":0,"player_choice":"Memory 1","damage_taken":0,"max_hp_gain":0,"max_hp_loss":0,"event_name":"SensoryStone","floor":39,"gold_loss":0}],"is_beta":false,"boss_relics":[{"not_picked":["Black Star","Empty Cage"],"picked":"Cursed Key"},{"not_picked":["Calling Bell","Sozu"],"picked":"Fusion Hammer"}],"items_purged_floors":[24],"is_endless":false,"potions_floor_spawned":[2,7,12,16,18,20,28,29,31,36],"killed_by":"Reptomancer","ascension_level":15}