{"gold_per_floor":[112,287,303,315,332,332,358,358,437,466,466,479,492,510,510,587,587,601,601,21,32,46,80,80,100,100,120,132,150,150,184,184,263,263,283,296,88,108,121,121,134,134,134,134,166,179,179,207,207,207],"floor_reached":51,"playtime":4031,"items_purged":["Strike_B"],"score":1395,"play_id":"be892273-1f54-4f97-ae42-13bc25e258f4","local_time":"20190531232109","is_ascension_mode":true,"campfire_choices":[{"data":"Defragment","floor":6.0,"key":"SMITH"},{"floor":8.0,"key":"REST"},{"data":"Buffer","floor":15.0,"key":"SMITH"},{"floor":24.0,"key":"REST"},{"floor":30.0,"key":"REST"},{"data":"Biased Cognition","floor":32.0,"key":"SMITH"},{"data":"Seek","floor":40,"key":"SMITH"},{"data":"Seek","floor":42,"key":"SMITH"},{"data":"Biased Cognition","floor":44,"key":"SMITH"},{"floor":47,"key":"REST"},{"data":"Defragment","floor":49,"key":"SMITH"}],"neow_cost":"NONE","seed_source_timestamp":431800203860,"circlet_count":0,"master_deck":["AscendersBane","Strike_B","Strike_B","Defend_B","Defend_B","Defend_B+1","Defend_B+1","Zap","Dualcast","Sweeping Beam","Compile Driver","Conserve Battery","Defragment+1","Hologram","Buffer+1","Steam","Reinforced Body","Biased Cognition+1","Coolheaded","Seek+1","Conserve Battery","Coolheaded","Reinforced Body","Cold Snap+1","Electrodynamics","Biased Cognition+1","Ball Lightning+1","Seek+1","Static Discharge","Coolheaded","Self Repair+1","Sweeping Beam+1","Defragment+1","Coolheaded","Creative AI"],"special_seed":0,"relics":["Cracked Core","FossilizedHelix","Mercury Hourglass","War Paint","Sozu","DataDisk","OrangePellets","Turnip","Centennial Puzzle","Boot","Cursed Key","Oddly Smooth Stone","Vajra"],"potions_floor_usage":[],"damage_taken":[{"damage":3.0,"enemies":"Small Slimes","floor":1.0,"turns":3.0},{"damage":1.0,"enemies":"Cultist","floor":3.0,"turns":4.0},{"damage":8.0,"enemies":"Jaw Worm","floor":4.0,"turns":4.0},{"damage":2.0,"enemies":"2 Fungi Beasts","floor":5.0,"turns":4.0},{"damage":40.0,"enemies":"Gremlin Nob","floor":7.0,"turns":5.0},{"damage":20.0,"enemies":"3 Sentries","floor":10.0,"turns":5.0},{"damage":0.0,"enemies":"3 Louse","floor":12.0,"turns":2.0},{"damage":0.0,"enemies":"Red Slaver","floor":13.0,"turns":3.0},{"damage":0.0,"enemies":"Lots of Slimes","floor":14.0,"turns":3.0},{"damage":20.0,"enemies":"Hexaghost","floor":16.0,"turns":10.0},{"damage":7.0,"enemies":"Shell Parasite","floor":18.0,"turns":5.0},{"damage":0.0,"enemies":"Chosen","floor":21.0,"turns":4.0},{"damage":0.0,"enemies":"Snake Plant","floor":22.0,"turns":6.0},{"damage":41.0,"enemies":"Slavers","floor":23.0,"turns":7.0},{"damage":0.0,"enemies":"Cultist and Chosen","floor":25.0,"turns":6.0},{"damage":0.0,"enemies":"Centurion and Healer","floor":27.0,"turns":10.0},{"damage":0.0,"enemies":"Snake Plant","floor":28.0,"turns":7.0},{"damage":0.0,"enemies":"Snecko","floor":29.0,"turns":6.0},{"damage":6.0,"enemies":"Book of Stabbing","floor":31.0,"turns":7.0},{"damage":0.0,"enemies":"Champ","floor":33.0,"turns":14.0},{"damage":0.0,"enemies":"Orb Walker","floor":35.0,"turns":3.0},{"damage":0.0,"enemies":"3 Shapes","floor":36.0,"turns":2.0},{"damage":0,"enemies":"3 Darklings","floor":38,"turns":2},{"damage":0,"enemies":"Transient","floor":39,"turns":5},{"damage":0,"enemies":"Spire Growth","floor":41,"turns":6},{"damage":55,"enemies":"Reptomancer","floor":45,"turns":5},{"damage":0,"enemies":"Jaw Worm Horde","floor":46,"turns":3},{"damage":7,"enemies":"Nemesis","floor":48,"turns":9},{"damage":0,"enemies":"Donu and Deca","floor":50,"turns":6}],"seed_played":"-4507753948316638500","potions_obtained":[{"floor":0.0,"key":"Fruit Juice"},{"floor":0.0,"key":"FairyPotion"},{"floor":0.0,"key":"FocusPotion"},{"floor":16.0,"key":"EssenceOfSteel"}],"is_trial":false,"path_per_floor":["M","?","M","M","M","R","E","R","T","E","?","M","M","M","R","B",null,"M","?","$","M","M","E","R","M","T","M","M","M","R","E","R","B",null,"M","M","$","M","M","R","M","R","T","R","E","M","R","E","R","B",null],"character_chosen":"DEFECT","items_purchased":["DataDisk","OrangePellets","Seek","Seek","Static Discharge"],"campfire_rested":4,"item_purchase_floors":[20,20,20,37,37],"current_hp_per_floor":[70,70,69,61,59,59,19,43,43,23,23,23,23,23,23,3,61,54,54,54,54,54,13,37,37,37,37,37,37,61,55,55,55,74,74,74,74,74,74,74,80,80,80,80,35,45,69,72,72,80],"gold":207,"neow_bonus":"THREE_SMALL_POTIONS","is_prod":false,"is_daily":false,"chose_seed":false,"campfire_upgraded":7,"win_rate":0,"timestamp":1559337669,"path_taken":["M","?","M","M","M","R","E","R","T","E","?","M","M","?","R","BOSS","M","?","$","M","?","E","R","M","T","M","M","M","R","E","R","BOSS","M","M","$","M","M","R","M","R","T","R","E","M","R","E","R","BOSS"],"build_version":"2019-01-23","purchased_purges":1,"victory":true,"max_hp_per_floor":[80,80,80,80,80,80,80,80,80,80,80,80,80,80,80,80,80,80,80,80,80,80,80,80,80,80,80,80,80,80,80,80,80,80,80,80,80,80,80,80,80,80,80,80,80,80,80,80,80,80],"card_choices":[{"not_picked":["Tempest","Static Discharge"],"picked":"Sweeping Beam","floor":1.0},{"not_picked":["Rainbow","Stack"],"picked":"Compile Driver","floor":3.0},{"not_picked":["Steam","Leap"],"picked":"Conserve Battery","floor":4.0},{"not_picked":["Cold Snap","Redo"],"picked":"Defragment","floor":5.0},{"not_picked":["Cold Snap","Gash"],"picked":"Hologram","floor":7.0},{"not_picked":["Redo","Force Field"],"picked":"Buffer","floor":10.0},{"not_picked":["Streamline","Melter"],"picked":"Steam","floor":12.0},{"not_picked":["Blizzard","Skim"],"picked":"Reinforced Body","floor":13.0},{"not_picked":["Gash","Turbo","Sweeping Beam"],"picked":"SKIP","floor":14.0},{"not_picked":["Core Surge","Seek"],"picked":"Biased Cognition","floor":16.0},{"not_picked":["Streamline","FTL"],"picked":"Coolheaded","floor":18.0},{"not_picked":["Leap","Compile Driver"],"picked":"Conserve Battery","floor":21.0},{"not_picked":["Sweeping Beam","Heatsinks","Turbo"],"picked":"SKIP","floor":22.0},{"not_picked":["Biased Cognition","Barrage"],"picked":"Coolheaded","floor":23.0},{"not_picked":["Streamline","Conserve Battery"],"picked":"Reinforced Body","floor":25.0},{"not_picked":["Reinforced Body","Streamline","Conserve Battery"],"picked":"SKIP","floor":27.0},{"not_picked":["Ball Lightning","Redo+1"],"picked":"Cold Snap+1","floor":28.0},{"not_picked":["Coolheaded","Doom and Gloom"],"picked":"Electrodynamics","floor":29.0},{"not_picked":["Steam","Go for the Eyes","Leap+1"],"picked":"SKIP","floor":31.0},{"not_picked":["Buffer","Creative AI"],"picked":"Biased Cognition","floor":33.0},{"not_picked":["Gash","Steam","Genetic Algorithm"],"picked":"SKIP","floor":35.0},{"not_picked":["FTL","Conserve Battery+1"],"picked":"Ball Lightning+1","floor":36.0},{"not_picked":["Auto Shields","Ball Lightning"],"picked":"Coolheaded","floor":38},{"not_picked":["Turbo","Ball Lightning+1"],"picked":"Self Repair+1","floor":39},{"not_picked":["Barrage","Cold Snap"],"picked":"Sweeping Beam+1","floor":41},{"not_picked":["Aggregate","Reboot"],"picked":"Defragment","floor":45},{"not_picked":["Ball Lightning","Sweeping Beam"],"picked":"Coolheaded","floor":46},{"not_picked":["Chill","Sunder"],"picked":"Creative AI","floor":48}],"player_experience":393459,"relics_obtained":[{"floor":7.0,"key":"FossilizedHelix"},{"floor":9.0,"key":"Mercury Hourglass"},{"floor":10.0,"key":"War Paint"},{"floor":23.0,"key":"Turnip"},{"floor":26.0,"key":"Centennial Puzzle"},{"floor":31.0,"key":"Boot"},{"floor":45,"key":"Oddly Smooth Stone"},{"floor":48,"key":"Vajra"}],"event_choices":[{"damage_healed":0.0,"max_hp_gain":0.0,"max_hp_loss":0.0,"gold_gain":175.0,"event_name":"Liars Game","player_choice":"AGREE","floor":2.0,"gold_loss":0.0,"damage_taken":0.0,"cards_obtained":["Doubt"]},{"cards_removed":["Doubt"],"damage_healed":0.0,"max_hp_gain":0.0,"max_hp_loss":0.0,"gold_gain":0.0,"event_name":"Fountain of Cleansing","player_choice":"Removed Curses","floor":11.0,"gold_loss":0.0,"damage_taken":0.0},{"cards_removed":["Strike_B"],"damage_healed":0.0,"max_hp_gain":0.0,"max_hp_loss":0.0,"gold_gain":0.0,"event_name":"Purifier","player_choice":"Purged","floor":19.0,"gold_loss":0.0,"damage_taken":0.0}],"is_beta":false,"boss_relics":[{"not_picked":["Tiny House","Snecko Eye"],"picked":"Sozu"},{"not_picked":["Black Star","Fusion Hammer"],"picked":"Cursed Key"}],"items_purged_floors":[20],"is_endless":false,"potions_floor_spawned":[5,10,13,14,16,18,23,29,31,33,35,36,39,48],"ascension_level":13}