{"gold_per_floor":[118,118,137,28,42,42,67,87,142,142,155,172,188,204,204,305,305,324,424,424,413,439,439,452,452,479,492,503,313,313,325,325,325],"floor_reached":33,"playtime":1676,"items_purged":["Strike_R","Strike_R"],"score":243,"play_id":"db56a6aa-82ff-40b5-ba6c-e5173d31602e","local_time":"20190613201018","is_ascension_mode":false,"campfire_choices":[{"data":"Disarm","floor":6.0,"key":"SMITH"},{"data":"Barricade","floor":10.0,"key":"SMITH"},{"data":"Shockwave","floor":15.0,"key":"SMITH"},{"floor":23.0,"key":"REST"},{"floor":25.0,"key":"REST"},{"floor":32,"key":"REST"}],"neow_cost":"NONE","seed_source_timestamp":0,"circlet_count":0,"master_deck":["Strike_R","Strike_R","Strike_R","Defend_R","Defend_R","Defend_R","Defend_R","Bash+1","Disarm+1","Anger","Shockwave+1","Spot Weakness","Barricade+1","Flame Barrier","Body Slam","Battle Trance","True Grit","Limit Break","Heavy Blade+1","Sword Boomerang","Metallicize","Necronomicurse","Armaments"],"special_seed":0,"relics":["Lizard Tail","Necronomicon"],"potions_floor_usage":[],"damage_taken":[{"damage":0.0,"enemies":"Small Slimes","floor":1.0,"turns":3.0},{"damage":4.0,"enemies":"Cultist","floor":3.0,"turns":3.0},{"damage":1.0,"enemies":"Jaw Worm","floor":5.0,"turns":3.0},{"damage":6.0,"enemies":"Blue Slaver","floor":8.0,"turns":4.0},{"damage":14.0,"enemies":"Red Slaver","floor":11.0,"turns":3.0},{"damage":6.0,"enemies":"Exordium Wildlife","floor":12.0,"turns":6.0},{"damage":8.0,"enemies":"2 Fungi Beasts","floor":13.0,"turns":3.0},{"damage":6.0,"enemies":"Blue Slaver","floor":14.0,"turns":5.0},{"damage":6.0,"enemies":"The Guardian","floor":16.0,"turns":9.0},{"damage":16.0,"enemies":"Chosen","floor":18.0,"turns":5.0},{"damage":25.0,"enemies":"Colosseum Slavers","floor":19.0,"turns":6.0},{"damage":18.0,"enemies":"Colosseum Nobs","floor":19.0,"turns":6.0},{"damage":12.0,"enemies":"2 Thieves","floor":21.0,"turns":5.0},{"damage":3.0,"enemies":"Snecko","floor":24.0,"turns":4.0},{"damage":19.0,"enemies":"Shelled Parasite and Fungi","floor":27.0,"turns":6.0},{"damage":19.0,"enemies":"Centurion and Healer","floor":28.0,"turns":7.0},{"damage":12,"enemies":"Snake Plant","floor":31,"turns":5},{"damage":105,"enemies":"Collector","floor":33,"turns":9}],"seed_played":"-1505289203120966586","potions_obtained":[{"floor":1.0,"key":"Strength Potion"},{"floor":8.0,"key":"AttackPotion"},{"floor":11.0,"key":"Fire Potion"},{"floor":24.0,"key":"GamblersBrew"}],"is_trial":false,"path_per_floor":["M","?","M","$","M","R","T","M","T","R","M","M","M","M","R","B",null,"M","?","?","M","T","R","M","R","T","M","M","$","?","M","R","B"],"character_chosen":"IRONCLAD","items_purchased":["Shockwave","Metallicize","PowerPotion"],"campfire_rested":3,"item_purchase_floors":[4,29,29],"current_hp_per_floor":[80,80,76,76,75,75,75,69,69,69,55,49,41,35,35,29,80,64,21,47,35,35,59,56,80,80,61,42,42,26,14,38,0],"gold":325,"neow_bonus":"BOSS_RELIC","is_prod":false,"is_daily":false,"chose_seed":false,"campfire_upgraded":3,"win_rate":0,"timestamp":1560449418,"path_taken":["M","?","M","?","?","R","?","M","T","R","M","M","M","M","R","BOSS","M","?","?","M","?","R","M","R","T","M","?","$","?","M","R","BOSS"],"build_version":"2019-01-23","purchased_purges":2,"victory":false,"max_hp_per_floor":[80,80,80,80,80,80,80,80,80,80,80,80,80,80,80,80,80,80,80,80,80,80,80,80,80,80,80,80,80,80,80,80,80],"card_choices":[{"not_picked":["Shockwave","Pommel Strike"],"picked":"Disarm","floor":1.0},{"not_picked":["Warcry","Rupture"],"picked":"Anger","floor":3.0},{"not_picked":["Havoc","Clash"],"picked":"Spot Weakness","floor":5.0},{"not_picked":["Wild Strike","Body Slam"],"picked":"Barricade","floor":8.0},{"not_picked":["Iron Wave","Body Slam"],"picked":"Flame Barrier","floor":11.0},{"not_picked":["Flex","Searing Blow"],"picked":"Body Slam","floor":12.0},{"not_picked":["Headbutt","Twin Strike"],"picked":"Battle Trance","floor":13.0},{"not_picked":["Heavy Blade","Cleave"],"picked":"True Grit","floor":14.0},{"not_picked":["Berserk","Double Tap"],"picked":"Limit Break","floor":16.0},{"not_picked":["Sentinel","Warcry","Entrench"],"picked":"SKIP","floor":18.0},{"not_picked":["Rupture","Evolve"],"picked":"Heavy Blade+1","floor":19.0},{"not_picked":["Warcry","Reckless Charge","Pommel Strike"],"picked":"SKIP","floor":21.0},{"not_picked":["Feel No Pain","Combust","Shockwave"],"picked":"SKIP","floor":24.0},{"not_picked":["Feel No Pain","Combust","Shockwave"],"picked":"SKIP","floor":24.0},{"not_picked":["Fire Breathing","Cleave","Havoc+1"],"picked":"SKIP","floor":27.0},{"not_picked":["Perfected Strike+1","Reckless Charge+1"],"picked":"Sword Boomerang","floor":28.0},{"not_picked":["Battle Trance","Searing Blow"],"picked":"Armaments","floor":31}],"player_experience":528411,"relics_obtained":[{"floor":30.0,"key":"Necronomicon"}],"event_choices":[{"damage_healed":0.0,"max_hp_gain":0.0,"max_hp_loss":0.0,"gold_gain":0.0,"event_name":"Upgrade Shrine","player_choice":"Upgraded","floor":2.0,"gold_loss":0.0,"damage_taken":0.0,"cards_upgraded":["Bash"]},{"damage_healed":0.0,"max_hp_gain":0.0,"max_hp_loss":0.0,"gold_gain":0.0,"event_name":"Colosseum","player_choice":"Fight","floor":19.0,"gold_loss":0.0,"damage_taken":0.0},{"damage_healed":0.0,"max_hp_gain":0.0,"max_hp_loss":0.0,"gold_gain":0.0,"event_name":"Colosseum","player_choice":"Fought Nobs","floor":19.0,"gold_loss":0.0,"damage_taken":0.0},{"damage_healed":26.0,"max_hp_gain":0.0,"max_hp_loss":0.0,"gold_gain":0.0,"event_name":"The Library","player_choice":"Heal","floor":20.0,"gold_loss":0.0,"damage_taken":0.0},{"damage_healed":0.0,"max_hp_gain":0.0,"max_hp_loss":0.0,"gold_gain":0.0,"event_name":"Cursed Tome","player_choice":"Obtained Book","floor":30.0,"gold_loss":0.0,"damage_taken":16.0}],"is_beta":false,"boss_relics":[{"not_picked":["Orrery","Velvet Choker","Ectoplasm"]}],"items_purged_floors":[4,29],"is_endless":false,"potions_floor_spawned":[1,8,11,12,19,24],"killed_by":"Collector","ascension_level":0}