{"gold_per_floor":[132,172,231,248,300,334,184,243,243,243,282,356,356],"floor_reached":13,"playtime":828,"items_purged":["Normality"],"score":159,"play_id":"913bd22f-9335-4dcc-bbd1-58ed243ab422","local_time":"20191009120555","is_ascension_mode":true,"campfire_choices":[{"floor":10,"key":"REST"}],"neow_cost":"CURSE","seed_source_timestamp":3075162206100,"circlet_count":0,"master_deck":["AscendersBane","Strike_B","Strike_B","Strike_B","Strike_B","Defend_B","Defend_B","Defend_B","Defend_B","Zap","Dualcast","HandOfGreed","Conserve Battery","Conserve Battery","Hologram","Defragment","Go for the Eyes","Chill","Loop","Glacier","Hologram"],"special_seed":0,"relics":["Cracked Core","Prayer Wheel","Darkstone Periapt"],"potions_floor_usage":[6,13],"damage_taken":[{"damage":4.0,"enemies":"Jaw Worm","floor":1.0,"turns":3.0},{"damage":0.0,"enemies":"Cultist","floor":2.0,"turns":3.0},{"damage":3.0,"enemies":"Small Slimes","floor":3.0,"turns":4.0},{"damage":7.0,"enemies":"Looter","floor":4.0,"turns":4.0},{"damage":16.0,"enemies":"Exordium Wildlife","floor":5.0,"turns":4.0},{"damage":24,"enemies":"Gremlin Nob","floor":6,"turns":4},{"damage":0,"enemies":"2 Fungi Beasts","floor":8,"turns":5},{"damage":7,"enemies":"Looter","floor":11,"turns":4},{"damage":23,"enemies":"Gremlin Gang","floor":12,"turns":7},{"damage":3,"enemies":"Blue Slaver","floor":13,"turns":1}],"seed_played":"-4215100507393554397","potions_obtained":[{"floor":3.0,"key":"Strength Potion"},{"floor":5.0,"key":"Dexterity Potion"},{"floor":6,"key":"LiquidBronze"}],"is_trial":false,"path_per_floor":["M","M","M","M","M","E","$","M","T","R","M","M","M"],"character_chosen":"DEFECT","items_purchased":["Chill"],"campfire_rested":1,"item_purchase_floors":[7],"current_hp_per_floor":[60,60,57,50,34,10,10,10,10,31,24,1,0],"gold":356,"neow_bonus":"RANDOM_COLORLESS_2","is_prod":false,"is_daily":false,"chose_seed":false,"campfire_upgraded":0,"win_rate":0,"timestamp":1570615555,"path_taken":["M","M","M","M","M","E","$","M","T","R","M","M","M"],"build_version":"2019-10-08","purchased_purges":1,"victory":false,"max_hp_per_floor":[71,71,71,71,71,71,71,71,71,71,71,71,71],"card_choices":[{"not_picked":["Apotheosis","Mayhem"],"picked":"HandOfGreed","floor":0.0},{"not_picked":["Consume","Compile Driver"],"picked":"Conserve Battery","floor":1.0},{"not_picked":["Steam","Consume"],"picked":"Conserve Battery","floor":2.0},{"not_picked":["Cold Snap","Beam Cell"],"picked":"Hologram","floor":3.0},{"not_picked":["Gash","Biased Cognition"],"picked":"Defragment","floor":4.0},{"not_picked":["Sweeping Beam","Gash"],"picked":"Go for the Eyes","floor":5.0},{"not_picked":["Go for the Eyes","Stack","Auto Shields"],"picked":"SKIP","floor":6},{"not_picked":["Ball Lightning","Core Surge"],"picked":"Loop","floor":8},{"not_picked":["Darkness","Rip and Tear","Force Field"],"picked":"SKIP","floor":8},{"not_picked":["Recycle","Doom and Gloom"],"picked":"Glacier","floor":11},{"not_picked":["Barrage","Chaos","Melter"],"picked":"SKIP","floor":11},{"not_picked":["Compile Driver","Stack"],"picked":"Hologram","floor":12},{"not_picked":["Force Field","Sweeping Beam","Auto Shields"],"picked":"SKIP","floor":12}],"player_experience":977623,"relics_obtained":[{"floor":6,"key":"Prayer Wheel"},{"floor":9,"key":"Darkstone Periapt"}],"event_choices":[],"is_beta":true,"boss_relics":[],"items_purged_floors":[7],"is_endless":false,"potions_floor_spawned":[3,5,6,11,12],"killed_by":"Blue Slaver","ascension_level":15}