{"gold_per_floor":[110,125,125,4,22,54,54,54,54,89,100,117,146,166,166,263,263,283,733,744,107,107,107,122,122,122,156,176,176,203,213,213,311,311,327,327,327,343,363,363,375,402,402,402,418,418,429,448,448,448,448,448,52,83,83],"floor_reached":56,"playtime":3979,"items_purged":["Strike_B"],"score":1366,"play_id":"30a92cd0-613c-420d-ac19-41cba3ffc3f9","local_time":"20190601003203","is_ascension_mode":false,"campfire_choices":[{"data":"Defragment","floor":7.0,"key":"SMITH"},{"data":"1","floor":15.0,"key":"LIFT"},{"data":"2","floor":23.0,"key":"LIFT"},{"floor":25.0,"key":"REST"},{"data":"3","floor":29.0,"key":"LIFT"},{"data":"Apotheosis","floor":32.0,"key":"SMITH"},{"floor":40.0,"key":"RECALL"},{"data":"Fission","floor":44,"key":"SMITH"},{"data":"Panacea","floor":46,"key":"SMITH"},{"data":"Biased Cognition","floor":49,"key":"SMITH"},{"data":"Coolheaded","floor":52,"key":"SMITH"}],"neow_cost":"NONE","seed_source_timestamp":4609720489926,"circlet_count":0,"master_deck":["Strike_B","Strike_B","Defend_B","Defend_B","Defend_B","Defend_B+1","Zap+1","Dualcast","Sweeping Beam","Steam","All For One","Defragment+1","Glacier","Coolheaded+1","Beam Cell","Genetic Algorithm","Hologram","Coolheaded+1","Biased Cognition+1","Loop","Self Repair","Apotheosis+1","Glacier","BootSequence+1","Compile Driver","Undo","Electrodynamics","Coolheaded","Panacea+1","Dark Shackles","Undo+1","Loop+1","Fission+1","Coolheaded","Glacier","Defragment","Ball Lightning","Capacitor"],"special_seed":0,"relics":["Cracked Core","Bottled Tornado","Dodecahedron","Gremlin Horn","Girya","Centennial Puzzle","Sozu","Mercury Hourglass","Happy Flower","MutagenicStrength","Bird Faced Urn","War Paint","Blood Vial","Coffee Dripper","Ginger","Emotion Chip","Pear"],"potions_floor_usage":[55,55],"damage_taken":[{"damage":0.0,"enemies":"2 Louse","floor":1.0,"turns":2.0},{"damage":6.0,"enemies":"Cultist","floor":2.0,"turns":3.0},{"damage":0.0,"enemies":"Jaw Worm","floor":5.0,"turns":3.0},{"damage":12.0,"enemies":"Lagavulin","floor":6.0,"turns":8.0},{"damage":7.0,"enemies":"3 Sentries","floor":10.0,"turns":6.0},{"damage":0.0,"enemies":"Exordium Wildlife","floor":11.0,"turns":2.0},{"damage":1.0,"enemies":"Red Slaver","floor":12.0,"turns":4.0},{"damage":9.0,"enemies":"Gremlin Nob","floor":13.0,"turns":3.0},{"damage":0.0,"enemies":"Blue Slaver","floor":14.0,"turns":3.0},{"damage":20.0,"enemies":"The Guardian","floor":16.0,"turns":14.0},{"damage":16.0,"enemies":"3 Byrds","floor":18.0,"turns":4.0},{"damage":0.0,"enemies":"Shell Parasite","floor":20.0,"turns":8.0},{"damage":5.0,"enemies":"Snake Plant","floor":24.0,"turns":4.0},{"damage":14.0,"enemies":"Book of Stabbing","floor":27.0,"turns":4.0},{"damage":0.0,"enemies":"Cultist and Chosen","floor":28.0,"turns":7.0},{"damage":0.0,"enemies":"Gremlin Leader","floor":30.0,"turns":6.0},{"damage":0.0,"enemies":"3 Cultists","floor":31.0,"turns":3.0},{"damage":6.0,"enemies":"Automaton","floor":33.0,"turns":11.0},{"damage":0.0,"enemies":"3 Shapes","floor":35.0,"turns":4.0},{"damage":0.0,"enemies":"3 Darklings","floor":38.0,"turns":3.0},{"damage":0.0,"enemies":"Spire Growth","floor":39.0,"turns":3.0},{"damage":0.0,"enemies":"Transient","floor":41.0,"turns":5.0},{"damage":0.0,"enemies":"Giant Head","floor":42.0,"turns":11.0},{"damage":6,"enemies":"4 Shapes","floor":45,"turns":3},{"damage":0,"enemies":"Writhing Mass","floor":47,"turns":4},{"damage":0,"enemies":"Jaw Worm Horde","floor":48,"turns":3},{"damage":0,"enemies":"Donu and Deca","floor":50,"turns":11},{"damage":0,"enemies":"Shield and Spear","floor":54,"turns":6},{"damage":39,"enemies":"The Heart","floor":55,"turns":15}],"seed_played":"2232647520318302004","potions_obtained":[{"floor":1.0,"key":"SpeedPotion"},{"floor":5.0,"key":"FocusPotion"},{"floor":12.0,"key":"Regen Potion"}],"is_trial":false,"path_per_floor":["M","M","?","$","M","E","R","?","T","E","M","M","E","M","R","B",null,"M","?","M","$","?","R","M","R","T","E","M","R","E","M","R","B",null,"M","?","?","M","M","R","M","E","T","R","M","R","M","M","R","B",null,"R","$","E","B",null],"character_chosen":"DEFECT","items_purchased":["Defragment","Fire Potion","Mercury Hourglass","Apotheosis","Happy Flower","Emotion Chip","Defragment","Ball Lightning"],"campfire_rested":1,"item_purchase_floors":[4,4,21,21,21,53,53,53],"current_hp_per_floor":[75,69,69,69,69,57,57,50,50,43,43,42,33,33,33,13,75,59,17,32,32,32,32,37,59,59,51,69,69,75,75,75,75,75,75,65,58,75,75,75,75,75,75,75,75,75,75,75,75,75,75,75,75,85,68],"gold":83,"neow_bonus":"UPGRADE_CARD","is_prod":false,"is_daily":false,"chose_seed":false,"campfire_upgraded":6,"win_rate":0,"timestamp":1559341923,"path_taken":["M","M","?","$","?","E","R","?","T","E","M","M","E","M","R","BOSS","M","?","?","$","?","R","M","R","T","E","M","R","E","M","R","BOSS","M","?","?","M","M","R","M","E","T","R","?","R","M","M","R","BOSS","R","$","E","BOSS"],"build_version":"2019-01-23","purchased_purges":1,"victory":true,"max_hp_per_floor":[75,75,75,75,75,75,75,75,75,75,75,75,75,75,75,75,75,75,75,75,75,75,75,75,75,75,75,75,75,75,75,75,75,75,75,75,75,75,75,75,75,75,75,75,75,75,75,75,75,75,75,75,75,85,85],"card_choices":[{"not_picked":["White Noise","Barrage"],"picked":"Sweeping Beam","floor":1.0},{"not_picked":["Fusion","Go for the Eyes"],"picked":"Steam","floor":2.0},{"not_picked":["Sunder","Rebound"],"picked":"Glacier","floor":5.0},{"not_picked":["Stack","Reinforced Body"],"picked":"Coolheaded","floor":6.0},{"not_picked":["Scrape","Sweeping Beam"],"picked":"Beam Cell","floor":10.0},{"not_picked":["Barrage","Static Discharge"],"picked":"Genetic Algorithm","floor":11.0},{"not_picked":["Undo","Rebound"],"picked":"Hologram","floor":12.0},{"not_picked":["Redo","Ball Lightning"],"picked":"Coolheaded","floor":13.0},{"not_picked":["Meteor Strike","Go for the Eyes","Sweeping Beam"],"picked":"SKIP","floor":14.0},{"not_picked":["Amplify","Thunder Strike"],"picked":"Biased Cognition","floor":16.0},{"not_picked":["Go for the Eyes+1","Compile Driver"],"picked":"Loop","floor":18.0},{"not_picked":["Beam Cell","Recycle"],"picked":"Self Repair","floor":20.0},{"not_picked":["Compile Driver","Go for the Eyes+1"],"picked":"Glacier","floor":24.0},{"not_picked":["Beam Cell","Sweeping Beam"],"picked":"BootSequence+1","floor":27.0},{"not_picked":["Auto Shields","Go for the Eyes"],"picked":"Compile Driver","floor":28.0},{"not_picked":["Hyperbeam","Rebound","Cold Snap"],"picked":"SKIP","floor":30.0},{"not_picked":["Gash","Sweeping Beam"],"picked":"Undo","floor":31.0},{"not_picked":["Hyperbeam","Amplify"],"picked":"Electrodynamics","floor":33.0},{"not_picked":["Beam Cell","BootSequence"],"picked":"Coolheaded","floor":35.0},{"not_picked":["Mind Blast","Magnetism"],"picked":"Panacea","floor":36.0},{"not_picked":["Swift Strike","Chrysalis"],"picked":"Dark Shackles","floor":36.0},{"not_picked":["Heatsinks+1","Storm+1"],"picked":"Undo+1","floor":38.0},{"not_picked":["Steam","Cold Snap","Blizzard"],"picked":"SKIP","floor":39.0},{"not_picked":["Compile Driver+1","Hologram"],"picked":"Loop+1","floor":41.0},{"not_picked":["Heatsinks","Leap+1"],"picked":"Fission","floor":42.0},{"not_picked":["Hologram","Redo"],"picked":"Coolheaded","floor":45},{"not_picked":["Consume","Beam Cell"],"picked":"Glacier","floor":47},{"not_picked":["Go for the Eyes","Turbo+1","Streamline"],"picked":"SKIP","floor":48},{"not_picked":["Go for the Eyes","Turbo+1","Streamline"],"picked":"SKIP","floor":48},{"not_picked":["Beam Cell+1","Stack"],"picked":"Capacitor","floor":54}],"player_experience":397490,"relics_obtained":[{"floor":6.0,"key":"Bottled Tornado"},{"floor":9.0,"key":"Gremlin Horn"},{"floor":10.0,"key":"Girya"},{"floor":13.0,"key":"Centennial Puzzle"},{"floor":26.0,"key":"Bird Faced Urn"},{"floor":27.0,"key":"War Paint"},{"floor":30.0,"key":"Blood Vial"},{"floor":42.0,"key":"Ginger"},{"floor":54,"key":"Pear"}],"event_choices":[{"damage_healed":0.0,"max_hp_gain":0.0,"max_hp_loss":0.0,"gold_gain":0.0,"cards_transformed":["Strike_B"],"event_name":"Transmorgrifier","player_choice":"Transformed","floor":3.0,"gold_loss":0.0,"damage_taken":0.0,"cards_obtained":["All For One"]},{"damage_healed":0.0,"max_hp_gain":0.0,"max_hp_loss":0.0,"gold_gain":0.0,"event_name":"Scrap Ooze","player_choice":"Success","floor":8.0,"gold_loss":0.0,"damage_taken":7.0,"relics_obtained":["Dodecahedron"]},{"damage_healed":0.0,"max_hp_gain":0.0,"max_hp_loss":0.0,"gold_gain":450.0,"event_name":"Knowing Skull","player_choice":"GOLD GOLD GOLD GOLD GOLD ","floor":19.0,"potions_obtained":[],"gold_loss":0.0,"damage_taken":42.0,"cards_obtained":[]},{"damage_healed":0.0,"max_hp_gain":0.0,"max_hp_loss":0.0,"gold_gain":0.0,"event_name":"Drug Dealer","player_choice":"Inject Mutagens","floor":22.0,"gold_loss":0.0,"damage_taken":0.0,"relics_obtained":["MutagenicStrength"]},{"damage_healed":0.0,"max_hp_gain":0.0,"max_hp_loss":0.0,"gold_gain":0.0,"event_name":"SensoryStone","player_choice":"Memory 3","floor":36.0,"gold_loss":0.0,"damage_taken":10.0},{"damage_healed":0.0,"max_hp_gain":0.0,"max_hp_loss":0.0,"gold_gain":0.0,"event_name":"Wheel of Change","player_choice":"Damaged","floor":37.0,"gold_loss":0.0,"damage_taken":7.0}],"is_beta":false,"boss_relics":[{"not_picked":["Runic Dome","Calling Bell"],"picked":"Sozu"},{"not_picked":["Nuclear Battery","Cursed Key"],"picked":"Coffee Dripper"}],"items_purged_floors":[21],"is_endless":false,"potions_floor_spawned":[1,5,12,13,16,24,27,28,35,41,42,47,48],"ascension_level":0}