{"gold_per_floor":[115,132,132,132,57,57,90,90,90,51,62,94,94,104,104,176,176,188,206,156,19,19,44,44,44,44,44,76,76,76,90,90,164,164,184,197,252,252,252,252,277,290,290,390,390,41,52,77,77,77,77],"floor_reached":52,"playtime":3681,"items_purged":["Regret","Strike_G"],"score":1954,"play_id":"e324eb92-39d0-4850-9c3a-0a84798e5bbc","local_time":"20190617192734","is_ascension_mode":true,"campfire_choices":[{"floor":6.0,"key":"REST"},{"floor":13.0,"key":"REST"},{"data":"Malaise","floor":15.0,"key":"SMITH"},{"data":"Corpse Explosion","floor":24.0,"key":"SMITH"},{"data":"Leg Sweep","floor":27.0,"key":"SMITH"},{"data":"Crippling Poison","floor":29.0,"key":"SMITH"},{"data":"Footwork","floor":32.0,"key":"SMITH"},{"floor":40.0,"key":"REST"},{"data":"Dark Shackles","floor":45.0,"key":"SMITH"},{"data":"Catalyst","floor":49,"key":"SMITH"}],"neow_cost":"NONE","seed_source_timestamp":441209296194390,"circlet_count":0,"master_deck":["AscendersBane","Defend_G+1","Defend_G+1","Defend_G+1","Defend_G+1","Defend_G+1","Strike_G+1","Strike_G+1","Strike_G+1","Survivor","Neutralize","Footwork+1","Deadly Poison","Crippling Poison+1","Footwork","Dodge and Roll","Malaise+1","Deflect","Corpse Explosion+1","Deadly Poison+1","Crippling Poison+1","Footwork","Leg Sweep+1","Caltrops","Bouncing Flask+1","Adrenaline","Backflip","Dark Shackles","Dark Shackles+1","Noxious Fumes","Catalyst+1","Backflip"],"special_seed":0,"relics":["Ring of the Snake","NeowsBlessing","Gremlin Horn","Gambling Chip","Juzu Bracelet","Incense Burner","Velvet Choker","Mango","Omamori","Pantograph","Busted Crown","Thread and Needle","Regal Pillow","Singing Bowl","Torii","Chemical X","Orichalcum"],"potions_floor_usage":[50],"damage_taken":[{"damage":0.0,"enemies":"Jaw Worm","floor":1.0,"turns":1.0},{"damage":0.0,"enemies":"Small Slimes","floor":2.0,"turns":2.0},{"damage":0.0,"enemies":"Lagavulin","floor":7.0,"turns":1.0},{"damage":5.0,"enemies":"2 Louse","floor":11.0,"turns":2.0},{"damage":37.0,"enemies":"Gremlin Nob","floor":12.0,"turns":5.0},{"damage":10.0,"enemies":"Exordium Thugs","floor":14.0,"turns":4.0},{"damage":9.0,"enemies":"Hexaghost","floor":16.0,"turns":14.0},{"damage":6.0,"enemies":"Spheric Guardian","floor":18.0,"turns":4.0},{"damage":0.0,"enemies":"2 Thieves","floor":19.0,"turns":4.0},{"damage":11.0,"enemies":"Book of Stabbing","floor":23.0,"turns":8.0},{"damage":5.0,"enemies":"Gremlin Leader","floor":28.0,"turns":9.0},{"damage":7.0,"enemies":"Shelled Parasite and Fungi","floor":31.0,"turns":7.0},{"damage":18.0,"enemies":"Collector","floor":33.0,"turns":9.0},{"damage":3.0,"enemies":"3 Darklings","floor":35.0,"turns":4.0},{"damage":7.0,"enemies":"Orb Walker","floor":36.0,"turns":4.0},{"damage":33.0,"enemies":"2 Orb Walkers","floor":37.0,"turns":5.0},{"damage":7.0,"enemies":"Giant Head","floor":41.0,"turns":10.0},{"damage":2.0,"enemies":"Writhing Mass","floor":42.0,"turns":7.0},{"damage":0.0,"enemies":"Mind Bloom Boss Battle","floor":44.0,"turns":7.0},{"damage":10.0,"enemies":"Transient","floor":47.0,"turns":6.0},{"damage":0,"enemies":"Reptomancer","floor":48,"turns":8},{"damage":12,"enemies":"Time Eater","floor":50,"turns":15},{"damage":26,"enemies":"Donu and Deca","floor":51,"turns":8}],"seed_played":"6595834236670873504","potions_obtained":[{"floor":11.0,"key":"Strength Potion"},{"floor":16.0,"key":"Ancient Potion"},{"floor":19.0,"key":"GhostInAJar"},{"floor":42.0,"key":"Dexterity Potion"}],"is_trial":false,"path_per_floor":["M","M","?","?","$","R","E","?","T","$","M","E","R","M","R","B",null,"M","M","?","$","?","E","R","?","T","R","E","R","?","M","R","B",null,"M","M","?","?","?","R","E","M","T","?","R","$","M","E","R","B","B",null],"character_chosen":"THE_SILENT","items_purchased":["Footwork","Footwork","Noxious Fumes","Catalyst","Chemical X"],"campfire_rested":3,"item_purchase_floors":[10,21,46,46,46],"current_hp_per_floor":[59,59,39,39,39,58,58,58,58,58,53,16,35,25,25,16,54,48,48,48,48,48,51,51,51,51,51,46,46,46,39,39,46,72,69,62,29,19,19,43,36,34,34,61,61,61,51,53,53,66,58],"gold":77,"neow_bonus":"THREE_ENEMY_KILL","is_prod":false,"is_daily":false,"chose_seed":false,"campfire_upgraded":7,"win_rate":0,"timestamp":1560792454,"path_taken":["M","M","?","?","?","R","E","?","T","$","M","E","R","M","R","BOSS","M","M","?","?","?","E","R","?","T","R","E","R","?","M","R","BOSS","M","M","?","?","?","R","E","M","T","?","R","?","M","E","R","BOSS","BOSS"],"build_version":"2019-01-23","purchased_purges":2,"victory":true,"max_hp_per_floor":[66,66,66,66,66,66,66,66,66,66,66,66,66,66,66,66,66,66,66,66,66,66,80,80,80,80,80,80,80,80,80,80,80,80,80,80,80,80,80,80,80,80,80,82,82,82,82,84,84,84,84],"card_choices":[{"not_picked":["Backflip","Sucker Punch"],"picked":"Footwork","floor":1.0},{"not_picked":["Blade Dance","Prepared"],"picked":"Deadly Poison","floor":2.0},{"not_picked":["Quick Slash","Dagger Throw"],"picked":"Crippling Poison","floor":7.0},{"not_picked":["Blade Dance","PiercingWail"],"picked":"Dodge and Roll","floor":11.0},{"not_picked":["Poisoned Stab","Footwork"],"picked":"Malaise","floor":12.0},{"not_picked":["Bane","Terror"],"picked":"Deflect","floor":14.0},{"not_picked":["Night Terror","Unload"],"picked":"Corpse Explosion","floor":16.0},{"not_picked":["Slice","Concentrate"],"picked":"Deadly Poison+1","floor":18.0},{"not_picked":["Calculated Gamble","Outmaneuver"],"picked":"Crippling Poison","floor":19.0},{"not_picked":["Backflip","Caltrops"],"picked":"Leg Sweep","floor":23.0},{"not_picked":["Cloak And Dagger","Acrobatics"],"picked":"Caltrops","floor":28.0},{"not_picked":["Deflect","Distraction"],"picked":"Bouncing Flask+1","floor":31.0},{"not_picked":["Corpse Explosion","Bullet Time"],"picked":"Adrenaline","floor":33.0},{"not_picked":["Underhanded Strike"],"picked":"SKIP","floor":35.0},{"not_picked":["Backstab"],"picked":"SKIP","floor":36.0},{"not_picked":[],"picked":"Backflip","floor":37.0},{"not_picked":[],"picked":"Dark Shackles","floor":38.0},{"not_picked":[],"picked":"Dark Shackles","floor":38.0},{"not_picked":["Underhanded Strike+1"],"picked":"SKIP","floor":41.0},{"not_picked":["Slice+1"],"picked":"SKIP","floor":42.0},{"not_picked":["Deadly Poison"],"picked":"Singing Bowl","floor":44.0},{"not_picked":[],"picked":"Backflip","floor":47.0},{"not_picked":["Setup"],"picked":"Singing Bowl","floor":48}],"player_experience":545135,"relics_obtained":[{"floor":7.0,"key":"Gambling Chip"},{"floor":9.0,"key":"Juzu Bracelet"},{"floor":12.0,"key":"Incense Burner"},{"floor":23.0,"key":"Mango"},{"floor":26.0,"key":"Omamori"},{"floor":28.0,"key":"Pantograph"},{"floor":37.0,"key":"Thread and Needle"},{"floor":41.0,"key":"Regal Pillow"},{"floor":43.0,"key":"Singing Bowl"},{"floor":44.0,"key":"Torii"},{"floor":48,"key":"Orichalcum"}],"event_choices":[{"damage_healed":0.0,"max_hp_gain":0.0,"max_hp_loss":0.0,"gold_gain":0.0,"event_name":"Shining Light","player_choice":"Entered Light","floor":3.0,"gold_loss":0.0,"damage_taken":20.0,"cards_upgraded":["Strike_G","Strike_G"]},{"damage_healed":0.0,"max_hp_gain":0.0,"max_hp_loss":0.0,"gold_gain":0.0,"event_name":"Big Fish","player_choice":"Box","floor":4.0,"gold_loss":0.0,"damage_taken":0.0,"relics_obtained":["Gremlin Horn"],"cards_obtained":["Regret"]},{"damage_healed":0.0,"max_hp_gain":0.0,"max_hp_loss":0.0,"gold_gain":0.0,"event_name":"Living Wall","player_choice":"Grow","floor":8.0,"gold_loss":0.0,"damage_taken":0.0,"cards_upgraded":["Crippling Poison"]},{"damage_healed":0.0,"max_hp_gain":0.0,"max_hp_loss":0.0,"gold_gain":0.0,"event_name":"The Joust","player_choice":"Bet on Murderer","floor":20.0,"gold_loss":50.0,"damage_taken":0.0},{"damage_healed":0.0,"max_hp_gain":0.0,"max_hp_loss":0.0,"gold_gain":0.0,"event_name":"Ghosts","player_choice":"Ignored","floor":22.0,"gold_loss":0.0,"damage_taken":0.0},{"damage_healed":0.0,"max_hp_gain":0.0,"max_hp_loss":0.0,"gold_gain":0.0,"event_name":"Back to Basics","player_choice":"Simplicity","floor":25.0,"gold_loss":0.0,"damage_taken":0.0,"cards_upgraded":["Defend_G","Defend_G","Defend_G","Defend_G","Defend_G","Strike_G","Strike_G"]},{"cards_removed":["Strike_G"],"damage_healed":0.0,"max_hp_gain":0.0,"max_hp_loss":0.0,"gold_gain":0.0,"event_name":"Purifier","player_choice":"Purged","floor":30.0,"gold_loss":0.0,"damage_taken":0.0},{"damage_healed":0.0,"max_hp_gain":0.0,"max_hp_loss":0.0,"gold_gain":0.0,"event_name":"Mysterious Sphere","player_choice":"Fight","floor":37.0,"gold_loss":0.0,"damage_taken":0.0},{"damage_healed":0.0,"max_hp_gain":0.0,"max_hp_loss":0.0,"gold_gain":0.0,"event_name":"SensoryStone","player_choice":"Memory 3","floor":38.0,"gold_loss":0.0,"damage_taken":10.0},{"damage_healed":0.0,"max_hp_gain":0.0,"max_hp_loss":0.0,"gold_gain":0.0,"event_name":"Tomb of Lord Red Mask","player_choice":"Ignored","floor":39.0,"gold_loss":0.0,"damage_taken":0.0},{"damage_healed":0.0,"max_hp_gain":0.0,"max_hp_loss":0.0,"gold_gain":0.0,"event_name":"MindBloom","player_choice":"Fight","floor":44.0,"gold_loss":0.0,"damage_taken":0.0}],"is_beta":false,"boss_relics":[{"not_picked":["Lizard Tail","Runic Pyramid"],"picked":"Velvet Choker"},{"not_picked":["Pandora\u0027s Box","Coffee Dripper"],"picked":"Busted Crown"}],"items_purged_floors":[5,21],"is_endless":false,"potions_floor_spawned":[11,16,18,19,28,31,35,42,44,48],"ascension_level":20}