{"gold_per_floor":[113,113,131,150,164,164,189,189,189,189,205,221,255,25,25,102,102,113,113,113,13,13,13,45,45,68,68,88,88,122,122,122,201,201,219,219,219,229,229,329,329,358,358,358,408,408,115,130,130,130],"floor_reached":51,"playtime":2776,"items_purged":["Strike_R","Sever Soul"],"score":1458,"play_id":"63afa5cc-46ce-4773-b739-76a7653d3da3","local_time":"20190623225502","is_ascension_mode":true,"campfire_choices":[{"data":"Flame Barrier","floor":6.0,"key":"SMITH"},{"data":"Bash","floor":10.0,"key":"SMITH"},{"floor":15.0,"key":"REST"},{"data":"True Grit","floor":23.0,"key":"SMITH"},{"data":"Body Slam","floor":25.0,"key":"SMITH"},{"data":"Sentinel","floor":27.0,"key":"SMITH"},{"data":"Seeing Red","floor":29.0,"key":"SMITH"},{"floor":32.0,"key":"REST"},{"floor":41,"key":"REST"},{"floor":44,"key":"REST"},{"floor":46,"key":"REST"},{"floor":49,"key":"REST"}],"neow_cost":"NONE","seed_source_timestamp":308341983075390,"circlet_count":0,"master_deck":["AscendersBane","Bash+1","Flame Barrier+1","True Grit+1","Thunderclap","Battle Trance","Feed","Body Slam+1","Feel No Pain+1","Inflame+1","Impervious","Barricade+1","Sever Soul","Warcry","Reckless Charge","Sentinel+1","Seeing Red+1","True Grit","Evolve+1","Offering","Enlightenment","Feel No Pain+1","Body Slam+1","Clothesline+1","Disarm","Flame Barrier+1"],"special_seed":0,"relics":["Burning Blood","Blood Vial","Frozen Egg 2","Paper Frog","Oddly Smooth Stone","Pandora\u0027s Box","Juzu Bracelet","WarpedTongs","Molten Egg 2","Vajra","Dream Catcher","Fusion Hammer","Spirit Poop","Mango","Pen Nib","Mummified Hand","DollysMirror"],"potions_floor_usage":[50,50],"damage_taken":[{"damage":0.0,"enemies":"Small Slimes","floor":1.0,"turns":4.0},{"damage":1.0,"enemies":"2 Louse","floor":3.0,"turns":4.0},{"damage":1.0,"enemies":"Cultist","floor":4.0,"turns":3.0},{"damage":22.0,"enemies":"Exordium Thugs","floor":5.0,"turns":7.0},{"damage":14.0,"enemies":"3 Sentries","floor":7.0,"turns":8.0},{"damage":0.0,"enemies":"Looter","floor":11.0,"turns":4.0},{"damage":27.0,"enemies":"Lots of Slimes","floor":12.0,"turns":5.0},{"damage":34.0,"enemies":"Gremlin Nob","floor":13.0,"turns":4.0},{"damage":40.0,"enemies":"Hexaghost","floor":16.0,"turns":11.0},{"damage":6.0,"enemies":"3 Byrds","floor":18.0,"turns":4.0},{"damage":12.0,"enemies":"Gremlin Leader","floor":24.0,"turns":7.0},{"damage":19.0,"enemies":"2 Thieves","floor":28.0,"turns":4.0},{"damage":22.0,"enemies":"Slavers","floor":30.0,"turns":4.0},{"damage":0.0,"enemies":"3 Cultists","floor":31.0,"turns":1.0},{"damage":44.0,"enemies":"Collector","floor":33.0,"turns":8.0},{"damage":14.0,"enemies":"3 Darklings","floor":35.0,"turns":5.0},{"damage":13.0,"enemies":"Orb Walker","floor":38.0,"turns":4.0},{"damage":0,"enemies":"Mind Bloom Boss Battle","floor":40,"turns":6},{"damage":6,"enemies":"Reptomancer","floor":42,"turns":5},{"damage":6,"enemies":"Transient","floor":48,"turns":5},{"damage":6,"enemies":"Awakened One","floor":50,"turns":11}],"seed_played":"6852851757465052976","potions_obtained":[{"floor":3.0,"key":"PowerPotion"},{"floor":4.0,"key":"SteroidPotion"},{"floor":8.0,"key":"SteroidPotion"},{"floor":12.0,"key":"Ancient Potion"},{"floor":24.0,"key":"Weak Potion"},{"floor":28.0,"key":"SmokeBomb"},{"floor":35.0,"key":"Energy Potion"},{"floor":40,"key":"Strength Potion"}],"is_trial":false,"path_per_floor":["M","?","M","M","M","R","E","?","T","R","M","M","E","$","R","B",null,"M","?","?","$","?","R","E","R","T","R","M","R","E","M","R","B",null,"M","?","?","M","?","?","R","E","T","R","?","R","$","M","R","B",null],"character_chosen":"IRONCLAD","items_purchased":["Impervious","Disarm","DollysMirror"],"campfire_rested":6,"item_purchase_floors":[14,47,47],"current_hp_per_floor":[75,68,75,75,59,59,53,53,53,53,64,48,22,22,46,17,67,69,69,69,69,69,69,69,69,69,69,61,61,47,55,82,46,80,77,77,77,75,75,100,114,117,117,117,106,117,117,117,117,120],"gold":130,"neow_bonus":"RANDOM_COMMON_RELIC","is_prod":false,"is_daily":false,"chose_seed":false,"campfire_upgraded":6,"win_rate":0,"timestamp":1561344902,"path_taken":["M","?","M","M","M","R","E","?","T","R","?","M","E","?","R","BOSS","M","?","?","$","?","R","E","R","T","R","M","R","E","M","R","BOSS","M","?","?","M","?","?","R","E","T","R","?","R","$","M","R","BOSS"],"build_version":"2019-01-23","purchased_purges":2,"victory":true,"max_hp_per_floor":[75,75,75,75,75,75,75,75,75,75,78,81,81,81,81,84,84,84,84,84,84,84,84,88,88,88,88,91,91,91,91,91,91,91,94,94,94,97,97,114,114,117,117,117,117,117,117,117,117,120],"card_choices":[{"not_picked":["Wild Strike","Sentinel"],"picked":"Flame Barrier","floor":1.0},{"not_picked":["Sentinel","Cleave"],"picked":"True Grit","floor":3.0},{"not_picked":["True Grit","Flex"],"picked":"Thunderclap","floor":4.0},{"not_picked":["Wild Strike","True Grit"],"picked":"Battle Trance","floor":5.0},{"not_picked":["Second Wind","Seeing Red"],"picked":"Feed","floor":7.0},{"not_picked":["Iron Wave","Dual Wield"],"picked":"Body Slam","floor":11.0},{"not_picked":["Flex","Heavy Blade"],"picked":"Feel No Pain+1","floor":12.0},{"not_picked":["Pommel Strike","Cleave"],"picked":"Inflame+1","floor":13.0},{"not_picked":["Impervious","Reaper"],"picked":"Barricade+1","floor":16.0},{"not_picked":["Whirlwind","True Grit"],"picked":"Evolve+1","floor":18.0},{"not_picked":["Iron Wave","Bludgeon","Dual Wield"],"picked":"SKIP","floor":24.0},{"not_picked":["Flex","Sword Boomerang+1","Dropkick+1"],"picked":"SKIP","floor":28.0},{"not_picked":["Sever Soul+1","Iron Wave+1","Cleave+1"],"picked":"SKIP","floor":30.0},{"not_picked":["Double Tap","Feed+1"],"picked":"Offering","floor":33.0},{"not_picked":["Sword Boomerang+1","Bloodletting","Armaments"],"picked":"SKIP","floor":35.0},{"not_picked":["Swift Strike+1","Trip"],"picked":"Enlightenment","floor":36.0},{"not_picked":["Wild Strike+1","Sever Soul+1","True Grit"],"picked":"SKIP","floor":38.0},{"not_picked":["Clash+1","Uppercut+1"],"picked":"Feel No Pain+1","floor":41},{"not_picked":["Twin Strike+1","Second Wind"],"picked":"Body Slam+1","floor":42},{"not_picked":["Pommel Strike+1","Wild Strike+1"],"picked":"Clothesline+1","floor":44},{"not_picked":["Berserk+1","Clothesline+1","Flame Barrier"],"picked":"SKIP","floor":48}],"player_experience":1050080,"relics_obtained":[{"floor":7.0,"key":"Frozen Egg 2"},{"floor":9.0,"key":"Paper Frog"},{"floor":13.0,"key":"Oddly Smooth Stone"},{"floor":24.0,"key":"Molten Egg 2"},{"floor":26.0,"key":"Vajra"},{"floor":30.0,"key":"Dream Catcher"},{"floor":40,"key":"Mango"},{"floor":42,"key":"Pen Nib"},{"floor":43,"key":"Mummified Hand"}],"event_choices":[{"cards_removed":["Strike_R"],"damage_healed":0.0,"max_hp_gain":0.0,"max_hp_loss":0.0,"gold_gain":0.0,"event_name":"Golden Wing","player_choice":"Card Removal","floor":2.0,"gold_loss":0.0,"damage_taken":7.0},{"damage_healed":0.0,"max_hp_gain":0.0,"max_hp_loss":0.0,"gold_gain":0.0,"event_name":"Lab","player_choice":"Got Potions","floor":8.0,"gold_loss":0.0,"damage_taken":0.0},{"damage_healed":0.0,"max_hp_gain":0.0,"max_hp_loss":0.0,"gold_gain":0.0,"event_name":"WeMeetAgain","player_choice":"Gave Potion","floor":19.0,"gold_loss":0.0,"damage_taken":0.0,"relics_obtained":["Juzu Bracelet"]},{"damage_healed":0.0,"max_hp_gain":0.0,"max_hp_loss":0.0,"gold_gain":0.0,"event_name":"Ghosts","player_choice":"Ignored","floor":20.0,"gold_loss":0.0,"damage_taken":0.0},{"damage_healed":0.0,"max_hp_gain":0.0,"max_hp_loss":0.0,"gold_gain":0.0,"event_name":"Accursed Blacksmith","player_choice":"Rummage","floor":22.0,"gold_loss":0.0,"damage_taken":0.0,"relics_obtained":["WarpedTongs"],"cards_obtained":["Pain"]},{"damage_healed":0.0,"max_hp_gain":0.0,"max_hp_loss":0.0,"gold_gain":0.0,"event_name":"SensoryStone","player_choice":"Memory 1","floor":36.0,"gold_loss":0.0,"damage_taken":0.0},{"cards_removed":["Pain"],"damage_healed":0.0,"max_hp_gain":0.0,"max_hp_loss":0.0,"gold_gain":0.0,"event_name":"Bonfire Elementals","player_choice":"Offered Curse","floor":37.0,"gold_loss":0.0,"damage_taken":0.0,"relics_obtained":["Spirit Poop"]},{"damage_healed":0.0,"max_hp_gain":0.0,"max_hp_loss":0.0,"gold_gain":0.0,"event_name":"Mysterious Sphere","player_choice":"Ignored","floor":39.0,"gold_loss":0.0,"damage_taken":0.0},{"damage_healed":0,"gold_gain":0,"player_choice":"Fight","damage_taken":0,"max_hp_gain":0,"max_hp_loss":0,"event_name":"MindBloom","floor":40,"gold_loss":0},{"damage_healed":0,"gold_gain":50,"player_choice":"Touch","damage_taken":11,"max_hp_gain":0,"max_hp_loss":0,"event_name":"FaceTrader","floor":45,"gold_loss":0}],"is_beta":false,"boss_relics":[{"not_picked":["Astrolabe","Black Star"],"picked":"Pandora\u0027s Box"},{"not_picked":["Philosopher\u0027s Stone","Coffee Dripper"],"picked":"Fusion Hammer"}],"items_purged_floors":[14,21],"is_endless":false,"potions_floor_spawned":[3,4,5,12,13,24,28,35,40],"ascension_level":16}