{"gold_per_floor":[10,10,23,40,40,40,58,74,124,149,149,149,24,51,51,149,149,160,172,124,124,124,124,159,159,213,213,213,225,225,243,243,343,343,359,359,359,103,119,119,153,153,153,153,165,165,165,184,184,184],"floor_reached":50,"playtime":4396,"items_purged":["Regret","Shame"],"score":521,"play_id":"e61ca3e7-07dc-4b64-8aa8-2b57f29fbe5e","local_time":"20190109221049","is_ascension_mode":false,"campfire_choices":[{"data":"Wild Strike","floor":6,"key":"SMITH"},{"data":"True Grit","floor":12,"key":"SMITH"},{"data":"True Grit","floor":15,"key":"SMITH"},{"data":"Demon Form","floor":23,"key":"SMITH"},{"data":"Metallicize","floor":28,"key":"SMITH"},{"data":"Bash","floor":30,"key":"SMITH"},{"data":"Pommel Strike","floor":32,"key":"SMITH"},{"floor":40,"key":"RECALL"},{"data":"Heavy Blade","floor":42,"key":"SMITH"},{"data":"Double Tap","floor":44,"key":"SMITH"},{"data":"Metallicize","floor":46,"key":"SMITH"},{"data":"Shrug It Off","floor":47,"key":"SMITH"},{"floor":49,"key":"REST"}],"neow_cost":"NO_GOLD","seed_source_timestamp":965923953959438,"circlet_count":0,"master_deck":["Strike_R+1","Strike_R+1","Strike_R+1","Strike_R+1","Defend_R+1","Defend_R+1","Defend_R+1","Defend_R+1","Bash+1","Wild Strike+1","Thunderclap","True Grit+1","Shrug It Off+1","Metallicize+1","True Grit+1","Cleave","Demon Form+1","Fire Breathing+1","Shrug It Off","Heavy Blade+1","Metallicize+1","Pommel Strike+1","Double Tap+1","Clumsy","Uppercut+1","Infernal Blade","Twin Strike+1","Dark Embrace+1","Sword Boomerang+1"],"relics":["Burning Blood","Ginger","Dodecahedron","Omamori","Bag of Preparation","Sozu","Gremlin Horn","StoneCalendar","Ancient Tea Set","Boot","Calling Bell","Dream Catcher","Frozen Egg 2","WingedGreaves","Happy Flower","Singing Bowl","Mummified Hand"],"potions_floor_usage":[50,50],"damage_taken":[{"damage":1,"enemies":"Cultist","floor":1,"turns":3},{"damage":3,"enemies":"Jaw Worm","floor":3,"turns":4},{"damage":5,"enemies":"Small Slimes","floor":4,"turns":3},{"damage":5,"enemies":"Looter","floor":7,"turns":3},{"damage":3,"enemies":"Large Slime","floor":8,"turns":6},{"damage":15,"enemies":"Lagavulin","floor":10,"turns":6},{"damage":21,"enemies":"3 Sentries","floor":14,"turns":10},{"damage":49,"enemies":"The Guardian","floor":16,"turns":13},{"damage":5,"enemies":"Spheric Guardian","floor":18,"turns":4},{"damage":5,"enemies":"Shell Parasite","floor":19,"turns":5},{"damage":33,"enemies":"Slavers","floor":24,"turns":6},{"damage":2,"enemies":"Sentry and Sphere","floor":29,"turns":7},{"damage":1,"enemies":"3 Cultists","floor":31,"turns":4},{"damage":33,"enemies":"Collector","floor":33,"turns":7},{"damage":1,"enemies":"Orb Walker","floor":35,"turns":4},{"damage":5,"enemies":"3 Shapes","floor":39,"turns":7},{"damage":33,"enemies":"Nemesis","floor":41,"turns":7},{"damage":9,"enemies":"Sphere and 2 Shapes","floor":45,"turns":5},{"damage":8,"enemies":"4 Shapes","floor":48,"turns":6},{"damage":75,"enemies":"Awakened One","floor":50,"turns":11}],"seed_played":"-8035370204064978640","potions_obtained":[{"floor":3,"key":"Block Potion"},{"floor":10,"key":"Weak Potion"}],"is_trial":false,"path_per_floor":["M","$","M","M","?","R","M","M","T","E","?","R","$","E","R","B",null,"M","M","$","?","?","R","E","?","T","T","R","M","R","M","R","B",null,"M","?","?","$","M","R","E","R","T","R","M","R","R","M","R","B"],"character_chosen":"IRONCLAD","items_purchased":["Cleave","Heavy Blade","Happy Flower"],"campfire_rested":1,"item_purchase_floors":[13,20,38],"current_hp_per_floor":[80,80,80,80,80,80,80,80,80,71,71,71,71,56,56,13,80,80,80,80,80,80,80,53,53,53,53,53,57,57,62,62,35,80,80,80,80,80,80,80,53,53,53,53,50,50,50,48,72,0],"gold":184,"neow_bonus":"ONE_RARE_RELIC","is_prod":false,"is_daily":false,"chose_seed":false,"campfire_upgraded":11,"win_rate":0,"timestamp":1547089849,"path_taken":["M","$","?","M","?","R","?","M","T","E","?","R","$","E","R","BOSS","M","M","$","?","?","R","E","?","T","?","R","M","R","M","R","BOSS","M","?","?","$","M","R","E","R","T","R","M","R","R","M","R","BOSS"],"build_version":"2019-01-03v4","purchased_purges":2,"victory":false,"max_hp_per_floor":[80,80,80,80,80,80,80,80,80,80,80,80,80,80,80,80,80,80,80,80,80,80,80,80,80,80,80,80,80,80,80,80,80,80,80,80,80,80,80,80,80,80,80,80,80,80,80,80,80,80],"card_choices":[{"not_picked":["Pommel Strike","Headbutt"],"picked":"Wild Strike","floor":1},{"not_picked":["Sword Boomerang","Perfected Strike"],"picked":"Thunderclap","floor":3},{"not_picked":["Wild Strike","Perfected Strike"],"picked":"True Grit","floor":4},{"not_picked":["Wild Strike","Anger"],"picked":"Shrug It Off","floor":7},{"not_picked":["Power Through","Heavy Blade"],"picked":"Metallicize","floor":8},{"not_picked":["Armaments","Bludgeon"],"picked":"True Grit","floor":10},{"not_picked":["Anger","Hemokinesis","Cleave"],"picked":"SKIP","floor":14},{"not_picked":["Double Tap","Limit Break"],"picked":"Demon Form","floor":16},{"not_picked":["Searing Blow","Havoc"],"picked":"Fire Breathing+1","floor":18},{"not_picked":["Clothesline+1","Reckless Charge"],"picked":"Shrug It Off","floor":19},{"not_picked":["Reckless Charge","Fire Breathing"],"picked":"Metallicize","floor":24},{"not_picked":["Headbutt","Corruption"],"picked":"Pommel Strike","floor":29},{"not_picked":["Anger","Headbutt","Warcry+1"],"picked":"SKIP","floor":31},{"not_picked":["Berserk","Feed"],"picked":"Double Tap","floor":33},{"not_picked":["Power Through","Iron Wave"],"picked":"Uppercut+1","floor":35},{"not_picked":["Sentinel","Perfected Strike","Shrug It Off"],"picked":"SKIP","floor":39},{"not_picked":["Body Slam","Spot Weakness"],"picked":"Infernal Blade","floor":41},{"not_picked":["Warcry","Hemokinesis"],"picked":"Twin Strike+1","floor":45},{"not_picked":["Perfected Strike","Shockwave"],"picked":"Dark Embrace+1","floor":48},{"not_picked":["Cleave+1","Pommel Strike+1"],"picked":"Sword Boomerang+1","floor":49}],"player_experience":622669,"relics_obtained":[{"floor":10,"key":"Dodecahedron"},{"floor":14,"key":"Bag of Preparation"},{"floor":24,"key":"Gremlin Horn"},{"floor":26,"key":"Ancient Tea Set"},{"floor":27,"key":"Boot"},{"floor":34,"key":"Dream Catcher"},{"floor":34,"key":"Frozen Egg 2"},{"floor":34,"key":"WingedGreaves"},{"floor":41,"key":"Singing Bowl"},{"floor":43,"key":"Mummified Hand"}],"event_choices":[{"cards_removed":["Strike_R"],"damage_healed":0,"gold_gain":0,"player_choice":"Offered Basic","damage_taken":0,"max_hp_gain":0,"max_hp_loss":0,"event_name":"Bonfire Elementals","floor":5,"gold_loss":0},{"damage_healed":0,"gold_gain":0,"player_choice":"Box","damage_taken":0,"relics_obtained":["Omamori"],"max_hp_gain":0,"max_hp_loss":0,"event_name":"Big Fish","floor":11,"gold_loss":0,"cards_obtained":["Regret"]},{"damage_healed":0,"gold_gain":0,"player_choice":"Ignored","damage_taken":0,"max_hp_gain":0,"max_hp_loss":0,"event_name":"Ghosts","floor":21,"gold_loss":0},{"damage_healed":0,"gold_gain":0,"player_choice":"Simplicity","damage_taken":0,"max_hp_gain":0,"max_hp_loss":0,"event_name":"Back to Basics","floor":22,"gold_loss":0,"cards_upgraded":["Strike_R","Strike_R","Strike_R","Strike_R","Defend_R","Defend_R","Defend_R","Defend_R"]},{"damage_healed":0,"gold_gain":0,"player_choice":"Stole Relic","damage_taken":0,"relics_obtained":["StoneCalendar"],"max_hp_gain":0,"max_hp_loss":0,"event_name":"Addict","floor":25,"gold_loss":0,"cards_obtained":["Shame"]},{"damage_healed":0,"gold_gain":0,"player_choice":"Ignored","damage_taken":0,"max_hp_gain":0,"max_hp_loss":0,"event_name":"Mysterious Sphere","floor":36,"gold_loss":0},{"damage_healed":0,"gold_gain":0,"player_choice":"Ignored","damage_taken":0,"max_hp_gain":0,"max_hp_loss":0,"event_name":"Tomb of Lord Red Mask","floor":37,"gold_loss":0}],"is_beta":false,"boss_relics":[{"not_picked":["Runic Dome","Runic Cube"],"picked":"Sozu"},{"not_picked":["Astrolabe","Snecko Eye"],"picked":"Calling Bell"}],"items_purged_floors":[13,38],"is_endless":false,"potions_floor_spawned":[3,10,24,35,39,41,45],"killed_by":"Awakened One","ascension_level":0}