{"gold_per_floor":[113,113,113,93,113,113,37,70,70,70,2,21,31,49,49,49],"floor_reached":16,"playtime":424,"items_purged":[],"score":165,"play_id":"037784d4-b75c-46c4-aea8-d3eabe18a1ea","local_time":"20190528231404","is_ascension_mode":true,"campfire_choices":[{"data":"Zap","floor":6.0,"key":"SMITH"},{"data":"Sunder","floor":10.0,"key":"SMITH"},{"data":"Go for the Eyes","floor":15,"key":"SMITH"}],"neow_cost":"NONE","seed_source_timestamp":7082074213854,"circlet_count":0,"master_deck":["AscendersBane","Strike_B","Strike_B","Strike_B","Defend_B","Defend_B+1","Defend_B","Defend_B","Zap+1","Dualcast+1","Go for the Eyes+1","Sunder+1","Ball Lightning","Chill","Leap"],"special_seed":0,"relics":["Cracked Core","Lantern","Mercury Hourglass","Calipers"],"potions_floor_usage":[],"damage_taken":[{"damage":4.0,"enemies":"Jaw Worm","floor":1.0,"turns":3.0},{"damage":0.0,"enemies":"2 Louse","floor":5.0,"turns":2.0},{"damage":16.0,"enemies":"Gremlin Nob","floor":8.0,"turns":3.0},{"damage":0.0,"enemies":"Cultist","floor":12.0,"turns":3.0},{"damage":0.0,"enemies":"Exordium Thugs","floor":13.0,"turns":4.0},{"damage":0.0,"enemies":"Red Slaver","floor":14.0,"turns":1.0},{"damage":26,"enemies":"Hexaghost","floor":16,"turns":9}],"seed_played":"-5283339164901156737","potions_obtained":[{"floor":4.0,"key":"FearPotion"},{"floor":5.0,"key":"EssenceOfSteel"},{"floor":12.0,"key":"Dexterity Potion"}],"is_trial":false,"path_per_floor":["M","?","?","?","M","R","$","E","T","R","$","M","M","M","R","B"],"character_chosen":"DEFECT","items_purchased":["Sunder","Chill"],"campfire_rested":0,"item_purchase_floors":[7,11],"current_hp_per_floor":[64,49,42,42,42,42,42,26,26,26,26,26,26,26,26,0],"gold":49,"neow_bonus":"RANDOM_COMMON_RELIC","is_prod":false,"is_daily":false,"chose_seed":false,"campfire_upgraded":3,"win_rate":0,"timestamp":1559078044,"path_taken":["M","?","?","?","?","R","$","E","T","R","?","M","?","M","R","BOSS"],"build_version":"2019-01-23","purchased_purges":0,"victory":false,"max_hp_per_floor":[75,75,75,75,75,75,75,75,75,75,75,75,75,75,75,75],"card_choices":[{"not_picked":["Hello World","Turbo"],"picked":"Go for the Eyes","floor":1.0},{"not_picked":["Double Energy","Redo","Turbo"],"picked":"SKIP","floor":5.0},{"not_picked":["Double Energy","Redo","Turbo"],"picked":"SKIP","floor":5.0},{"not_picked":["Reprogram","Stack"],"picked":"Ball Lightning","floor":8.0},{"not_picked":["Streamline","Cold Snap","Redo"],"picked":"SKIP","floor":12.0},{"not_picked":["Rebound","Reprogram"],"picked":"Leap","floor":13.0},{"not_picked":["Redo","Heatsinks","Auto Shields"],"picked":"SKIP","floor":14}],"player_experience":377675,"relics_obtained":[{"floor":8.0,"key":"Mercury Hourglass"},{"floor":9.0,"key":"Calipers"}],"event_choices":[{"damage_healed":0.0,"max_hp_gain":0.0,"max_hp_loss":0.0,"gold_gain":0.0,"event_name":"Shining Light","player_choice":"Entered Light","floor":2.0,"gold_loss":0.0,"damage_taken":15.0,"cards_upgraded":["Dualcast","Defend_B"]},{"cards_removed":["Strike_B"],"damage_healed":0.0,"max_hp_gain":0.0,"max_hp_loss":0.0,"gold_gain":0.0,"event_name":"Golden Wing","player_choice":"Card Removal","floor":3.0,"gold_loss":0.0,"damage_taken":7.0},{"damage_healed":0.0,"max_hp_gain":0.0,"max_hp_loss":0.0,"gold_gain":0.0,"event_name":"The Woman in Blue","player_choice":"Bought 1 Potion","floor":4.0,"gold_loss":0.0,"damage_taken":0.0}],"is_beta":false,"boss_relics":[],"items_purged_floors":[],"is_endless":false,"potions_floor_spawned":[5,12,14],"killed_by":"Hexaghost","ascension_level":13}