{"gold_per_floor":[16,16,35,110,123,123,166,166,166,201,216,254,277,277,277,400,400,418,431,431,444,487,526,526,546,546,546,567,590,623,623,623,751,751,767,791,811,811,835,835,874,874,874,894,673,708,732,747,747,747,747,747,393,427,427],"floor_reached":56,"playtime":3767,"items_purged":["Underhanded Strike","Tactician"],"score":1321,"play_id":"9b9b2b96-3557-4270-bd2e-9925321e8d62","local_time":"20190401215218","is_ascension_mode":false,"campfire_choices":[{"data":"Neutralize","floor":6.0,"key":"SMITH"},{"data":"Dash","floor":8.0,"key":"SMITH"},{"data":"Burst","floor":15.0,"key":"SMITH"},{"data":"Finisher","floor":24.0,"key":"SMITH"},{"data":"Cloak And Dagger","floor":27.0,"key":"SMITH"},{"data":"Setup","floor":32.0,"key":"SMITH"},{"floor":40.0,"key":"RECALL"},{"data":"Phantasmal Killer","floor":42.0,"key":"SMITH"},{"data":"Dodge and Roll","floor":49,"key":"SMITH"},{"data":"Cloak And Dagger","floor":52,"key":"SMITH"}],"neow_cost":"NO_GOLD","seed_source_timestamp":277944226561036,"circlet_count":0,"master_deck":["Survivor","Neutralize+1","Flying Knee","Dash+1","Cloak And Dagger+1","Finisher+1","Burst+1","Dagger Throw","Cloak And Dagger+1","Adrenaline","Blur","Cloak And Dagger","Setup+1","Quick Slash","Footwork","Sucker Punch","Backstab","Dodge and Roll+1","Terror","Deflect+1","Infinite Blades","Crippling Poison+1","Blade Dance","Noxious Fumes+1","Dodge and Roll+1","After Image","Accuracy+1","Burst+1","Corpse Explosion","Phantasmal Killer+1","Cloak And Dagger+1","Crippling Poison","Footwork"],"special_seed":0,"relics":["Ring of the Snake","Golden Idol","Meat on the Bone","Ornamental Fan","Omamori","Snake Skull","Pandora\u0027s Box","Red Mask","Darkstone Periapt","Bottled Lightning","Pantograph","Coffee Dripper","Molten Egg 2","Lantern","Bronze Scales","Strawberry","Orichalcum"],"potions_floor_usage":[55,55],"damage_taken":[{"damage":0.0,"enemies":"2 Louse","floor":1.0,"turns":3.0},{"damage":0.0,"enemies":"Cultist","floor":3.0,"turns":3.0},{"damage":0.0,"enemies":"Jaw Worm","floor":5.0,"turns":4.0},{"damage":14.0,"enemies":"3 Sentries","floor":7.0,"turns":10.0},{"damage":17.0,"enemies":"Gremlin Nob","floor":10.0,"turns":5.0},{"damage":0.0,"enemies":"Blue Slaver","floor":11.0,"turns":3.0},{"damage":25.0,"enemies":"Lagavulin","floor":12.0,"turns":8.0},{"damage":0.0,"enemies":"Lots of Slimes","floor":13.0,"turns":6.0},{"damage":26.0,"enemies":"Hexaghost","floor":16.0,"turns":16.0},{"damage":0.0,"enemies":"Spheric Guardian","floor":18.0,"turns":4.0},{"damage":4.0,"enemies":"2 Thieves","floor":19.0,"turns":4.0},{"damage":7.0,"enemies":"Centurion and Healer","floor":21.0,"turns":8.0},{"damage":2.0,"enemies":"Masked Bandits","floor":22.0,"turns":7.0},{"damage":36.0,"enemies":"Gremlin Leader","floor":23.0,"turns":9.0},{"damage":15.0,"enemies":"Snake Plant","floor":25.0,"turns":4.0},{"damage":16.0,"enemies":"Cultist and Chosen","floor":28.0,"turns":7.0},{"damage":2.0,"enemies":"Snecko","floor":29.0,"turns":5.0},{"damage":9.0,"enemies":"Slavers","floor":30.0,"turns":3.0},{"damage":30.0,"enemies":"Champ","floor":33.0,"turns":12.0},{"damage":0.0,"enemies":"Orb Walker","floor":35.0,"turns":3.0},{"damage":0.0,"enemies":"3 Shapes","floor":36.0,"turns":3.0},{"damage":6.0,"enemies":"Transient","floor":37.0,"turns":5.0},{"damage":21.0,"enemies":"3 Darklings","floor":39.0,"turns":5.0},{"damage":0.0,"enemies":"Nemesis","floor":41.0,"turns":7.0},{"damage":0.0,"enemies":"4 Shapes","floor":44.0,"turns":5.0},{"damage":20.0,"enemies":"Giant Head","floor":46.0,"turns":7.0},{"damage":19.0,"enemies":"Sphere and 2 Shapes","floor":47.0,"turns":4.0},{"damage":5,"enemies":"3 Darklings","floor":48,"turns":3},{"damage":33,"enemies":"Donu and Deca","floor":50,"turns":6},{"damage":22,"enemies":"Shield and Spear","floor":54,"turns":4},{"damage":35,"enemies":"The Heart","floor":55,"turns":9}],"seed_played":"-1727559835368319962","potions_obtained":[{"floor":5.0,"key":"FairyPotion"},{"floor":10.0,"key":"AttackPotion"},{"floor":13.0,"key":"Poison Potion"},{"floor":18.0,"key":"Poison Potion"},{"floor":28.0,"key":"Poison Potion"},{"floor":29.0,"key":"Regen Potion"},{"floor":31.0,"key":"GhostInAJar"},{"floor":31.0,"key":"Dexterity Potion"},{"floor":31.0,"key":"Block Potion"},{"floor":37.0,"key":"GhostInAJar"}],"is_trial":false,"path_per_floor":["M","?","M","?","M","R","E","R","T","E","M","E","M","?","R","B",null,"M","M","$","M","?","E","R","M","T","R","M","M","E","?","R","B",null,"M","M","M","?","M","R","E","R","T","M","$","E","M","M","R","B",null,"R","$","E","B",null],"character_chosen":"THE_SILENT","items_purchased":["Lantern","Strawberry","Crippling Poison","Footwork"],"campfire_rested":0,"item_purchase_floors":[45,53,53,53],"current_hp_per_floor":[84,63,63,52,52,52,38,38,38,33,45,32,44,44,44,30,84,84,80,80,73,71,47,47,44,44,44,40,50,53,53,53,48,84,84,84,78,78,57,57,57,57,57,57,57,49,42,49,49,53,84,84,91,69,56],"gold":427,"neow_bonus":"TWENTY_PERCENT_HP_BONUS","is_prod":false,"is_daily":false,"chose_seed":false,"campfire_upgraded":9,"win_rate":0,"timestamp":1554169938,"path_taken":["M","?","M","?","M","R","E","R","T","E","M","E","M","?","R","BOSS","M","M","?","M","?","E","R","?","T","R","M","M","E","?","R","BOSS","M","?","M","?","M","R","E","R","T","M","$","E","M","M","R","BOSS","R","$","E","BOSS"],"build_version":"2019-01-23","purchased_purges":2,"victory":true,"max_hp_per_floor":[84,84,84,84,84,84,84,84,84,84,84,84,84,84,84,84,84,84,84,84,84,84,84,84,84,84,84,84,84,84,84,84,84,84,84,84,84,84,84,84,84,84,84,84,84,84,84,84,84,84,84,84,91,91,91],"card_choices":[{"not_picked":["Reflex","Acrobatics"],"picked":"Flying Knee","floor":1.0},{"not_picked":["Dagger Throw","Caltrops"],"picked":"Dash","floor":3.0},{"not_picked":["Underhanded Strike","Quick Slash"],"picked":"Cloak And Dagger","floor":5.0},{"not_picked":["Bane","Tactician"],"picked":"Finisher","floor":7.0},{"not_picked":["Dagger Spray","Slice"],"picked":"Burst","floor":10.0},{"not_picked":["Flechettes","Slice","Quick Slash"],"picked":"SKIP","floor":11.0},{"not_picked":["PiercingWail","Outmaneuver"],"picked":"Dagger Throw","floor":12.0},{"not_picked":["Prepared","Sucker Punch"],"picked":"Cloak And Dagger","floor":13.0},{"not_picked":["Night Terror","Storm of Steel"],"picked":"Adrenaline","floor":16.0},{"not_picked":["Skewer","Quick Slash","Outmaneuver"],"picked":"SKIP","floor":18.0},{"not_picked":["Dagger Throw","Prepared"],"picked":"Terror","floor":19.0},{"not_picked":["PiercingWail","Prepared"],"picked":"Deflect+1","floor":21.0},{"not_picked":["Skewer","Slice"],"picked":"Infinite Blades","floor":22.0},{"not_picked":["Dodge and Roll","Bullet Time"],"picked":"Crippling Poison+1","floor":23.0},{"not_picked":["Footwork","Dagger Spray"],"picked":"Blade Dance","floor":25.0},{"not_picked":["Calculated Gamble+1","Deadly Poison"],"picked":"Noxious Fumes+1","floor":28.0},{"not_picked":["PiercingWail+1","Slice","Deadly Poison+1"],"picked":"SKIP","floor":29.0},{"not_picked":["Quick Slash","Endless Agony+1"],"picked":"Dodge and Roll+1","floor":30.0},{"not_picked":["Venomology","Adrenaline"],"picked":"After Image","floor":33.0},{"not_picked":["Flying Knee+1","PiercingWail+1","Poisoned Stab+1"],"picked":"SKIP","floor":35.0},{"not_picked":["Outmaneuver","Underhanded Strike","Bane"],"picked":"SKIP","floor":36.0},{"not_picked":["Cloak And Dagger","Infinite Blades+1"],"picked":"Accuracy+1","floor":37.0},{"not_picked":["Concentrate","Calculated Gamble"],"picked":"Corpse Explosion","floor":39.0},{"not_picked":["Outmaneuver+1","Flechettes+1"],"picked":"Phantasmal Killer","floor":41.0},{"not_picked":["Dodge and Roll+1","Slice+1","Outmaneuver"],"picked":"SKIP","floor":44.0},{"not_picked":["Distraction","Acrobatics","Expertise"],"picked":"SKIP","floor":46.0},{"not_picked":["Skewer+1","Outmaneuver","Flying Knee+1"],"picked":"SKIP","floor":47.0},{"not_picked":["Outmaneuver+1","Infinite Blades+1"],"picked":"Cloak And Dagger+1","floor":48},{"not_picked":["Deflect","Quick Slash+1","Underhanded Strike+1"],"picked":"SKIP","floor":54}],"player_experience":753060,"relics_obtained":[{"floor":7.0,"key":"Meat on the Bone"},{"floor":9.0,"key":"Ornamental Fan"},{"floor":10.0,"key":"Omamori"},{"floor":12.0,"key":"Snake Skull"},{"floor":22.0,"key":"Red Mask"},{"floor":23.0,"key":"Darkstone Periapt"},{"floor":26.0,"key":"Bottled Lightning"},{"floor":30.0,"key":"Pantograph"},{"floor":41.0,"key":"Molten Egg 2"},{"floor":46.0,"key":"Bronze Scales"},{"floor":54,"key":"Orichalcum"}],"event_choices":[{"damage_healed":0.0,"max_hp_gain":0.0,"max_hp_loss":0.0,"gold_gain":0.0,"event_name":"Golden Idol","player_choice":"Take Damage","floor":2.0,"gold_loss":0.0,"damage_taken":21.0,"relics_obtained":["Golden Idol"]},{"damage_healed":0.0,"max_hp_gain":0.0,"max_hp_loss":0.0,"gold_gain":75.0,"event_name":"World of Goop","player_choice":"Gather Gold","floor":4.0,"gold_loss":0.0,"damage_taken":11.0},{"damage_healed":0.0,"max_hp_gain":0.0,"max_hp_loss":0.0,"gold_gain":0.0,"event_name":"NoteForYourself","player_choice":"Ignored","floor":14.0,"gold_loss":0.0,"damage_taken":0.0},{"damage_healed":0.0,"max_hp_gain":0.0,"max_hp_loss":0.0,"gold_gain":0.0,"event_name":"Masked Bandits","player_choice":"Fought Bandits","floor":22.0,"gold_loss":0.0,"damage_taken":0.0},{"damage_healed":0.0,"max_hp_gain":0.0,"max_hp_loss":0.0,"gold_gain":0.0,"event_name":"Lab","player_choice":"Got Potions","floor":31.0,"gold_loss":0.0,"damage_taken":0.0},{"damage_healed":0.0,"max_hp_gain":0.0,"max_hp_loss":0.0,"gold_gain":0.0,"event_name":"Duplicator","player_choice":"Copied","floor":38.0,"gold_loss":0.0,"damage_taken":0.0,"cards_obtained":["Burst"]}],"is_beta":false,"boss_relics":[{"not_picked":["Philosopher\u0027s Stone","Orrery"],"picked":"Pandora\u0027s Box"},{"not_picked":["HoveringKite","Tiny House"],"picked":"Coffee Dripper"}],"items_purged_floors":[45,53],"is_endless":false,"potions_floor_spawned":[5,10,13,18,19,28,29,37,39,41,47,48,54],"ascension_level":0}