{"gold_per_floor":[19,194,204,39,39,39,59,85,85,103,115,115,126,138,138,234,234,245,93,107,123,143,143,143,158,158,173,13,13,13,33,33,130,130,150,165,1164,1175,1199,1199,1218,1232,1232,15,35,0,19,19,19,19],"floor_reached":50,"playtime":7155,"items_purged":["Doubt","Normality","Regret","Normality"],"score":527,"play_id":"0021877f-a2fe-4a39-9bbf-7f58c31db3b5","local_time":"20180701010339","is_ascension_mode":false,"campfire_choices":[{"data":"Crippling Poison","floor":6,"key":"SMITH"},{"data":"Infinite Blades","floor":12,"key":"SMITH"},{"data":"Terror","floor":15,"key":"SMITH"},{"floor":23,"key":"REST"},{"floor":29,"key":"REST"},{"floor":32,"key":"REST"},{"floor":40,"key":"REST"},{"floor":49,"key":"REST"}],"neow_cost":"NO_GOLD","seed_source_timestamp":446944412106400,"circlet_count":0,"master_deck":["Defend_G","Defend_G","Defend_G","Defend_G","Defend_G","Survivor","Neutralize+1","Blade Dance","Poisoned Stab","Crippling Poison+1","Bane+1","Terror+1","Backstab+1","Infinite Blades+1","Sucker Punch+1","Noxious Fumes","Eviscerate+1","Corpse Explosion+1","Poisoned Stab+1","Blade Dance","Outmaneuver+1","Flying Knee+1","Necronomicurse","Acrobatics+1","Dagger Spray+1","Noxious Fumes","Bite+1","Bite+1","Bite+1","Bite+1","Bite+1","Dash+1","Venomology","Bane+1","Bane+1","Normality","Blur+1","Terror+1","Distraction+1","Dagger Throw+1","Panache","Flechettes+1","Bullet Time"],"relics":["Ring of the Snake","Gambling Chip","Molten Egg 2","Strawberry","Anchor","Calling Bell","Vajra","Dodecahedron","Sundial","Necronomicon","Regal Pillow","Empty Cage","Whetstone","Bottled Lightning","Centennial Puzzle","Pantograph","Tough Bandages","Red Mask"],"potions_floor_usage":[16,18,20,25,27,33,33,35,38,38,41,42,42,42,47,47,50,50],"damage_taken":[{"damage":0,"enemies":"Small Slimes","floor":1,"turns":4},{"damage":0,"enemies":"2 Louse","floor":3,"turns":3},{"damage":0,"enemies":"Cultist","floor":7,"turns":3},{"damage":18,"enemies":"Gremlin Nob","floor":8,"turns":4},{"damage":3,"enemies":"Blue Slaver","floor":10,"turns":2},{"damage":0,"enemies":"Looter","floor":11,"turns":2},{"damage":1,"enemies":"Large Slime","floor":13,"turns":2},{"damage":2,"enemies":"Blue Slaver","floor":14,"turns":3},{"damage":23,"enemies":"Hexaghost","floor":16,"turns":8},{"damage":12,"enemies":"2 Thieves","floor":18,"turns":4},{"damage":2,"enemies":"Spheric Guardian","floor":20,"turns":4},{"damage":21,"enemies":"3 Cultists","floor":21,"turns":5},{"damage":12,"enemies":"Snecko","floor":22,"turns":4},{"damage":13,"enemies":"Cultist and Chosen","floor":25,"turns":5},{"damage":22,"enemies":"Centurion and Healer","floor":27,"turns":5},{"damage":33,"enemies":"Snake Plant","floor":31,"turns":5},{"damage":41,"enemies":"Collector","floor":33,"turns":7},{"damage":37,"enemies":"3 Darklings","floor":35,"turns":5},{"damage":8,"enemies":"Orb Walker","floor":36,"turns":3},{"damage":25,"enemies":"4 Shapes","floor":38,"turns":5},{"damage":42,"enemies":"Sphere and 2 Shapes","floor":41,"turns":7},{"damage":1,"enemies":"3 Darklings","floor":42,"turns":4},{"damage":12,"enemies":"4 Shapes","floor":45,"turns":5},{"damage":0,"enemies":"Maw","floor":47,"turns":6},{"damage":65,"enemies":"Time Eater","floor":50,"turns":9}],"seed_played":"-6036040514802432184","potions_obtained":[{"floor":1,"key":"Weak Potion"},{"floor":7,"key":"Regen Potion"},{"floor":8,"key":"SpeedPotion"},{"floor":10,"key":"LiquidBronze"},{"floor":13,"key":"AttackPotion"},{"floor":18,"key":"Ancient Potion"},{"floor":21,"key":"Explosive Potion"},{"floor":25,"key":"AttackPotion"},{"floor":38,"key":"GamblersBrew"},{"floor":41,"key":"Block Potion"},{"floor":42,"key":"Ancient Potion"}],"is_trial":false,"path_per_floor":["M","?","M","$","?","R","M","E","T","M","M","R","M","M","R","B",null,"M","$","M","M","M","R","?","M","T","M","$","R","?","M","R","B",null,"M","M","?","M","T","R","M","M","T","$","M","?","M","$","R"],"character_chosen":"THE_SILENT","items_purchased":["Crippling Poison","Bane","Strength Potion","Noxious Fumes","Centennial Puzzle","Pantograph","Tough Bandages","Dagger Throw+1","Panache","Dexterity Potion"],"campfire_rested":5,"item_purchase_floors":[4,4,19,28,44,44,44,44,44,44],"current_hp_per_floor":[70,70,70,70,70,70,70,59,59,56,56,56,55,53,53,30,77,65,65,63,42,30,53,37,24,24,2,2,40,40,10,40,17,53,22,20,20,1,1,31,4,9,9,9,3,3,12,12,42,0],"gold":19,"neow_bonus":"ONE_RARE_RELIC","is_prod":false,"is_daily":false,"chose_seed":false,"campfire_upgraded":3,"win_rate":0.0,"timestamp":1530421419,"path_taken":["M","?","M","?","?","R","M","E","T","M","M","R","M","M","R","BOSS","M","$","M","M","M","R","?","?","T","M","$","R","?","M","R","BOSS","M","M","?","M","?","R","?","?","T","$","M","?","?","$","R","BOSS"],"build_version":"2018-06-28","purchased_purges":4,"victory":false,"max_hp_per_floor":[70,70,70,70,70,70,70,77,77,77,77,77,77,77,77,77,77,77,77,77,77,77,77,77,77,77,77,77,77,53,53,53,53,53,53,53,53,53,53,53,53,53,53,53,53,53,53,53,53,53],"card_choices":[{"not_picked":["Malaise","Acrobatics"],"picked":"Blade Dance","floor":1},{"not_picked":["Flying Knee","Dagger Spray"],"picked":"Poisoned Stab","floor":3},{"not_picked":["PiercingWail","Poisoned Stab+1"],"picked":"Terror","floor":7},{"not_picked":["Poisoned Stab+1","PiercingWail"],"picked":"Backstab+1","floor":8},{"not_picked":["Deflect","Expertise"],"picked":"Infinite Blades","floor":10},{"not_picked":["Distraction","Underhanded Strike+1"],"picked":"Sucker Punch+1","floor":11},{"not_picked":["Poisoned Stab+1","Deadly Poison"],"picked":"Noxious Fumes","floor":13},{"not_picked":["Footwork","Outmaneuver"],"picked":"Eviscerate+1","floor":14},{"not_picked":["Die Die Die+1","Night Terror"],"picked":"Corpse Explosion+1","floor":16},{"not_picked":["Well Laid Plans","Acrobatics"],"picked":"Poisoned Stab+1","floor":18},{"not_picked":["PiercingWail","Skewer+1"],"picked":"Blade Dance","floor":20},{"not_picked":["Acrobatics","Deadly Poison"],"picked":"Outmaneuver+1","floor":21},{"not_picked":["Blur+1","Outmaneuver"],"picked":"Flying Knee+1","floor":22},{"not_picked":["Expertise","Footwork"],"picked":"Acrobatics+1","floor":25},{"not_picked":["Outmaneuver+1","Well Laid Plans"],"picked":"Dagger Spray+1","floor":27},{"not_picked":["Dagger Spray+1","Malaise"],"picked":"Dash+1","floor":31},{"not_picked":["Wraith Form v2","Corpse Explosion+1"],"picked":"Venomology","floor":33},{"not_picked":["Poisoned Stab+1","Backflip"],"picked":"Bane+1","floor":35},{"not_picked":["Flying Knee+1","Heel Hook+1"],"picked":"Bane+1","floor":36},{"not_picked":["Escape Plan+1","Expertise"],"picked":"Blur+1","floor":38},{"not_picked":["Flying Knee+1","Dodge and Roll"],"picked":"Terror+1","floor":41},{"not_picked":["PiercingWail","Acrobatics+1"],"picked":"Distraction+1","floor":42},{"not_picked":["Acrobatics+1","Underhanded Strike+1"],"picked":"Flechettes+1","floor":45},{"not_picked":["Malaise+1","Dodge and Roll+1"],"picked":"Bullet Time","floor":47}],"player_experience":35770,"relics_obtained":[{"floor":8,"key":"Strawberry"},{"floor":9,"key":"Anchor"},{"floor":17,"key":"Vajra"},{"floor":17,"key":"Dodecahedron"},{"floor":17,"key":"Sundial"},{"floor":24,"key":"Necronomicon"},{"floor":26,"key":"Regal Pillow"},{"floor":39,"key":"Whetstone"},{"floor":43,"key":"Bottled Lightning"}],"event_choices":[{"event_name":"Liars Game","player_choice":"agreed","floor":2,"damage_taken":0},{"event_name":"Big Fish","player_choice":"Box","floor":5,"damage_taken":0},{"event_name":"Cursed Tome","player_choice":"Obtained Book","floor":24,"damage_taken":0},{"event_name":"Vampires","player_choice":"Became a vampire","floor":30,"damage_taken":0},{"event_name":"MindBloom","player_choice":"Gold","floor":37,"damage_taken":0},{"event_name":"Tomb of Lord Red Mask","player_choice":"Paid","floor":46,"damage_taken":0}],"boss_relics":[{"not_picked":["Ectoplasm","Tiny House"],"picked":"Calling Bell"},{"not_picked":["Snecko Eye","Astrolabe"],"picked":"Empty Cage"}],"items_purged_floors":[4,19,28,44],"is_endless":false,"potions_floor_spawned":[1,7,8,10,13,18,21,22,25,38,41,42],"killed_by":"Time Eater","ascension_level":0}