{"gold_per_floor":[112,262,15,15,26,26,57,67,121,121,144,144,144,159,159,255,255,276,326,352,392,97,135,135,60,60,60,73,73,96,139,139,139],"floor_reached":33,"playtime":1393,"items_purged":["Doubt"],"score":548,"play_id":"c83bdbb3-b29b-4061-ad34-d28df19670b0","local_time":"20190723214704","is_ascension_mode":true,"campfire_choices":[{"data":"Defragment","floor":6.0,"key":"SMITH"},{"floor":13.0,"key":"REST"},{"data":"Conserve Battery","floor":15.0,"key":"SMITH"},{"floor":24.0,"key":"REST"},{"floor":27.0,"key":"REST"},{"floor":32,"key":"REST"}],"neow_cost":"NONE","seed_source_timestamp":97590793333428,"circlet_count":0,"master_deck":["AscendersBane","Strike_B","Strike_B","Strike_B","Defend_B","Defend_B","Defend_B","Zap+1","Dualcast","Conserve Battery+1","Defragment+1","Doom and Gloom","Ball Lightning","Cold Snap","White Noise","Echo Form","Genetic Algorithm","Hologram+1","Defragment","Leap","Coolheaded+1","Steam","Reinforced Body"],"special_seed":0,"relics":["Cracked Core","Oddly Smooth Stone","Lantern","Tiny Chest","Golden Idol","Nuclear Battery","Bronze Scales","Red Mask","Lee\u0027s Waffle","The Courier","Matryoshka","Dream Catcher"],"potions_floor_usage":[31,33],"damage_taken":[{"damage":3.0,"enemies":"2 Louse","floor":1.0,"turns":3.0},{"damage":8.0,"enemies":"Small Slimes","floor":5.0,"turns":2.0},{"damage":33.0,"enemies":"Gremlin Nob","floor":7.0,"turns":4.0},{"damage":1.0,"enemies":"Jaw Worm","floor":8.0,"turns":4.0},{"damage":0.0,"enemies":"Large Slime","floor":11.0,"turns":3.0},{"damage":5.0,"enemies":"Looter","floor":14.0,"turns":3.0},{"damage":5.0,"enemies":"Hexaghost","floor":16.0,"turns":8.0},{"damage":19.0,"enemies":"Chosen","floor":18.0,"turns":5.0},{"damage":22.0,"enemies":"Masked Bandits","floor":21.0,"turns":3.0},{"damage":58.0,"enemies":"Slavers","floor":23.0,"turns":5.0},{"damage":10.0,"enemies":"2 Thieves","floor":28.0,"turns":2.0},{"damage":15,"enemies":"Cultist and Chosen","floor":30,"turns":5},{"damage":26,"enemies":"Gremlin Leader","floor":31,"turns":5},{"damage":40,"enemies":"Automaton","floor":33,"turns":6}],"seed_played":"3704293592843675951","potions_obtained":[{"floor":5.0,"key":"Fire Potion"},{"floor":7.0,"key":"Dexterity Potion"},{"floor":21.0,"key":"FocusPotion"},{"floor":23.0,"key":"PowerPotion"}],"is_trial":false,"path_per_floor":["M","?","$","?","M","R","E","M","T","?","M","?","R","M","R","B",null,"M","?","T","?","$","E","R","?","T","R","M","?","M","E","R","B"],"character_chosen":"DEFECT","items_purchased":["Oddly Smooth Stone","Lee\u0027s Waffle","Defragment"],"campfire_rested":4,"item_purchase_floors":[3,22,22],"current_hp_per_floor":[61,61,61,61,53,53,20,19,19,19,19,19,38,33,33,28,55,36,36,36,14,71,13,34,34,34,55,45,45,30,4,25,0],"gold":139,"neow_bonus":"UPGRADE_CARD","is_prod":false,"is_daily":false,"chose_seed":false,"campfire_upgraded":2,"win_rate":0,"timestamp":1563932824,"path_taken":["M","?","$","?","M","R","E","?","T","?","M","?","R","M","R","BOSS","M","?","?","?","$","E","R","?","T","R","M","?","M","E","R","BOSS"],"build_version":"2019-07-17","purchased_purges":1,"victory":false,"max_hp_per_floor":[71,71,71,71,71,71,71,71,71,64,64,64,64,64,64,64,64,64,64,64,64,71,71,71,71,71,71,71,71,71,71,71,71],"card_choices":[{"not_picked":["Turbo","Recycle"],"picked":"Conserve Battery","floor":1.0},{"not_picked":["Conserve Battery","BootSequence"],"picked":"Doom and Gloom","floor":5.0},{"not_picked":["Barrage","Sweeping Beam"],"picked":"Ball Lightning","floor":7.0},{"not_picked":["Turbo","Leap"],"picked":"Cold Snap","floor":8.0},{"not_picked":["Beam Cell","Hyperbeam"],"picked":"White Noise","floor":11.0},{"not_picked":["Hologram","Rebound","Stack"],"picked":"SKIP","floor":14.0},{"not_picked":["Multi-Cast","Reboot"],"picked":"Echo Form","floor":16.0},{"not_picked":["White Noise","Steam Power"],"picked":"Genetic Algorithm","floor":18.0},{"not_picked":["Hello World+1","Go for the Eyes"],"picked":"Hologram+1","floor":21.0},{"not_picked":["Tempest","Thunder Strike"],"picked":"Leap","floor":23.0},{"not_picked":["Gash","Steam"],"picked":"Coolheaded+1","floor":28.0},{"not_picked":["Rebound","Barrage"],"picked":"Steam","floor":30},{"not_picked":["Turbo","Coolheaded"],"picked":"Reinforced Body","floor":31}],"player_experience":1152637,"relics_obtained":[{"floor":7.0,"key":"Lantern"},{"floor":9.0,"key":"Tiny Chest"},{"floor":20.0,"key":"Bronze Scales"},{"floor":21.0,"key":"Red Mask"},{"floor":23.0,"key":"The Courier"},{"floor":26.0,"key":"Matryoshka"},{"floor":31,"key":"Dream Catcher"}],"event_choices":[{"damage_healed":0.0,"max_hp_gain":0.0,"max_hp_loss":0.0,"gold_gain":150.0,"event_name":"Liars Game","player_choice":"AGREE","floor":2.0,"gold_loss":0.0,"damage_taken":0.0,"cards_obtained":["Doubt"]},{"damage_healed":0.0,"max_hp_gain":0.0,"max_hp_loss":0.0,"gold_gain":0.0,"cards_transformed":["Defend_B"],"event_name":"Living Wall","player_choice":"Change","floor":4.0,"gold_loss":0.0,"damage_taken":0.0,"cards_obtained":["Defragment"]},{"damage_healed":0.0,"max_hp_gain":0.0,"max_hp_loss":7.0,"gold_gain":0.0,"event_name":"Golden Idol","player_choice":"Lose Max HP","floor":10.0,"gold_loss":0.0,"damage_taken":0.0,"relics_obtained":["Golden Idol"]},{"damage_healed":0.0,"max_hp_gain":0.0,"max_hp_loss":0.0,"gold_gain":0.0,"event_name":"Shining Light","player_choice":"Ignored","floor":12.0,"gold_loss":0.0,"damage_taken":0.0},{"damage_healed":0.0,"max_hp_gain":0.0,"max_hp_loss":0.0,"gold_gain":50.0,"event_name":"Nest","player_choice":"Stole From Cult","floor":19.0,"gold_loss":0.0,"damage_taken":0.0},{"damage_healed":0.0,"max_hp_gain":0.0,"max_hp_loss":0.0,"gold_gain":0.0,"event_name":"Masked Bandits","player_choice":"Fought Bandits","floor":21.0,"gold_loss":0.0,"damage_taken":0.0},{"cards_removed":["Strike_B"],"damage_healed":0.0,"max_hp_gain":0.0,"max_hp_loss":0.0,"gold_gain":0.0,"event_name":"Beggar","player_choice":"Gave Gold","floor":25.0,"gold_loss":75.0,"damage_taken":0.0},{"damage_healed":0.0,"max_hp_gain":0.0,"max_hp_loss":0.0,"gold_gain":0.0,"event_name":"Vampires","player_choice":"Ignored","floor":29.0,"gold_loss":0.0,"damage_taken":0.0}],"is_beta":false,"boss_relics":[{"not_picked":["Astrolabe","Empty Cage"],"picked":"Nuclear Battery"}],"items_purged_floors":[3],"is_endless":false,"potions_floor_spawned":[5,7,21,23,28],"killed_by":"Automaton","ascension_level":19}