{"gold_per_floor":[117,142,142,107,32,64,76,121,133,145,157,183,211,258,270,356,368,398,390,412,1,14,14,45,45,70,404,424,424,424,455,455,455],"floor_reached":33,"playtime":1242,"items_purged":["Strike_G"],"score":788,"play_id":"6c243d20-82a5-4b36-a05b-5eba295e7e5b","local_time":"20190612191933","is_ascension_mode":true,"campfire_choices":[{"data":"Riddle With Holes","floor":7.0,"key":"SMITH"},{"data":"Skewer","floor":10.0,"key":"SMITH"},{"data":"Neutralize","floor":15.0,"key":"SMITH"},{"floor":23.0,"key":"REST"},{"floor":30,"key":"REST"},{"data":"Apotheosis","floor":32,"key":"SMITH"}],"neow_cost":"NONE","seed_source_timestamp":11361025634491,"circlet_count":0,"master_deck":["AscendersBane","Defend_G","Defend_G","Defend_G","Defend_G","Defend_G","Strike_G","Strike_G","Strike_G","Strike_G","Survivor","Neutralize+1","Riddle With Holes+1","Cloak And Dagger","Skewer+1","Dagger Spray","Deflect","Unload+1","Wraith Form v2","Well Laid Plans","Choke+1","Calculated Gamble","Backflip","Dodge and Roll","Concentrate","Noxious Fumes","Apotheosis+1","Dagger Spray+1","Cloak And Dagger+1","Cloak And Dagger","Ghostly","Ghostly","Ghostly+1","Terror+1"],"special_seed":0,"relics":["Ring of the Snake","NeowsBlessing","Bag of Marbles","Mummified Hand","MawBank","Ninja Scroll","Vajra","Molten Egg 2","Orrery","Sling","Bottled Lightning","MutagenicStrength","Juzu Bracelet","Old Coin","War Paint"],"potions_floor_usage":[27,33],"damage_taken":[{"damage":0.0,"enemies":"Cultist","floor":1.0,"turns":1.0},{"damage":0.0,"enemies":"3 Sentries","floor":6.0,"turns":1.0},{"damage":0.0,"enemies":"Gremlin Nob","floor":8.0,"turns":1.0},{"damage":0.0,"enemies":"Small Slimes","floor":12.0,"turns":1.0},{"damage":0.0,"enemies":"2 Louse","floor":13.0,"turns":1.0},{"damage":7.0,"enemies":"Lagavulin","floor":14.0,"turns":4.0},{"damage":43.0,"enemies":"Slime Boss","floor":16.0,"turns":9.0},{"damage":0.0,"enemies":"3 Byrds","floor":18.0,"turns":5.0},{"damage":4.0,"enemies":"2 Thieves","floor":20.0,"turns":3.0},{"damage":22.0,"enemies":"Sentry and Sphere","floor":22.0,"turns":5.0},{"damage":26,"enemies":"Book of Stabbing","floor":24,"turns":5},{"damage":16,"enemies":"Gremlin Leader","floor":27,"turns":4},{"damage":3,"enemies":"Cultist and Chosen","floor":28,"turns":3},{"damage":0,"enemies":"Slavers","floor":31,"turns":2},{"damage":16,"enemies":"Automaton","floor":33,"turns":2}],"seed_played":"4549663300158897994","potions_obtained":[{"floor":1.0,"key":"Weak Potion"},{"floor":6.0,"key":"SkillPotion"},{"floor":16.0,"key":"Energy Potion"},{"floor":19.0,"key":"SkillPotion"},{"floor":24,"key":"Explosive Potion"},{"floor":31,"key":"Regen Potion"}],"is_trial":false,"path_per_floor":["M","T","?","?","$","E","R","E","T","R","$","M","M","E","R","B",null,"M","?","M","$","M","R","E","?","T","E","M","?","R","E","R","B"],"character_chosen":"THE_SILENT","items_purchased":["Apotheosis","Sling"],"campfire_rested":2,"item_purchase_floors":[21,21],"current_hp_per_floor":[59,59,48,64,64,64,64,64,64,64,64,64,64,57,57,14,53,53,53,49,49,27,46,20,20,20,4,1,1,10,10,10,0],"gold":455,"neow_bonus":"THREE_ENEMY_KILL","is_prod":false,"is_daily":false,"chose_seed":false,"campfire_upgraded":4,"win_rate":0,"timestamp":1560359973,"path_taken":["M","?","?","?","$","E","R","E","T","R","?","M","M","E","R","BOSS","M","?","M","$","?","R","E","?","T","E","M","?","R","E","R","BOSS"],"build_version":"2019-01-23","purchased_purges":1,"victory":false,"max_hp_per_floor":[66,66,66,66,66,66,66,66,66,66,66,66,66,66,66,66,66,66,66,66,66,66,66,66,66,66,66,66,33,33,33,33,33],"card_choices":[{"not_picked":["Concentrate","Distraction"],"picked":"Riddle With Holes","floor":1.0},{"not_picked":["Dagger Spray","Sucker Punch"],"picked":"Cloak And Dagger","floor":6.0},{"not_picked":["Outmaneuver","Venomology"],"picked":"Skewer","floor":8.0},{"not_picked":["Deadly Poison","Reflex"],"picked":"Dagger Spray","floor":12.0},{"not_picked":["Dagger Spray","Dagger Throw"],"picked":"Deflect","floor":13.0},{"not_picked":["Outmaneuver","Skewer"],"picked":"Unload","floor":14.0},{"not_picked":["Burst","Unload+1"],"picked":"Wraith Form v2","floor":16.0},{"not_picked":["Flying Knee+1","Deadly Poison"],"picked":"Well Laid Plans","floor":17.0},{"not_picked":["Dagger Throw+1","Blur"],"picked":"Choke+1","floor":17.0},{"not_picked":["Sucker Punch+1","Dagger Spray+1"],"picked":"Calculated Gamble","floor":17.0},{"not_picked":["Finisher+1","Endless Agony+1"],"picked":"Backflip","floor":17.0},{"not_picked":["Calculated Gamble","Sucker Punch+1"],"picked":"Dodge and Roll","floor":17.0},{"not_picked":["Acrobatics","Catalyst+1"],"picked":"Concentrate","floor":18.0},{"not_picked":["Infinite Blades","Slice+1"],"picked":"Noxious Fumes","floor":20.0},{"not_picked":["Well Laid Plans","Accuracy"],"picked":"Dagger Spray+1","floor":22.0},{"not_picked":["Deadly Poison","Outmaneuver","Infinite Blades"],"picked":"SKIP","floor":24},{"not_picked":["Masterful Stab+1","Grand Finale+1"],"picked":"Cloak And Dagger+1","floor":27},{"not_picked":["Bane+1","PiercingWail"],"picked":"Cloak And Dagger","floor":28},{"not_picked":["Crippling Poison","Caltrops"],"picked":"Terror","floor":31}],"player_experience":523254,"relics_obtained":[{"floor":2.0,"key":"Bag of Marbles"},{"floor":6.0,"key":"MawBank"},{"floor":8.0,"key":"Ninja Scroll"},{"floor":9.0,"key":"Vajra"},{"floor":14.0,"key":"Molten Egg 2"},{"floor":24,"key":"Bottled Lightning"},{"floor":26,"key":"Juzu Bracelet"},{"floor":27,"key":"Old Coin"},{"floor":31,"key":"War Paint"}],"event_choices":[{"damage_healed":0.0,"max_hp_gain":0.0,"max_hp_loss":0.0,"gold_gain":0.0,"event_name":"Scrap Ooze","player_choice":"Success","floor":3.0,"gold_loss":0.0,"damage_taken":11.0,"relics_obtained":["Mummified Hand"]},{"damage_healed":16.0,"max_hp_gain":0.0,"max_hp_loss":0.0,"gold_gain":0.0,"event_name":"The Cleric","player_choice":"Healed","floor":4.0,"gold_loss":35.0,"damage_taken":0.0},{"damage_healed":0.0,"max_hp_gain":0.0,"max_hp_loss":0.0,"gold_gain":0.0,"event_name":"The Woman in Blue","player_choice":"Bought 1 Potion","floor":19.0,"gold_loss":0.0,"damage_taken":0.0},{"damage_healed":0,"gold_gain":0,"player_choice":"Inject Mutagens","damage_taken":0,"relics_obtained":["MutagenicStrength"],"max_hp_gain":0,"max_hp_loss":0,"event_name":"Drug Dealer","floor":25,"gold_loss":0},{"damage_healed":0,"gold_gain":0,"player_choice":"Became a Ghost","damage_taken":0,"max_hp_gain":0,"max_hp_loss":33,"event_name":"Ghosts","floor":29,"gold_loss":0,"cards_obtained":["Ghostly","Ghostly","Ghostly"]}],"is_beta":false,"boss_relics":[{"not_picked":["Lizard Tail","White Beast Statue"],"picked":"Orrery"}],"items_purged_floors":[5],"is_endless":false,"potions_floor_spawned":[1,6,13,16,18,24,31],"killed_by":"Automaton","ascension_level":20}