{"gold_per_floor":[114,15,28,203,203,228,258,274,352,368,46,46,60,76,76,177,177,194,212,212,16,0,30,30,30,30,50,85,105,105,115,115,218,218,235,255,0,51,68,68],"floor_reached":40,"playtime":2862,"items_purged":["Doubt"],"score":499,"play_id":"a3054be7-57df-4b26-8c18-1047a3802a50","local_time":"20191014003358","is_ascension_mode":true,"campfire_choices":[{"data":"Zap","floor":12,"key":"SMITH"},{"data":"Defragment","floor":15,"key":"SMITH"},{"floor":24,"key":"REST"},{"data":"Bite","floor":30,"key":"SMITH"},{"data":"White Noise","floor":32,"key":"SMITH"}],"neow_cost":"TEN_PERCENT_HP_LOSS","seed_source_timestamp":289385300427400,"circlet_count":0,"master_deck":["Defend_B","Defend_B+1","Defend_B","Defend_B","Zap+1","Dualcast","Seek","Conserve Battery","Chaos+1","Defragment+1","Ball Lightning","Self Repair","Steam","Chill","Chaos","Storm+1","Barrage","Creative AI+1","Glacier","White Noise+1","RitualDagger","Leap","Turbo+1","Bite","Bite","Bite","Bite","Bite+1","Hologram+1","Cold Snap+1","Amplify","Defragment+1","Skim","Doom and Gloom+1","Conserve Battery","Leap+1","Darkness+1","Stack"],"relics":["Cracked Core","Centennial Puzzle","Bottled Lightning","Frozen Egg 2","Philosopher\u0027s Stone","Singing Bowl","Bottled Flame","Bag of Preparation","Orrery","Red Mask","Incense Burner"],"potions_floor_usage":[6,16,18,23,27,28,31,35,38,40],"damage_taken":[{"damage":1,"enemies":"2 Louse","floor":1,"turns":2},{"damage":5,"enemies":"Small Slimes","floor":3,"turns":2},{"damage":24,"enemies":"Gremlin Nob","floor":6,"turns":5},{"damage":0,"enemies":"Jaw Worm","floor":8,"turns":4},{"damage":3,"enemies":"3 Louse","floor":10,"turns":3},{"damage":3,"enemies":"Large Slime","floor":13,"turns":3},{"damage":0,"enemies":"Blue Slaver","floor":14,"turns":3},{"damage":12,"enemies":"Hexaghost","floor":16,"turns":9},{"damage":8,"enemies":"Chosen","floor":18,"turns":3},{"damage":9,"enemies":"Spheric Guardian","floor":19,"turns":4},{"damage":39,"enemies":"Slavers","floor":23,"turns":5},{"damage":16,"enemies":"Snake Plant","floor":27,"turns":4},{"damage":15,"enemies":"Book of Stabbing","floor":28,"turns":5},{"damage":1,"enemies":"Snecko","floor":29,"turns":4},{"damage":0,"enemies":"Centurion and Healer","floor":31,"turns":5},{"damage":27,"enemies":"Champ","floor":33,"turns":10},{"damage":24,"enemies":"3 Darklings","floor":35,"turns":4},{"damage":5,"enemies":"Orb Walker","floor":36,"turns":2},{"damage":9,"enemies":"2 Orb Walkers","floor":38,"turns":3},{"damage":5,"enemies":"Transient","floor":39,"turns":5},{"damage":67,"enemies":"Reptomancer","floor":40,"turns":3}],"seed_played":"113704911134305089","potions_obtained":[{"floor":1,"key":"GamblersBrew"},{"floor":6,"key":"GamblersBrew"},{"floor":13,"key":"Dexterity Potion"},{"floor":23,"key":"Energy Potion"},{"floor":28,"key":"Block Potion"},{"floor":33,"key":"Energy Potion"},{"floor":36,"key":"AttackPotion"},{"floor":38,"key":"Energy Potion"}],"is_trial":false,"path_per_floor":["M","$","M","?","?","E","?","M","T","M","$","R","M","M","R","B",null,"M","M","?","$","?","E","R","?","T","M","E","M","R","M","R","B",null,"M","M","?","?","M","E"],"character_chosen":"DEFECT","items_purchased":["Defragment","Ball Lightning","Frozen Egg 2","Ancient Potion","FocusPotion","Leap"],"campfire_rested":1,"item_purchase_floors":[2,2,11,11,21,21],"current_hp_per_floor":[67,67,62,62,48,31,31,38,38,42,42,42,46,46,46,41,68,67,65,59,59,59,27,47,47,47,42,44,49,49,51,51,43,55,40,46,46,49,55,0],"gold":68,"neow_bonus":"TRANSFORM_TWO_CARDS","is_prod":false,"is_daily":false,"chose_seed":false,"campfire_upgraded":4,"win_rate":0,"timestamp":1571027638,"path_taken":["M","$","M","?","?","E","?","M","T","M","$","R","M","M","R","BOSS","M","M","?","$","?","E","R","?","T","M","E","M","R","M","R","BOSS","M","M","?","?","M","E"],"build_version":"2019-07-17","purchased_purges":1,"victory":false,"max_hp_per_floor":[68,68,68,68,68,68,68,68,68,68,68,68,68,68,68,68,68,68,68,68,68,68,68,68,47,47,47,47,49,49,51,51,51,55,55,55,55,55,55,55],"card_choices":[{"not_picked":["Reinforced Body","Streamline"],"picked":"Chaos","floor":1},{"not_picked":["Coolheaded","Beam Cell"],"picked":"Self Repair","floor":3},{"not_picked":["Skim","Streamline"],"picked":"Steam","floor":6},{"not_picked":["Conserve Battery","White Noise"],"picked":"Chill","floor":8},{"not_picked":["Streamline","Undo"],"picked":"Chaos","floor":10},{"not_picked":["Cold Snap","Coolheaded"],"picked":"Storm+1","floor":13},{"not_picked":["Streamline","Scrape"],"picked":"Barrage","floor":14},{"not_picked":["Biased Cognition+1","Buffer+1"],"picked":"Creative AI+1","floor":16},{"not_picked":["Reprogram","Streamline"],"picked":"Glacier","floor":18},{"not_picked":["Reinforced Body","Sweeping Beam+1"],"picked":"White Noise","floor":19},{"not_picked":["Skim","Compile Driver"],"picked":"Turbo+1","floor":23},{"not_picked":["Ball Lightning","Capacitor+1"],"picked":"Hologram+1","floor":27},{"not_picked":["Multi-Cast","Stack"],"picked":"Cold Snap+1","floor":28},{"not_picked":["Chill","Conserve Battery+1","Defragment+1"],"picked":"Singing Bowl","floor":29},{"not_picked":["Cold Snap","Go for the Eyes","White Noise"],"picked":"Singing Bowl","floor":31},{"not_picked":["Reboot","Fission"],"picked":"Amplify","floor":33},{"not_picked":["Go for the Eyes","Coolheaded+1"],"picked":"Defragment+1","floor":34},{"not_picked":["Gash","Go for the Eyes+1"],"picked":"Skim","floor":34},{"not_picked":["Redo","Turbo"],"picked":"Doom and Gloom+1","floor":34},{"not_picked":["Reprogram","Leap","Turbo"],"picked":"Singing Bowl","floor":34},{"not_picked":["Ball Lightning","Sweeping Beam+1","Steam"],"picked":"Singing Bowl","floor":34},{"not_picked":["Genetic Algorithm","Scrape"],"picked":"Conserve Battery","floor":35},{"not_picked":["Rip and Tear+1","Gash"],"picked":"Leap+1","floor":36},{"not_picked":["Gash","Hologram+1"],"picked":"Darkness+1","floor":38},{"not_picked":["BootSequence+1","Cold Snap+1"],"picked":"Stack","floor":39}],"player_experience":74205,"relics_obtained":[{"floor":6,"key":"Centennial Puzzle"},{"floor":9,"key":"Bottled Lightning"},{"floor":23,"key":"Singing Bowl"},{"floor":26,"key":"Bottled Flame"},{"floor":28,"key":"Bag of Preparation"},{"floor":38,"key":"Incense Burner"}],"event_choices":[{"damage_healed":0,"gold_gain":175,"player_choice":"AGREE","damage_taken":0,"max_hp_gain":0,"max_hp_loss":0,"event_name":"Liars Game","floor":4,"gold_loss":0,"cards_obtained":["Doubt"]},{"damage_healed":0,"gold_gain":0,"player_choice":"Entered Light","damage_taken":14,"max_hp_gain":0,"max_hp_loss":0,"event_name":"Shining Light","floor":5,"gold_loss":0,"cards_upgraded":["Defend_B","Chaos"]},{"damage_healed":0,"gold_gain":30,"player_choice":"Searched \u00271\u0027 times","damage_taken":0,"max_hp_gain":0,"max_hp_loss":0,"event_name":"Dead Adventurer","floor":7,"gold_loss":0},{"damage_healed":0,"gold_gain":0,"player_choice":"Joined the Cult","damage_taken":6,"max_hp_gain":0,"max_hp_loss":0,"event_name":"Nest","floor":20,"gold_loss":0,"cards_obtained":["RitualDagger"]},{"damage_healed":0,"gold_gain":0,"player_choice":"Paid Fearfully","damage_taken":0,"max_hp_gain":0,"max_hp_loss":0,"event_name":"Masked Bandits","floor":22,"gold_loss":16},{"damage_healed":0,"gold_gain":0,"player_choice":"Became a vampire","damage_taken":0,"max_hp_gain":0,"max_hp_loss":21,"event_name":"Vampires","floor":25,"gold_loss":0,"cards_obtained":["Bite","Bite","Bite","Bite","Bite"]},{"damage_healed":0,"gold_gain":0,"player_choice":"Paid","damage_taken":0,"relics_obtained":["Red Mask"],"max_hp_gain":0,"max_hp_loss":0,"event_name":"Tomb of Lord Red Mask","floor":37,"gold_loss":255},{"damage_healed":0,"gold_gain":0,"player_choice":"Fight","damage_taken":0,"max_hp_gain":0,"max_hp_loss":0,"event_name":"Mysterious Sphere","floor":38,"gold_loss":0}],"is_beta":false,"boss_relics":[{"not_picked":["Lizard Tail","Runic Pyramid"],"picked":"Philosopher\u0027s Stone"},{"not_picked":["Velvet Choker","Fusion Hammer"],"picked":"Orrery"}],"items_purged_floors":[21],"is_endless":false,"potions_floor_spawned":[1,6,13,14,23,28,33,36,38],"killed_by":"Reptomancer","ascension_level":1}