{"gold_per_floor":[110,128,144,163,183,183,215,215,269,285,285,320,338,352,352,449,449,469,469,82,181,83,116,116,131,131,131,131,131,145,145,145,245,245,258,272,282,28,43,43,0,25,48,48,48,63,88,104,104,104],"floor_reached":50,"playtime":3019,"items_purged":["Hyperbeam+1"],"score":534,"play_id":"5f51b6c6-3c96-4789-ac45-a711ac70a037","local_time":"20190405220041","is_ascension_mode":false,"campfire_choices":[{"data":"Zap","floor":6.0,"key":"SMITH"},{"data":"Dualcast","floor":8.0,"key":"SMITH"},{"data":"Beam Cell","floor":15.0,"key":"SMITH"},{"data":"Reinforced Body","floor":24.0,"key":"SMITH"},{"data":"Go for the Eyes","floor":27.0,"key":"SMITH"},{"floor":32.0,"key":"REST"},{"floor":40.0,"key":"REST"},{"floor":45.0,"key":"RECALL"},{"floor":49.0,"key":"REST"}],"neow_cost":"NONE","seed_source_timestamp":12473935836384,"circlet_count":0,"master_deck":["Strike_B","Strike_B","Strike_B","Defend_B","Defend_B","Zap+1","Dualcast+1","All For One","Turbo+1","Go for the Eyes+1","Steam+1","Reinforced Body+1","Conserve Battery","Electrodynamics","Sweeping Beam","Self Repair","Beam Cell+1","Rebound","All For One","Consume+1","Compile Driver+1","Skim","Swift Strike","Rip and Tear+1","Necronomicurse","J.A.X.+1","Scrape+1","Scrape+1","Reboot","Fusion+1","Turbo"],"special_seed":0,"relics":["Cracked Core","Prayer Wheel","War Paint","Bottled Flame","Astrolabe","Torii","Centennial Puzzle","Necronomicon","Busted Crown","Kunai","Red Mask","Happy Flower","Boot","Shovel","Shuriken"],"potions_floor_usage":[50],"damage_taken":[{"damage":0.0,"enemies":"2 Louse","floor":1.0,"turns":2.0},{"damage":1.0,"enemies":"Cultist","floor":2.0,"turns":3.0},{"damage":6.0,"enemies":"Jaw Worm","floor":3.0,"turns":3.0},{"damage":0.0,"enemies":"Exordium Wildlife","floor":4.0,"turns":3.0},{"damage":0.0,"enemies":"Blue Slaver","floor":5.0,"turns":2.0},{"damage":21.0,"enemies":"Gremlin Nob","floor":7.0,"turns":4.0},{"damage":0.0,"enemies":"2 Fungi Beasts","floor":10.0,"turns":2.0},{"damage":3.0,"enemies":"Lagavulin","floor":12.0,"turns":5.0},{"damage":2.0,"enemies":"Looter","floor":13.0,"turns":3.0},{"damage":11.0,"enemies":"Gremlin Gang","floor":14.0,"turns":3.0},{"damage":10.0,"enemies":"The Guardian","floor":16.0,"turns":10.0},{"damage":6.0,"enemies":"3 Byrds","floor":18.0,"turns":3.0},{"damage":39.0,"enemies":"Slavers","floor":23.0,"turns":6.0},{"damage":0.0,"enemies":"Shell Parasite","floor":25.0,"turns":3.0},{"damage":0.0,"enemies":"Snake Plant","floor":30.0,"turns":2.0},{"damage":37.0,"enemies":"Champ","floor":33.0,"turns":7.0},{"damage":15.0,"enemies":"Orb Walker","floor":35.0,"turns":2.0},{"damage":19.0,"enemies":"3 Darklings","floor":36.0,"turns":3.0},{"damage":10.0,"enemies":"4 Shapes","floor":37.0,"turns":2.0},{"damage":16.0,"enemies":"Spire Growth","floor":39.0,"turns":4.0},{"damage":25.0,"enemies":"Giant Head","floor":42.0,"turns":6.0},{"damage":6.0,"enemies":"Maw","floor":46.0,"turns":5.0},{"damage":17.0,"enemies":"Reptomancer","floor":47.0,"turns":4.0},{"damage":0.0,"enemies":"4 Shapes","floor":48.0,"turns":3.0},{"damage":59,"enemies":"Time Eater","floor":50,"turns":6}],"seed_played":"6821624250805533731","potions_obtained":[{"floor":2.0,"key":"PowerPotion"},{"floor":3.0,"key":"EssenceOfSteel"},{"floor":13.0,"key":"Block Potion"},{"floor":35.0,"key":"Weak Potion"},{"floor":46.0,"key":"SkillPotion"}],"is_trial":false,"path_per_floor":["M","M","M","M","M","R","E","R","T","M","?","E","M","M","R","B",null,"M","?","$","?","$","E","R","M","T","R","?","?","M","?","R","B",null,"M","M","M","$","M","R","?","E","T","T","R","M","E","M","R","B"],"character_chosen":"DEFECT","items_purchased":["Torii","Swift Strike","Kunai"],"campfire_rested":3,"item_purchase_floors":[20,22,38],"current_hp_per_floor":[75,74,68,68,68,68,47,47,47,47,40,37,42,31,31,28,75,75,61,61,61,61,29,29,36,36,36,20,20,20,20,44,7,80,72,53,43,43,34,58,58,40,40,40,40,34,24,31,55,0],"gold":104,"neow_bonus":"ONE_RANDOM_RARE_CARD","is_prod":false,"is_daily":false,"chose_seed":false,"campfire_upgraded":5,"win_rate":0,"timestamp":1554516041,"path_taken":["M","M","M","M","M","R","E","R","T","M","?","E","M","?","R","BOSS","M","?","$","?","?","E","R","?","T","R","?","?","M","?","R","BOSS","M","M","?","$","M","R","?","E","T","?","R","?","E","M","R","BOSS"],"build_version":"2019-01-23","purchased_purges":1,"victory":false,"max_hp_per_floor":[75,75,75,75,75,75,75,75,75,75,75,75,75,75,75,75,75,75,80,80,80,80,80,80,80,80,80,80,80,80,80,80,80,80,80,80,80,80,80,80,80,80,80,80,80,80,80,80,80,80],"card_choices":[{"not_picked":["Scrape","Aggregate"],"picked":"Turbo","floor":1.0},{"not_picked":["Turbo","Rebound"],"picked":"Go for the Eyes","floor":2.0},{"not_picked":["Compile Driver","Stack"],"picked":"Steam","floor":3.0},{"not_picked":["Rebound","Double Energy"],"picked":"Reinforced Body","floor":4.0},{"not_picked":["Doom and Gloom","Stack","Glacier"],"picked":"SKIP","floor":5.0},{"not_picked":["Cold Snap","Redo"],"picked":"Conserve Battery","floor":7.0},{"not_picked":["Barrage","Glacier"],"picked":"Electrodynamics","floor":10.0},{"not_picked":["Static Discharge","Force Field"],"picked":"Sweeping Beam","floor":10.0},{"not_picked":["Ball Lightning","Blizzard"],"picked":"Self Repair","floor":12.0},{"not_picked":["Cold Snap","Gash"],"picked":"Beam Cell","floor":13.0},{"not_picked":["Ball Lightning","Chill","Streamline"],"picked":"SKIP","floor":13.0},{"not_picked":["Recycle","Loop"],"picked":"Rebound","floor":14.0},{"not_picked":["Rebound","Consume","Leap"],"picked":"SKIP","floor":14.0},{"not_picked":["Machine Learning","Biased Cognition"],"picked":"All For One","floor":16.0},{"not_picked":["Beam Cell","Turbo"],"picked":"Skim","floor":18.0},{"not_picked":["Blizzard","Darkness","Beam Cell"],"picked":"SKIP","floor":18.0},{"not_picked":["Hologram","Tempest"],"picked":"Rip and Tear+1","floor":23.0},{"not_picked":["Sweeping Beam","Reprogram","Gash"],"picked":"SKIP","floor":25.0},{"not_picked":["Genetic Algorithm","Steam Power","Sweeping Beam"],"picked":"SKIP","floor":25.0},{"not_picked":["Ball Lightning","Streamline"],"picked":"Scrape+1","floor":30.0},{"not_picked":["Reboot","Beam Cell"],"picked":"Scrape+1","floor":30.0},{"not_picked":["Core Surge","Amplify"],"picked":"Reboot","floor":33.0},{"not_picked":[],"picked":"Fusion+1","floor":35.0},{"not_picked":["Streamline"],"picked":"SKIP","floor":35.0},{"not_picked":["Conserve Battery"],"picked":"SKIP","floor":36.0},{"not_picked":["Sweeping Beam+1"],"picked":"SKIP","floor":36.0},{"not_picked":["Capacitor"],"picked":"SKIP","floor":37.0},{"not_picked":["Compile Driver+1"],"picked":"SKIP","floor":37.0},{"not_picked":["Leap"],"picked":"SKIP","floor":39.0},{"not_picked":["Biased Cognition"],"picked":"SKIP","floor":39.0},{"not_picked":["Sunder+1"],"picked":"SKIP","floor":42.0},{"not_picked":["Go for the Eyes+1"],"picked":"SKIP","floor":46.0},{"not_picked":["Compile Driver"],"picked":"SKIP","floor":46.0},{"not_picked":[],"picked":"Turbo","floor":47.0},{"not_picked":["Loop+1"],"picked":"SKIP","floor":48.0},{"not_picked":["Steam"],"picked":"SKIP","floor":48.0}],"player_experience":762602,"relics_obtained":[{"floor":7.0,"key":"Prayer Wheel"},{"floor":9.0,"key":"War Paint"},{"floor":12.0,"key":"Bottled Flame"},{"floor":23.0,"key":"Centennial Puzzle"},{"floor":28.0,"key":"Necronomicon"},{"floor":42.0,"key":"Happy Flower"},{"floor":43.0,"key":"Boot"},{"floor":44.0,"key":"Shovel"},{"floor":47.0,"key":"Shuriken"}],"event_choices":[{"damage_healed":0.0,"max_hp_gain":0.0,"max_hp_loss":0.0,"gold_gain":0.0,"event_name":"Wheel of Change","player_choice":"Damaged","floor":11.0,"gold_loss":0.0,"damage_taken":7.0},{"damage_healed":0.0,"max_hp_gain":5.0,"max_hp_loss":0.0,"gold_gain":0.0,"event_name":"Forgotten Altar","player_choice":"Shed Blood","floor":19.0,"gold_loss":0.0,"damage_taken":19.0},{"damage_healed":0.0,"max_hp_gain":0.0,"max_hp_loss":0.0,"gold_gain":99.0,"event_name":"Nest","player_choice":"Stole From Cult","floor":21.0,"gold_loss":0.0,"damage_taken":0.0},{"damage_healed":0.0,"max_hp_gain":0.0,"max_hp_loss":0.0,"gold_gain":0.0,"event_name":"Cursed Tome","player_choice":"Obtained Book","floor":28.0,"gold_loss":0.0,"damage_taken":16.0},{"damage_healed":0.0,"max_hp_gain":0.0,"max_hp_loss":0.0,"gold_gain":0.0,"event_name":"Drug Dealer","player_choice":"Obtain J.A.X.","floor":29.0,"gold_loss":0.0,"damage_taken":0.0,"cards_obtained":["J.A.X."]},{"damage_healed":0.0,"max_hp_gain":0.0,"max_hp_loss":0.0,"gold_gain":0.0,"event_name":"Upgrade Shrine","player_choice":"Upgraded","floor":31.0,"gold_loss":0.0,"damage_taken":0.0,"cards_upgraded":["J.A.X."]},{"damage_healed":0.0,"max_hp_gain":0.0,"max_hp_loss":0.0,"gold_gain":0.0,"event_name":"Tomb of Lord Red Mask","player_choice":"Paid","floor":41.0,"gold_loss":43.0,"damage_taken":0.0,"relics_obtained":["Red Mask"]}],"is_beta":false,"boss_relics":[{"not_picked":["Tiny House","Lizard Tail"],"picked":"Astrolabe"},{"not_picked":["Eternal Feather","Runic Dome"],"picked":"Busted Crown"}],"items_purged_floors":[20],"is_endless":false,"potions_floor_spawned":[2,3,13,14,16,18,23,35,39,46,47],"killed_by":"Time Eater","ascension_level":0}