{"gold_per_floor":[114,128,128,53,69,69,102,102,128,153,153,181,0,75,75,152,152,166,178,228,228,261,289,305,50,50,75,75,105,124,157,157,230,230,248,248,258,310,322,349,373,411,423,435,461,473,485,529,541,553,565,577,36,62,62],"floor_reached":56,"playtime":3887,"items_purged":["Strike_R","Strike_R","Reckless Charge"],"score":2257,"play_id":"f86e04d5-78f1-4ec4-80e2-eeee24215a5c","local_time":"20190702185608","is_ascension_mode":true,"campfire_choices":[{"data":"True Grit","floor":6.0,"key":"SMITH"},{"data":"Demon Form","floor":8.0,"key":"SMITH"},{"data":"True Grit","floor":15.0,"key":"SMITH"},{"floor":32,"key":"REST"},{"floor":46,"key":"RECALL"},{"data":"Heavy Blade","floor":49,"key":"SMITH"},{"data":"Clothesline","floor":52,"key":"SMITH"}],"neow_cost":"NONE","seed_source_timestamp":752949116893732,"circlet_count":0,"master_deck":["AscendersBane","Strike_R","Strike_R+1","Strike_R+1","Defend_R","Defend_R","Defend_R","Defend_R","Bash","Clothesline+1","True Grit+1","Evolve","Demon Form+1","True Grit+1","Cleave","Feel No Pain","Impervious","Flame Barrier","Heavy Blade+1","Necronomicurse","Headbutt","Juggernaut","Exhume","Reaper","Flame Barrier+1","Power Through","Corruption+1","Dark Embrace","Sentinel","Demon Form","Master of Strategy","Demon Form","Clothesline"],"special_seed":0,"relics":["Burning Blood","NeowsBlessing","Whetstone","Omamori","Blue Candle","Oddly Smooth Stone","Art of War","Snecko Eye","Meat on the Bone","Red Mask","Ice Cream","Orichalcum","Regal Pillow","Strawberry","Necronomicon","Paper Frog","Mercury Hourglass","Coffee Dripper","Charon\u0027s Ashes","MawBank","Self Forming Clay","Pen Nib","Membership Card","Kunai","Champion Belt"],"potions_floor_usage":[29,55,55,55,55],"damage_taken":[{"damage":0.0,"enemies":"Jaw Worm","floor":1.0,"turns":1.0},{"damage":0.0,"enemies":"Cultist","floor":2.0,"turns":1.0},{"damage":0.0,"enemies":"Small Slimes","floor":5.0,"turns":1.0},{"damage":37.0,"enemies":"3 Sentries","floor":7.0,"turns":12.0},{"damage":23.0,"enemies":"Gremlin Nob","floor":10.0,"turns":5.0},{"damage":9.0,"enemies":"Lagavulin","floor":12.0,"turns":6.0},{"damage":28.0,"enemies":"Slime Boss","floor":16.0,"turns":8.0},{"damage":0.0,"enemies":"Chosen","floor":18.0,"turns":5.0},{"damage":34.0,"enemies":"2 Thieves","floor":19.0,"turns":4.0},{"damage":29.0,"enemies":"Masked Bandits","floor":22.0,"turns":5.0},{"damage":23.0,"enemies":"Book of Stabbing","floor":23.0,"turns":5.0},{"damage":2.0,"enemies":"Snake Plant","floor":24.0,"turns":3.0},{"damage":31.0,"enemies":"Gremlin Leader","floor":27.0,"turns":7.0},{"damage":9,"enemies":"Book of Stabbing","floor":29,"turns":4},{"damage":2,"enemies":"Sentry and Sphere","floor":30,"turns":5},{"damage":20,"enemies":"Slavers","floor":31,"turns":4},{"damage":26,"enemies":"Automaton","floor":33,"turns":8},{"damage":9,"enemies":"3 Darklings","floor":35,"turns":9},{"damage":10,"enemies":"Orb Walker","floor":37,"turns":4},{"damage":59,"enemies":"2 Orb Walkers","floor":38,"turns":6},{"damage":0,"enemies":"3 Darklings","floor":39,"turns":4},{"damage":0,"enemies":"Giant Head","floor":40,"turns":7},{"damage":4,"enemies":"Transient","floor":41,"turns":5},{"damage":0,"enemies":"Nemesis","floor":42,"turns":7},{"damage":0,"enemies":"4 Shapes","floor":45,"turns":3},{"damage":0,"enemies":"Giant Head","floor":48,"turns":6},{"damage":42,"enemies":"Donu and Deca","floor":50,"turns":6},{"damage":61,"enemies":"Shield and Spear","floor":54,"turns":5},{"damage":29,"enemies":"The Heart","floor":55,"turns":7}],"seed_played":"-3433957053277114893","potions_obtained":[{"floor":1.0,"key":"EssenceOfSteel"},{"floor":3.0,"key":"FearPotion"},{"floor":10.0,"key":"Swift Potion"},{"floor":18.0,"key":"Fruit Juice"},{"floor":22.0,"key":"Energy Potion"},{"floor":29,"key":"Weak Potion"},{"floor":30,"key":"Energy Potion"},{"floor":31,"key":"EssenceOfSteel"},{"floor":37,"key":"Regen Potion"},{"floor":45,"key":"EntropicBrew"}],"is_trial":false,"path_per_floor":["M","M","?","$","M","R","E","R","T","E","?","E","$","?","R","B",null,"M","M","?","?","?","E","M","$","T","E","?","E","M","E","R","B",null,"M","?","M","?","M","E","M","E","T","?","M","R","?","E","R","B",null,"R","$","E","B",null],"character_chosen":"IRONCLAD","items_purchased":["Feel No Pain","Art of War","Orichalcum","Membership Card","Kunai","Master of Strategy","Demon Form"],"campfire_rested":1,"item_purchase_floors":[13,13,25,53,53,53,53],"current_hp_per_floor":[74,75,75,75,75,75,44,44,44,27,45,42,42,31,31,9,59,65,37,37,37,31,26,42,42,42,36,15,24,40,38,79,59,80,87,87,83,61,87,87,87,87,87,83,83,83,83,83,83,83,83,83,83,47,77],"gold":62,"neow_bonus":"THREE_ENEMY_KILL","is_prod":false,"is_daily":false,"chose_seed":false,"campfire_upgraded":5,"win_rate":0,"timestamp":1562086568,"path_taken":["M","M","?","$","?","R","E","R","T","E","?","E","$","?","R","BOSS","M","M","?","?","?","E","M","?","T","E","?","E","M","E","R","BOSS","M","?","M","?","M","E","M","E","T","?","M","R","?","E","R","BOSS","R","$","E","BOSS"],"build_version":"2019-07-01","purchased_purges":3,"victory":true,"max_hp_per_floor":[75,75,75,75,75,75,75,75,75,75,75,75,75,75,75,75,75,75,75,75,75,80,80,80,80,80,87,87,87,87,87,87,87,87,87,87,87,87,87,87,87,87,87,83,83,83,83,83,83,83,83,83,83,83,83],"card_choices":[{"not_picked":["Reckless Charge","Clash"],"picked":"Clothesline","floor":1.0},{"not_picked":["Flex","Searing Blow"],"picked":"True Grit","floor":2.0},{"not_picked":["Pommel Strike","Thunderclap"],"picked":"Evolve","floor":5.0},{"not_picked":["Sword Boomerang","Ghostly Armor"],"picked":"Demon Form","floor":7.0},{"not_picked":["Cleave","Sentinel"],"picked":"True Grit","floor":10.0},{"not_picked":["Sever Soul","Iron Wave"],"picked":"Cleave","floor":12.0},{"not_picked":["Immolate","Feed"],"picked":"Impervious","floor":16.0},{"not_picked":["Wild Strike+1","Havoc","Ghostly Armor"],"picked":"SKIP","floor":18.0},{"not_picked":["Thunderclap+1","Cleave"],"picked":"Sword Boomerang","floor":19.0},{"not_picked":["Intimidate","Rupture"],"picked":"Flame Barrier","floor":22.0},{"not_picked":["Armaments","True Grit","Body Slam"],"picked":"SKIP","floor":23.0},{"not_picked":["Seeing Red","Cleave"],"picked":"Heavy Blade","floor":24.0},{"not_picked":["Entrench","Dual Wield"],"picked":"Reckless Charge","floor":27.0},{"not_picked":["Warcry","Anger"],"picked":"Headbutt","floor":29},{"not_picked":["Carnage","Flex"],"picked":"Juggernaut","floor":30},{"not_picked":["Twin Strike","Thunderclap"],"picked":"Exhume","floor":31},{"not_picked":["Dark Embrace","Double Tap"],"picked":"Reaper","floor":33},{"not_picked":["Anger","Combust","Pommel Strike"],"picked":"SKIP","floor":35},{"not_picked":["Intimidate","Twin Strike"],"picked":"Flame Barrier+1","floor":37},{"not_picked":["Cleave","Combust"],"picked":"Power Through","floor":38},{"not_picked":["Shrug It Off","True Grit"],"picked":"Corruption+1","floor":39},{"not_picked":["Spot Weakness","Uppercut"],"picked":"Dark Embrace","floor":40},{"not_picked":["Fire Breathing","Havoc"],"picked":"Sentinel","floor":41},{"not_picked":["Warcry","Dropkick+1","True Grit+1"],"picked":"SKIP","floor":42},{"not_picked":["Iron Wave","Headbutt+1","Sword Boomerang"],"picked":"SKIP","floor":45},{"not_picked":["Clothesline","Shrug It Off"],"picked":"Demon Form","floor":48},{"not_picked":["Perfected Strike","Carnage"],"picked":"Clothesline","floor":54}],"player_experience":610444,"relics_obtained":[{"floor":7.0,"key":"Whetstone"},{"floor":9.0,"key":"Omamori"},{"floor":10.0,"key":"Blue Candle"},{"floor":12.0,"key":"Oddly Smooth Stone"},{"floor":22.0,"key":"Red Mask"},{"floor":23.0,"key":"Ice Cream"},{"floor":26.0,"key":"Regal Pillow"},{"floor":27.0,"key":"Strawberry"},{"floor":28.0,"key":"Necronomicon"},{"floor":29,"key":"Paper Frog"},{"floor":31,"key":"Mercury Hourglass"},{"floor":38,"key":"Charon\u0027s Ashes"},{"floor":40,"key":"MawBank"},{"floor":42,"key":"Self Forming Clay"},{"floor":48,"key":"Pen Nib"},{"floor":54,"key":"Champion Belt"}],"event_choices":[{"damage_healed":0.0,"max_hp_gain":0.0,"max_hp_loss":0.0,"gold_gain":0.0,"event_name":"Lab","player_choice":"Got Potions","floor":3.0,"gold_loss":0.0,"damage_taken":0.0},{"damage_healed":18.0,"max_hp_gain":0.0,"max_hp_loss":0.0,"gold_gain":0.0,"event_name":"Mushrooms","player_choice":"Healed and dodged fight","floor":11.0,"gold_loss":0.0,"damage_taken":0.0,"cards_obtained":["Parasite"]},{"damage_healed":0.0,"max_hp_gain":0.0,"max_hp_loss":0.0,"gold_gain":75.0,"event_name":"World of Goop","player_choice":"Gather Gold","floor":14.0,"gold_loss":0.0,"damage_taken":11.0},{"damage_healed":0.0,"max_hp_gain":0.0,"max_hp_loss":0.0,"gold_gain":50.0,"event_name":"Nest","player_choice":"Stole From Cult","floor":20.0,"gold_loss":0.0,"damage_taken":0.0},{"damage_healed":0.0,"max_hp_gain":0.0,"max_hp_loss":0.0,"gold_gain":0.0,"event_name":"Addict","player_choice":"Stole Relic","floor":21.0,"gold_loss":0.0,"damage_taken":0.0,"relics_obtained":["Meat on the Bone"],"cards_obtained":["Shame"]},{"damage_healed":0.0,"max_hp_gain":0.0,"max_hp_loss":0.0,"gold_gain":0.0,"event_name":"Masked Bandits","player_choice":"Fought Bandits","floor":22.0,"gold_loss":0.0,"damage_taken":0.0},{"damage_healed":0.0,"max_hp_gain":0.0,"max_hp_loss":0.0,"gold_gain":0.0,"event_name":"Cursed Tome","player_choice":"Obtained Book","floor":28.0,"gold_loss":0.0,"damage_taken":21.0},{"cards_removed":["Sword Boomerang"],"damage_healed":0,"gold_gain":0,"player_choice":"Removed Attack","damage_taken":0,"max_hp_gain":0,"max_hp_loss":0,"event_name":"Falling","floor":36,"gold_loss":0},{"damage_healed":0,"gold_gain":0,"player_choice":"Fight","damage_taken":0,"max_hp_gain":0,"max_hp_loss":0,"event_name":"Mysterious Sphere","floor":38,"gold_loss":0},{"damage_healed":0,"gold_gain":0,"player_choice":"Max HP","damage_taken":0,"max_hp_gain":0,"max_hp_loss":4,"event_name":"Winding Halls","floor":44,"gold_loss":0},{"damage_healed":0,"gold_gain":0,"player_choice":"Ignored","damage_taken":0,"max_hp_gain":0,"max_hp_loss":0,"event_name":"Tomb of Lord Red Mask","floor":47,"gold_loss":0}],"is_beta":false,"boss_relics":[{"not_picked":["Eternal Feather","White Beast Statue"],"picked":"Snecko Eye"},{"not_picked":["Calling Bell","Runic Cube"],"picked":"Coffee Dripper"}],"items_purged_floors":[4,25,53],"is_endless":false,"potions_floor_spawned":[1,10,18,22,29,30,31,37,40,41,45,54],"ascension_level":15}