{"gold_per_floor":[119,44,44,59,59,92,115,115,163,183,183,183,83,83,83,181,181,196,210,85,95,95,122,141,152,152,2,2,22,39,58,58,58],"floor_reached":33,"playtime":1323,"items_purged":["Strike_R","Strike_R","Strike_R","Strike_R"],"score":292,"play_id":"28cba18a-c041-4fb1-bfe4-b697aae9484a","local_time":"20190730210506","is_ascension_mode":false,"campfire_choices":[{"floor":8.0,"key":"REST"},{"data":"Dropkick","floor":11.0,"key":"SMITH"},{"data":"Strike_R","floor":15.0,"key":"SMITH"},{"data":"Defend_R","floor":28.0,"key":"SMITH"},{"floor":32,"key":"REST"}],"neow_cost":"NONE","seed_source_timestamp":700026687991597,"circlet_count":0,"master_deck":["Strike_R+1","Defend_R","Defend_R","Defend_R","Defend_R+1","Bash+1","Dropkick+1","Feed"],"special_seed":0,"relics":["Burning Blood","Incense Burner","Odd Mushroom","Juzu Bracelet","StoneCalendar","Ice Cream","Busted Crown","Dodecahedron","Orichalcum"],"potions_floor_usage":[29,33],"damage_taken":[{"damage":6.0,"enemies":"Jaw Worm","floor":1.0,"turns":3.0},{"damage":1.0,"enemies":"Cultist","floor":4.0,"turns":4.0},{"damage":41.0,"enemies":"Gremlin Nob","floor":6.0,"turns":5.0},{"damage":28.0,"enemies":"The Mushroom Lair","floor":7.0,"turns":5.0},{"damage":0.0,"enemies":"2 Louse","floor":10.0,"turns":4.0},{"damage":1.0,"enemies":"Slime Boss","floor":16.0,"turns":7.0},{"damage":19.0,"enemies":"Spheric Guardian","floor":18.0,"turns":5.0},{"damage":15.0,"enemies":"2 Thieves","floor":19.0,"turns":4.0},{"damage":7.0,"enemies":"Snecko","floor":21.0,"turns":7.0},{"damage":56.0,"enemies":"Book of Stabbing","floor":23.0,"turns":6.0},{"damage":17.0,"enemies":"Snake Plant","floor":24.0,"turns":3.0},{"damage":4.0,"enemies":"Shelled Parasite and Fungi","floor":25.0,"turns":6.0},{"damage":28,"enemies":"Sentry and Sphere","floor":29,"turns":7},{"damage":4,"enemies":"Snecko","floor":30,"turns":6},{"damage":29,"enemies":"Snake Plant","floor":31,"turns":6},{"damage":57,"enemies":"Collector","floor":33,"turns":10}],"seed_played":"-4984470749410729354","potions_obtained":[{"floor":6.0,"key":"LiquidBronze"},{"floor":10.0,"key":"Regen Potion"},{"floor":16.0,"key":"Regen Potion"},{"floor":21.0,"key":"LiquidBronze"},{"floor":23.0,"key":"AttackPotion"},{"floor":25.0,"key":"Ancient Potion"},{"floor":30,"key":"Fruit Juice"}],"is_trial":false,"path_per_floor":["M","$","?","M","$","E","?","R","T","M","R","T","$","?","R","B",null,"M","M","$","M","?","E","M","M","T","$","R","M","M","M","R","B"],"character_chosen":"IRONCLAD","items_purchased":[],"campfire_rested":2,"item_purchase_floors":[],"current_hp_per_floor":[80,80,80,80,80,45,23,47,47,53,53,53,53,41,41,46,80,70,61,61,63,63,53,45,50,50,50,50,31,36,13,42,0],"gold":58,"neow_bonus":"UPGRADE_CARD","is_prod":false,"is_daily":false,"chose_seed":false,"campfire_upgraded":3,"win_rate":0,"timestamp":1564535106,"path_taken":["M","$","?","M","?","E","?","R","T","M","R","?","$","?","R","BOSS","M","M","$","M","?","E","M","M","T","$","R","M","M","M","R","BOSS"],"build_version":"2019-07-17","purchased_purges":4,"victory":false,"max_hp_per_floor":[80,80,80,80,80,80,80,80,80,80,80,80,80,80,80,80,80,83,83,83,86,86,86,89,92,92,92,92,95,98,98,98,103],"card_choices":[{"not_picked":["Pommel Strike","Wild Strike","Spot Weakness"],"picked":"SKIP","floor":1.0},{"not_picked":["Iron Wave","Shrug It Off","Anger"],"picked":"SKIP","floor":4.0},{"not_picked":["Clash","Sword Boomerang"],"picked":"Dropkick","floor":6.0},{"not_picked":["Blood for Blood","Battle Trance","Wild Strike"],"picked":"SKIP","floor":10.0},{"not_picked":["Barricade","Exhume"],"picked":"Feed","floor":16.0},{"not_picked":["Heavy Blade"],"picked":"SKIP","floor":18.0},{"not_picked":["Wild Strike+1"],"picked":"SKIP","floor":19.0},{"not_picked":["Thunderclap"],"picked":"SKIP","floor":21.0},{"not_picked":["Anger"],"picked":"SKIP","floor":23.0},{"not_picked":["Perfected Strike"],"picked":"SKIP","floor":24.0},{"not_picked":["Carnage"],"picked":"SKIP","floor":25.0},{"not_picked":["Second Wind"],"picked":"SKIP","floor":29},{"not_picked":["Carnage"],"picked":"SKIP","floor":30},{"not_picked":["Clothesline+1"],"picked":"SKIP","floor":31}],"player_experience":1188682,"relics_obtained":[{"floor":6.0,"key":"Incense Burner"},{"floor":7.0,"key":"Odd Mushroom"},{"floor":9.0,"key":"Juzu Bracelet"},{"floor":12.0,"key":"StoneCalendar"},{"floor":23.0,"key":"Dodecahedron"},{"floor":26.0,"key":"Orichalcum"}],"event_choices":[{"damage_healed":0.0,"max_hp_gain":0.0,"max_hp_loss":0.0,"gold_gain":0.0,"event_name":"WeMeetAgain","player_choice":"Ignored","floor":3.0,"gold_loss":0.0,"damage_taken":0.0},{"damage_healed":0.0,"max_hp_gain":0.0,"max_hp_loss":0.0,"gold_gain":0.0,"event_name":"Mushrooms","player_choice":"Fought Mushrooms","floor":7.0,"gold_loss":0.0,"damage_taken":0.0},{"damage_healed":0.0,"max_hp_gain":0.0,"max_hp_loss":0.0,"gold_gain":0.0,"event_name":"Scrap Ooze","player_choice":"Success","floor":14.0,"gold_loss":0.0,"damage_taken":12.0,"relics_obtained":["Ice Cream"]},{"damage_healed":0.0,"max_hp_gain":0.0,"max_hp_loss":0.0,"gold_gain":0.0,"event_name":"The Woman in Blue","player_choice":"Bought 0 Potions","floor":22.0,"gold_loss":0.0,"damage_taken":0.0}],"is_beta":false,"boss_relics":[{"not_picked":["Calling Bell","Lizard Tail"],"picked":"Busted Crown"}],"items_purged_floors":[2,13,20,27],"is_endless":false,"potions_floor_spawned":[6,10,16,21,23,25,30],"killed_by":"Collector","ascension_level":0}