{"gold_per_floor":[113,4,4,4,18,18,18,51,123,153,166,166,191,191,191,293,293,293,293,293,293,293,293,293,293,293,293,293,293,293,119,119,119,119,119,119,119,119,45,45,45,45,45,45,5,5,5,5,5,5,5,5,5,5,5],"floor_reached":55,"playtime":4169,"items_purged":["Defend_G"],"score":796,"play_id":"0b7f6ba5-50b4-44c4-b41a-d18a4ac8512f","local_time":"20190415230807","is_ascension_mode":false,"campfire_choices":[{"data":"Neutralize","floor":6.0,"key":"SMITH"},{"data":"Flechettes","floor":12.0,"key":"SMITH"},{"floor":15.0,"key":"REST"},{"data":"Dash","floor":23.0,"key":"SMITH"},{"data":"Backflip","floor":25.0,"key":"SMITH"},{"data":"Malaise","floor":27.0,"key":"SMITH"},{"data":"Corpse Explosion","floor":32.0,"key":"SMITH"},{"data":"Outmaneuver","floor":41.0,"key":"SMITH"},{"floor":44.0,"key":"REST"},{"floor":47.0,"key":"REST"},{"floor":49.0,"key":"RECALL"},{"data":"Outmaneuver","floor":52.0,"key":"SMITH"}],"neow_cost":"NONE","seed_source_timestamp":0,"circlet_count":0,"master_deck":["Defend_G","Defend_G","Defend_G","Defend_G","Strike_G+1","Strike_G","Strike_G","Strike_G","Survivor","Neutralize+1","Blade Dance","Dash+1","Backstab+1","Infinite Blades","Malaise+1","Flechettes+1","Outmaneuver+1","Tools of the Trade+1","Corpse Explosion+1","Caltrops+1","Backflip+1","Caltrops+1","PiercingWail","Acrobatics+1","RitualDagger","Well Laid Plans+1","Deflect","Malaise","Well Laid Plans+1","Outmaneuver+1","Skewer+1","Caltrops+1","Terror","Backflip+1"],"special_seed":0,"relics":["Ring of the Snake","Bag of Preparation","Prayer Wheel","Frozen Egg 2","Bottled Flame","Bronze Scales","Ectoplasm","Smiling Mask","Pear","Dream Catcher","Strawberry","Black Star","Turnip","Snake Skull","MawBank","Nunchaku","Ninja Scroll","Shuriken","Mango","Whetstone"],"potions_floor_usage":[55,55,55],"damage_taken":[{"damage":1.0,"enemies":"Cultist","floor":1.0,"turns":4.0},{"damage":0.0,"enemies":"Small Slimes","floor":5.0,"turns":2.0},{"damage":27.0,"enemies":"Gremlin Nob","floor":8.0,"turns":6.0},{"damage":11.0,"enemies":"3 Sentries","floor":10.0,"turns":11.0},{"damage":1.0,"enemies":"Jaw Worm","floor":11.0,"turns":2.0},{"damage":21.0,"enemies":"Gremlin Nob","floor":13.0,"turns":4.0},{"damage":11.0,"enemies":"The Guardian","floor":16.0,"turns":14.0},{"damage":0.0,"enemies":"3 Byrds","floor":18.0,"turns":4.0},{"damage":10.0,"enemies":"Spheric Guardian","floor":21.0,"turns":3.0},{"damage":1.0,"enemies":"Chosen and Byrds","floor":22.0,"turns":4.0},{"damage":6.0,"enemies":"Book of Stabbing","floor":24.0,"turns":4.0},{"damage":3.0,"enemies":"Gremlin Leader","floor":30.0,"turns":7.0},{"damage":33.0,"enemies":"Automaton","floor":33.0,"turns":10.0},{"damage":1.0,"enemies":"3 Shapes","floor":35.0,"turns":5.0},{"damage":11.0,"enemies":"Mind Bloom Boss Battle","floor":36.0,"turns":6.0},{"damage":0.0,"enemies":"3 Darklings","floor":38.0,"turns":2.0},{"damage":22.0,"enemies":"Reptomancer","floor":40.0,"turns":8.0},{"damage":36.0,"enemies":"Giant Head","floor":42.0,"turns":11.0},{"damage":31.0,"enemies":"Time Eater","floor":50.0,"turns":9.0},{"damage":46.0,"enemies":"Shield and Spear","floor":54.0,"turns":3.0},{"damage":55,"enemies":"The Heart","floor":55,"turns":8}],"seed_played":"3863063552064353073","potions_obtained":[{"floor":10.0,"key":"Weak Potion"},{"floor":11.0,"key":"Poison Potion"},{"floor":16.0,"key":"SkillPotion"},{"floor":33.0,"key":"FearPotion"},{"floor":35.0,"key":"PowerPotion"},{"floor":36.0,"key":"LiquidBronze"},{"floor":54.0,"key":"PowerPotion"}],"is_trial":false,"path_per_floor":["M","$","$","?","M","R","$","E","T","E","M","R","E","?","R","B",null,"M","?","T","M","M","R","E","R","T","R","?","?","E","$","R","B",null,"M","?","?","M","$","E","R","E","T","R","$","?","R","$","R","B",null,"R","$","E","B"],"character_chosen":"THE_SILENT","items_purchased":["Dash","Backstab","Well Laid Plans+1","Deflect","GhostInAJar","Terror"],"campfire_rested":3,"item_purchase_floors":[2,2,31,31,39,45],"current_hp_per_floor":[69,69,69,69,69,69,69,42,42,31,30,30,9,2,23,12,70,70,70,70,60,59,59,53,53,63,63,57,57,61,61,61,28,87,86,75,75,75,75,53,53,17,17,43,43,43,69,69,69,38,87,87,87,55,0],"gold":5,"neow_bonus":"RANDOM_COMMON_RELIC","is_prod":false,"is_daily":false,"chose_seed":false,"campfire_upgraded":8,"win_rate":0,"timestamp":1555384087,"path_taken":["M","?","$","?","M","R","?","E","T","E","M","R","E","?","R","BOSS","M","?","?","M","M","R","E","R","T","R","?","?","E","?","R","BOSS","M","?","?","M","$","E","R","E","T","R","$","?","R","?","R","BOSS","R","$","E","BOSS"],"build_version":"2019-01-23","purchased_purges":1,"victory":false,"max_hp_per_floor":[70,70,70,70,70,70,70,70,70,70,70,70,70,70,70,70,70,70,70,70,70,70,70,70,70,80,80,80,80,87,87,87,87,87,87,87,87,87,87,87,87,87,87,87,87,87,87,87,87,87,87,87,87,101,101],"card_choices":[{"not_picked":["Concentrate","Finisher"],"picked":"Blade Dance","floor":1.0},{"not_picked":["PiercingWail","Poisoned Stab"],"picked":"Infinite Blades","floor":5.0},{"not_picked":["Dagger Spray","Blur"],"picked":"Malaise","floor":8.0},{"not_picked":["Dodge and Roll","Choke"],"picked":"Flechettes","floor":10.0},{"not_picked":["Dagger Spray","Slice"],"picked":"Outmaneuver","floor":11.0},{"not_picked":["Acrobatics","Outmaneuver","Riddle With Holes"],"picked":"SKIP","floor":11.0},{"not_picked":["Eviscerate","Footwork+1"],"picked":"Tools of the Trade+1","floor":13.0},{"not_picked":["Bullet Time","Doppelganger"],"picked":"Corpse Explosion","floor":16.0},{"not_picked":["Deadly Poison","Glass Knife"],"picked":"Caltrops+1","floor":18.0},{"not_picked":["Cloak And Dagger","PiercingWail","Dodge and Roll+1"],"picked":"SKIP","floor":18.0},{"not_picked":["Cloak And Dagger","Dagger Spray"],"picked":"Caltrops+1","floor":21.0},{"not_picked":["Slice","Masterful Stab","Dagger Throw+1"],"picked":"SKIP","floor":21.0},{"not_picked":["Backflip+1","Sucker Punch+1"],"picked":"PiercingWail","floor":22.0},{"not_picked":["Deadly Poison","Dodge and Roll","Blade Dance"],"picked":"SKIP","floor":22.0},{"not_picked":["Deadly Poison","Dodge and Roll","Blade Dance"],"picked":"SKIP","floor":22.0},{"not_picked":["Cloak And Dagger","Slice"],"picked":"Acrobatics+1","floor":24.0},{"not_picked":["Dash+1","Deadly Poison","Grand Finale"],"picked":"SKIP","floor":30.0},{"not_picked":["Adrenaline","A Thousand Cuts+1"],"picked":"Malaise","floor":33.0},{"not_picked":["Heel Hook+1","Poisoned Stab+1","Quick Slash"],"picked":"SKIP","floor":35.0},{"not_picked":["Acrobatics","Escape Plan","Flying Knee+1"],"picked":"SKIP","floor":35.0},{"not_picked":["Dagger Throw+1","Underhanded Strike+1"],"picked":"Well Laid Plans+1","floor":38.0},{"not_picked":["Accuracy+1","Flying Knee+1","Underhanded Strike"],"picked":"SKIP","floor":38.0},{"not_picked":["Accuracy+1","Escape Plan"],"picked":"Outmaneuver","floor":40.0},{"not_picked":["Tactician","Riddle With Holes"],"picked":"Skewer+1","floor":42.0},{"not_picked":["Bane+1","Flechettes+1"],"picked":"Caltrops+1","floor":44.0},{"not_picked":["Blade Dance+1","A Thousand Cuts+1"],"picked":"Backflip+1","floor":54.0}],"player_experience":811519,"relics_obtained":[{"floor":8.0,"key":"Prayer Wheel"},{"floor":9.0,"key":"Frozen Egg 2"},{"floor":10.0,"key":"Bottled Flame"},{"floor":13.0,"key":"Bronze Scales"},{"floor":24.0,"key":"Smiling Mask"},{"floor":26.0,"key":"Pear"},{"floor":30.0,"key":"Strawberry"},{"floor":36.0,"key":"Turnip"},{"floor":40.0,"key":"Snake Skull"},{"floor":40.0,"key":"MawBank"},{"floor":42.0,"key":"Nunchaku"},{"floor":42.0,"key":"Ninja Scroll"},{"floor":43.0,"key":"Shuriken"},{"floor":54.0,"key":"Mango"},{"floor":54.0,"key":"Whetstone"}],"event_choices":[{"damage_healed":0.0,"max_hp_gain":0.0,"max_hp_loss":0.0,"gold_gain":0.0,"event_name":"The Cleric","player_choice":"Leave","floor":4.0,"gold_loss":0.0,"damage_taken":0.0},{"cards_removed":["Strike_G"],"damage_healed":0.0,"max_hp_gain":0.0,"max_hp_loss":0.0,"gold_gain":0.0,"event_name":"Golden Wing","player_choice":"Card Removal","floor":14.0,"gold_loss":0.0,"damage_taken":7.0},{"damage_healed":0.0,"max_hp_gain":0.0,"max_hp_loss":0.0,"gold_gain":0.0,"event_name":"The Library","player_choice":"Read","floor":19.0,"gold_loss":0.0,"damage_taken":0.0,"cards_obtained":["Backflip"]},{"damage_healed":0.0,"max_hp_gain":0.0,"max_hp_loss":0.0,"gold_gain":0.0,"event_name":"Nest","player_choice":"Joined the Cult","floor":28.0,"gold_loss":0.0,"damage_taken":6.0,"cards_obtained":["RitualDagger"]},{"damage_healed":0.0,"max_hp_gain":0.0,"max_hp_loss":0.0,"gold_gain":0.0,"event_name":"The Mausoleum","player_choice":"Opened","floor":29.0,"gold_loss":0.0,"damage_taken":0.0,"relics_obtained":["Dream Catcher"]},{"damage_healed":0.0,"max_hp_gain":0.0,"max_hp_loss":0.0,"gold_gain":0.0,"event_name":"MindBloom","player_choice":"Fight","floor":36.0,"gold_loss":0.0,"damage_taken":0.0},{"damage_healed":0.0,"max_hp_gain":0.0,"max_hp_loss":0.0,"gold_gain":0.0,"event_name":"SensoryStone","player_choice":"Memory 1","floor":37.0,"gold_loss":0.0,"damage_taken":0.0},{"damage_healed":0.0,"max_hp_gain":0.0,"max_hp_loss":0.0,"gold_gain":0.0,"event_name":"Mysterious Sphere","player_choice":"Ignored","floor":46.0,"gold_loss":0.0,"damage_taken":0.0}],"is_beta":false,"boss_relics":[{"not_picked":["Philosopher\u0027s Stone","WristBlade"],"picked":"Ectoplasm"},{"not_picked":["HoveringKite","Runic Pyramid"],"picked":"Black Star"}],"items_purged_floors":[31],"is_endless":false,"potions_floor_spawned":[10,11,16,33,35,36,40,54],"killed_by":"The Heart","ascension_level":0}