{"gold_per_floor":[113,113,113,2,2,32,42,58,58,58,86,86,120,130,130,201,201,217,142,158,73,73,73,105,120,120,135,135,148,177,192,192,270,320,330,330,350,364,115,115,149,249,249,281,69,80,80,95,95,95,95,95,7,34,34],"floor_reached":56,"playtime":2770,"items_purged":["Regret","Strike_R"],"score":2076,"play_id":"e2956116-9c4a-454c-8cbb-3d044ee53c6f","local_time":"20190917232446","is_ascension_mode":true,"campfire_choices":[{"data":"Heavy Blade","floor":10.0,"key":"SMITH"},{"data":"Limit Break","floor":12.0,"key":"SMITH"},{"data":"Spot Weakness","floor":15.0,"key":"SMITH"},{"data":"Disarm","floor":23.0,"key":"SMITH"},{"data":"True Grit","floor":28.0,"key":"SMITH"},{"data":"Flame Barrier","floor":32.0,"key":"SMITH"},{"data":"Impervious","floor":40.0,"key":"SMITH"},{"floor":47.0,"key":"RECALL"},{"data":"Sword Boomerang","floor":49.0,"key":"SMITH"},{"data":"Shrug It Off","floor":52.0,"key":"SMITH"}],"neow_cost":"NONE","seed_source_timestamp":427929234694100,"circlet_count":0,"master_deck":["AscendersBane","Strike_R","Strike_R","Strike_R","Defend_R+1","Defend_R","Defend_R","Defend_R","Bash+1","Pommel Strike+1","Spot Weakness+1","Heavy Blade+1","Limit Break+1","Shrug It Off+1","Impervious+1","Disarm+1","True Grit+1","Inflame+1","Flame Barrier+1","Limit Break+1","Iron Wave+1","Shrug It Off","Burning Pact","Shrug It Off+1","Heavy Blade+1","Shrug It Off","Offering","Sword Boomerang+1","Immolate","Impatience","Shrug It Off"],"special_seed":0,"relics":["Burning Blood","NeowsBlessing","Gambling Chip","Potion Belt","Incense Burner","Vajra","Sundial","Velvet Choker","Toy Ornithopter","MealTicket","Meat on the Bone","White Beast Statue","Tiny House","Sling","Lantern","Dead Branch","Centennial Puzzle"],"potions_floor_usage":[55,55,55],"damage_taken":[{"damage":0.0,"enemies":"Small Slimes","floor":1.0,"turns":1.0},{"damage":0.0,"enemies":"Gremlin Nob","floor":6.0,"turns":1.0},{"damage":0.0,"enemies":"2 Louse","floor":7.0,"turns":1.0},{"damage":4.0,"enemies":"Jaw Worm","floor":8.0,"turns":3.0},{"damage":26.0,"enemies":"Lagavulin","floor":11.0,"turns":7.0},{"damage":10.0,"enemies":"Gremlin Nob","floor":13.0,"turns":3.0},{"damage":1.0,"enemies":"2 Fungi Beasts","floor":14.0,"turns":3.0},{"damage":25.0,"enemies":"Slime Boss","floor":16.0,"turns":9.0},{"damage":1.0,"enemies":"3 Byrds","floor":18.0,"turns":4.0},{"damage":7.0,"enemies":"Shell Parasite","floor":20.0,"turns":3.0},{"damage":35.0,"enemies":"Slavers","floor":24.0,"turns":6.0},{"damage":9.0,"enemies":"Centurion and Healer","floor":25.0,"turns":3.0},{"damage":18.0,"enemies":"Shelled Parasite and Fungi","floor":27.0,"turns":5.0},{"damage":6.0,"enemies":"Chosen and Byrds","floor":29.0,"turns":6.0},{"damage":12.0,"enemies":"Gremlin Leader","floor":30.0,"turns":5.0},{"damage":12.0,"enemies":"Centurion and Healer","floor":31.0,"turns":6.0},{"damage":36.0,"enemies":"Automaton","floor":33.0,"turns":9.0},{"damage":8.0,"enemies":"Orb Walker","floor":35.0,"turns":5.0},{"damage":17.0,"enemies":"3 Darklings","floor":37.0,"turns":3.0},{"damage":47.0,"enemies":"Transient","floor":38.0,"turns":5.0},{"damage":25.0,"enemies":"Giant Head","floor":41.0,"turns":7.0},{"damage":9.0,"enemies":"Mind Bloom Boss Battle","floor":42.0,"turns":5.0},{"damage":0.0,"enemies":"Reptomancer","floor":44.0,"turns":4.0},{"damage":11.0,"enemies":"Jaw Worm Horde","floor":46.0,"turns":6.0},{"damage":0.0,"enemies":"Maw","floor":48.0,"turns":6.0},{"damage":61.0,"enemies":"Awakened One","floor":50.0,"turns":9.0},{"damage":20.0,"enemies":"Shield and Spear","floor":54.0,"turns":3.0},{"damage":118,"enemies":"The Heart","floor":55,"turns":6}],"seed_played":"-8854807113115898729","potions_obtained":[{"floor":1.0,"key":"Poison Potion"},{"floor":7.0,"key":"SpeedPotion"},{"floor":8.0,"key":"AttackPotion"},{"floor":14.0,"key":"Energy Potion"},{"floor":25.0,"key":"Weak Potion"},{"floor":27.0,"key":"FairyPotion"},{"floor":31.0,"key":"Dexterity Potion"},{"floor":33.0,"key":"Explosive Potion"},{"floor":34.0,"key":"PowerPotion"},{"floor":37.0,"key":"Fruit Juice"},{"floor":38.0,"key":"Block Potion"},{"floor":41.0,"key":"SteroidPotion"},{"floor":42.0,"key":"Ancient Potion"},{"floor":44.0,"key":"Explosive Potion"},{"floor":46.0,"key":"GamblersBrew"},{"floor":48.0,"key":"SmokeBomb"},{"floor":54.0,"key":"Strength Potion"}],"is_trial":false,"path_per_floor":["M","?","?","$","?","E","M","M","T","R","E","R","E","M","R","B",null,"M","?","M","?","$","R","E","M","T","M","R","M","E","M","R","B",null,"M","?","M","M","$","R","E","?","T","E","$","M","R","M","R","B",null,"R","$","E","B",null],"character_chosen":"IRONCLAD","items_purchased":["Spot Weakness","Sling","Offering","Sword Boomerang","Impatience"],"campfire_rested":0,"item_purchase_floors":[4,39,45,45,53],"current_hp_per_floor":[74,51,51,51,51,57,63,65,65,65,45,45,41,46,46,27,63,68,68,67,67,67,67,38,35,35,35,35,47,46,52,52,34,70,68,68,67,38,63,63,56,53,53,64,79,76,76,81,81,38,70,70,81,67,41],"gold":34,"neow_bonus":"THREE_ENEMY_KILL","is_prod":false,"is_daily":false,"chose_seed":false,"campfire_upgraded":9,"win_rate":0,"timestamp":1568755486,"path_taken":["M","?","?","?","?","E","?","M","T","R","E","R","E","M","R","BOSS","M","?","M","?","$","R","E","M","T","M","R","M","E","M","R","BOSS","M","?","M","M","$","R","E","?","T","E","$","M","R","?","R","BOSS","R","$","E","BOSS"],"build_version":"2019-09-17","purchased_purges":2,"victory":true,"max_hp_per_floor":[75,75,75,75,75,75,75,75,75,75,75,75,75,75,75,75,75,75,75,75,75,75,75,75,75,75,75,75,75,75,75,75,75,80,80,76,76,76,81,81,81,81,81,81,81,81,81,81,81,81,81,81,81,81,81],"card_choices":[{"not_picked":["Bloodletting","Infernal Blade"],"picked":"Pommel Strike","floor":1.0},{"not_picked":["Combust","Pommel Strike","Flex"],"picked":"SKIP","floor":6.0},{"not_picked":["Rupture","Infernal Blade"],"picked":"Heavy Blade","floor":7.0},{"not_picked":["Havoc","Wild Strike","Reckless Charge"],"picked":"SKIP","floor":8.0},{"not_picked":["Armaments","Shrug It Off"],"picked":"Limit Break","floor":11.0},{"not_picked":["Ghostly Armor","Thunderclap"],"picked":"Shrug It Off","floor":13.0},{"not_picked":["Clothesline","Warcry","Wild Strike"],"picked":"SKIP","floor":14.0},{"not_picked":["Immolate","Feed"],"picked":"Impervious","floor":16.0},{"not_picked":["Anger","Combust+1","Clash"],"picked":"SKIP","floor":18.0},{"not_picked":["Wild Strike+1","Perfected Strike+1"],"picked":"Disarm","floor":20.0},{"not_picked":["Feel No Pain+1","Pommel Strike","Combust+1"],"picked":"SKIP","floor":24.0},{"not_picked":["Disarm","Perfected Strike"],"picked":"True Grit","floor":25.0},{"not_picked":["Clothesline","Metallicize","Dropkick"],"picked":"SKIP","floor":27.0},{"not_picked":["Pommel Strike","Perfected Strike","Evolve"],"picked":"SKIP","floor":29.0},{"not_picked":["Barricade","Intimidate"],"picked":"Inflame+1","floor":30.0},{"not_picked":["Anger","True Grit"],"picked":"Flame Barrier","floor":31.0},{"not_picked":["Bludgeon","Barricade"],"picked":"Limit Break","floor":33.0},{"not_picked":["Fire Breathing","Perfected Strike"],"picked":"Iron Wave+1","floor":34.0},{"not_picked":["Pommel Strike","Wild Strike"],"picked":"Shrug It Off","floor":35.0},{"not_picked":["Second Wind+1","Armaments"],"picked":"Burning Pact","floor":37.0},{"not_picked":["Pommel Strike","Second Wind","Combust+1"],"picked":"SKIP","floor":38.0},{"not_picked":["Body Slam","Cleave"],"picked":"Shrug It Off+1","floor":41.0},{"not_picked":["Body Slam","Pommel Strike+1"],"picked":"Heavy Blade+1","floor":42.0},{"not_picked":["Body Slam+1","Wild Strike"],"picked":"Shrug It Off","floor":44.0},{"not_picked":["Heavy Blade","Thunderclap"],"picked":"Immolate","floor":46.0},{"not_picked":["Wild Strike","Cleave","True Grit"],"picked":"SKIP","floor":48.0},{"not_picked":["Twin Strike+1","Clash"],"picked":"Shrug It Off","floor":54.0}],"player_experience":867079,"relics_obtained":[{"floor":6.0,"key":"Potion Belt"},{"floor":9.0,"key":"Incense Burner"},{"floor":11.0,"key":"Vajra"},{"floor":13.0,"key":"Sundial"},{"floor":24.0,"key":"MealTicket"},{"floor":26.0,"key":"Meat on the Bone"},{"floor":30.0,"key":"White Beast Statue"},{"floor":41.0,"key":"Lantern"},{"floor":42.0,"key":"Dead Branch"},{"floor":44.0,"key":"Centennial Puzzle"}],"event_choices":[{"damage_healed":0.0,"max_hp_gain":0.0,"max_hp_loss":0.0,"gold_gain":0.0,"event_name":"Shining Light","player_choice":"Entered Light","floor":2.0,"gold_loss":0.0,"damage_taken":23.0,"cards_upgraded":["Pommel Strike","Defend_R"]},{"damage_healed":0.0,"max_hp_gain":0.0,"max_hp_loss":0.0,"gold_gain":0.0,"event_name":"Big Fish","player_choice":"Box","floor":3.0,"gold_loss":0.0,"damage_taken":0.0,"relics_obtained":["Gambling Chip"],"cards_obtained":["Regret"]},{"damage_healed":0.0,"max_hp_gain":0.0,"max_hp_loss":0.0,"gold_gain":0.0,"event_name":"Living Wall","player_choice":"Grow","floor":5.0,"gold_loss":0.0,"damage_taken":0.0,"cards_upgraded":["Bash"]},{"cards_removed":["Strike_R"],"damage_healed":0.0,"max_hp_gain":0.0,"max_hp_loss":0.0,"gold_gain":0.0,"event_name":"Beggar","player_choice":"Gave Gold","floor":19.0,"gold_loss":75.0,"damage_taken":0.0},{"damage_healed":0.0,"max_hp_gain":0.0,"max_hp_loss":0.0,"gold_gain":0.0,"event_name":"Addict","player_choice":"Obtained Relic","floor":21.0,"gold_loss":85.0,"damage_taken":0.0,"relics_obtained":["Toy Ornithopter"]},{"damage_healed":0.0,"max_hp_gain":0.0,"max_hp_loss":4.0,"gold_gain":0.0,"event_name":"Winding Halls","player_choice":"Max HP","floor":36.0,"gold_loss":0.0,"damage_taken":0.0},{"damage_healed":0.0,"max_hp_gain":0.0,"max_hp_loss":0.0,"gold_gain":0.0,"event_name":"MindBloom","player_choice":"Fight","floor":42.0,"gold_loss":0.0,"damage_taken":0.0}],"is_beta":true,"boss_relics":[{"not_picked":["Pandora\u0027s Box","Sozu"],"picked":"Velvet Choker"},{"not_picked":["Busted Crown","Cursed Key"],"picked":"Tiny House"}],"items_purged_floors":[4,39],"is_endless":false,"potions_floor_spawned":[1,7,8,14,25,27,29,31,33,35,37,38,41,42,44,46,48,54],"ascension_level":15}