{"gold_per_floor":[119,119,119,68,68,68,103,103,152,183,215,251,298,334,346,451,463,495,31,28,28,28,28],"floor_reached":23,"playtime":997,"items_purged":[],"score":450,"play_id":"36309142-7c12-433d-832d-0d0b62835871","local_time":"20190717191224","is_ascension_mode":true,"campfire_choices":[{"data":"Deflect","floor":6,"key":"SMITH"},{"data":"Die Die Die","floor":8,"key":"SMITH"},{"data":"Bouncing Flask","floor":15,"key":"SMITH"}],"neow_cost":"NONE","seed_source_timestamp":554137860831354,"circlet_count":0,"master_deck":["AscendersBane","Strike_G","Strike_G","Strike_G","Strike_G","Defend_G","Defend_G","Defend_G","Defend_G","Defend_G","Survivor","Neutralize+1","Deflect+1","PiercingWail","Die Die Die+1","Terror","Dash","Bouncing Flask+1","Dodge and Roll","Burst","Catalyst","Backflip","Dash","Deadly Poison","Apotheosis","Shame"],"relics":["Ring of the Snake","NeowsBlessing","Golden Idol","Pantograph","Happy Flower","MawBank","Blue Candle","Orrery","Ice Cream","Pen Nib"],"potions_floor_usage":[],"damage_taken":[{"damage":0,"enemies":"2 Louse","floor":1,"turns":1},{"damage":0,"enemies":"Lagavulin","floor":7,"turns":1},{"damage":0,"enemies":"Gremlin Nob","floor":10,"turns":1},{"damage":0,"enemies":"Jaw Worm","floor":11,"turns":6},{"damage":0,"enemies":"Small Slimes","floor":12,"turns":2},{"damage":5,"enemies":"Lagavulin","floor":13,"turns":7},{"damage":0,"enemies":"Blue Slaver","floor":14,"turns":4},{"damage":20,"enemies":"Hexaghost","floor":16,"turns":12},{"damage":14,"enemies":"3 Byrds","floor":18,"turns":8},{"damage":6,"enemies":"2 Thieves","floor":20,"turns":4},{"damage":44,"enemies":"Gremlin Leader","floor":23,"turns":5}],"seed_played":"-2178326944542840069","potions_obtained":[{"floor":7,"key":"GhostInAJar"},{"floor":12,"key":"Strength Potion"},{"floor":16,"key":"LiquidBronze"}],"is_trial":false,"path_per_floor":["M","?","?","$","?","R","E","R","T","E","M","M","E","M","R","B",null,"M","$","M","?","$","E"],"character_chosen":"THE_SILENT","items_purchased":["PiercingWail","Ice Cream","Apotheosis"],"campfire_rested":0,"item_purchase_floors":[4,19,19],"current_hp_per_floor":[59,52,52,52,52,52,52,52,52,52,52,52,47,47,47,40,55,41,41,35,35,35,0],"gold":28,"neow_bonus":"THREE_ENEMY_KILL","is_prod":false,"is_daily":false,"chose_seed":false,"campfire_upgraded":3,"win_rate":0,"timestamp":1563383544,"path_taken":["M","?","?","$","?","R","E","R","T","E","M","M","E","M","R","BOSS","M","$","M","?","$","E"],"build_version":"2019-07-05","purchased_purges":0,"victory":false,"max_hp_per_floor":[66,66,60,60,60,60,60,60,60,60,60,60,60,60,60,60,60,60,60,60,60,60,60],"card_choices":[{"not_picked":["Prepared","Bane"],"picked":"Deflect","floor":1},{"not_picked":["Expertise","Terror"],"picked":"Die Die Die","floor":7},{"not_picked":["Bane","PiercingWail"],"picked":"Terror","floor":10},{"not_picked":["Cloak And Dagger","PiercingWail"],"picked":"Dash","floor":11},{"not_picked":["Sucker Punch","Dagger Spray"],"picked":"Bouncing Flask","floor":12},{"not_picked":["Bane","Accuracy","Heel Hook"],"picked":"SKIP","floor":13},{"not_picked":["Bane","Prepared"],"picked":"Dodge and Roll","floor":14},{"not_picked":["A Thousand Cuts","Die Die Die"],"picked":"Burst","floor":16},{"not_picked":["Flechettes","PiercingWail"],"picked":"Catalyst","floor":17},{"not_picked":["Infinite Blades","Prepared"],"picked":"Backflip","floor":17},{"not_picked":["Underhanded Strike","Sucker Punch"],"picked":"Dash","floor":17},{"not_picked":["Backflip","Bane"],"picked":"Deadly Poison","floor":18},{"not_picked":["Slice","Heel Hook","Predator"],"picked":"SKIP","floor":20}],"player_experience":649186,"relics_obtained":[{"floor":7,"key":"Pantograph"},{"floor":9,"key":"Happy Flower"},{"floor":10,"key":"MawBank"},{"floor":13,"key":"Blue Candle"}],"event_choices":[{"cards_removed":["Strike_G"],"damage_healed":0,"gold_gain":0,"player_choice":"Card Removal","damage_taken":7,"max_hp_gain":0,"max_hp_loss":0,"event_name":"Golden Wing","floor":2,"gold_loss":0},{"damage_healed":0,"gold_gain":0,"player_choice":"Lose Max HP","damage_taken":0,"relics_obtained":["Golden Idol"],"max_hp_gain":0,"max_hp_loss":6,"event_name":"Golden Idol","floor":3,"gold_loss":0},{"damage_healed":0,"gold_gain":0,"player_choice":"Grow","damage_taken":0,"max_hp_gain":0,"max_hp_loss":0,"event_name":"Living Wall","floor":5,"gold_loss":0,"cards_upgraded":["Neutralize"]},{"damage_healed":0,"gold_gain":0,"player_choice":"Stole Relic","damage_taken":0,"relics_obtained":["Pen Nib"],"max_hp_gain":0,"max_hp_loss":0,"event_name":"Addict","floor":21,"gold_loss":0,"cards_obtained":["Shame"]}],"is_beta":false,"boss_relics":[{"not_picked":["Ectoplasm","Busted Crown"],"picked":"Orrery"}],"items_purged_floors":[],"is_endless":false,"potions_floor_spawned":[7,12,13,16],"killed_by":"Gremlin Leader","ascension_level":15}