{"gold_per_floor":[113,124,124,138,138,171,258,270,305,332,344,356,386,415,427,543,555,554,566,594,621,653,665],"floor_reached":23,"playtime":1206,"items_purged":[],"score":195,"play_id":"54c2cf06-0636-42b1-8370-ae7315517b34","local_time":"20190322205847","is_ascension_mode":false,"campfire_choices":[{"floor":8,"key":"REST"},{"data":"Neutralize","floor":12,"key":"SMITH"},{"data":"Tools of the Trade","floor":15,"key":"SMITH"}],"neow_cost":"NONE","seed_source_timestamp":528758506522145,"circlet_count":0,"master_deck":["Defend_G+1","Defend_G","Defend_G","Defend_G","Defend_G","Strike_G","Strike_G","Strike_G+1","Strike_G","Survivor","Neutralize+1","Unload","Deflect+1","Dagger Spray","Tactician+1","All Out Attack","Sucker Punch","Tools of the Trade+1","Reflex","Malaise","Backstab","Expertise"],"relics":["Ring of the Snake","Potion Belt","MawBank","War Paint","Philosopher\u0027s Stone"],"potions_floor_usage":[16,16,21],"damage_taken":[{"damage":1,"enemies":"Cultist","floor":1,"turns":3},{"damage":0,"enemies":"Small Slimes","floor":2,"turns":3},{"damage":0,"enemies":"2 Louse","floor":4,"turns":1},{"damage":17,"enemies":"3 Sentries","floor":6,"turns":7},{"damage":0,"enemies":"2 Fungi Beasts","floor":10,"turns":2},{"damage":0,"enemies":"Exordium Thugs","floor":13,"turns":4},{"damage":2,"enemies":"Large Slime","floor":14,"turns":5},{"damage":21,"enemies":"The Guardian","floor":16,"turns":14},{"damage":7,"enemies":"2 Thieves","floor":18,"turns":4},{"damage":0,"enemies":"Chosen","floor":20,"turns":6},{"damage":2,"enemies":"Centurion and Healer","floor":21,"turns":8},{"damage":19,"enemies":"Chosen and Byrds","floor":22,"turns":10},{"damage":50,"enemies":"Slavers","floor":23,"turns":4}],"seed_played":"-3048374217074793950","potions_obtained":[{"floor":2,"key":"GamblersBrew"},{"floor":4,"key":"Explosive Potion"},{"floor":6,"key":"GamblersBrew"},{"floor":10,"key":"Dexterity Potion"},{"floor":18,"key":"Block Potion"},{"floor":19,"key":"SteroidPotion"},{"floor":19,"key":"Energy Potion"}],"is_trial":false,"path_per_floor":["M","M","?","M","?","E","?","R","T","M","?","R","M","M","R","B",null,"M","?","M","M","M","E"],"character_chosen":"THE_SILENT","items_purchased":[],"campfire_rested":1,"item_purchase_floors":[],"current_hp_per_floor":[69,69,51,51,37,20,9,30,30,30,30,30,30,28,28,7,70,63,63,63,61,42,0],"gold":665,"neow_bonus":"ONE_RANDOM_RARE_CARD","is_prod":false,"is_daily":false,"chose_seed":false,"campfire_upgraded":2,"win_rate":0,"timestamp":1553302727,"path_taken":["M","M","?","M","?","E","?","R","T","M","?","R","?","M","R","BOSS","M","?","?","M","M","E"],"build_version":"2019-01-23","purchased_purges":0,"victory":false,"max_hp_per_floor":[70,70,70,70,70,70,70,70,70,70,70,70,70,70,70,70,70,70,70,70,70,70,70],"card_choices":[{"not_picked":["PiercingWail","Quick Slash"],"picked":"Deflect","floor":1},{"not_picked":["Sucker Punch","Backflip"],"picked":"Dagger Spray","floor":2},{"not_picked":["Blade Dance","Prepared"],"picked":"Tactician","floor":4},{"not_picked":["Deflect","Prepared"],"picked":"All Out Attack","floor":6},{"not_picked":["Prepared","Blade Dance"],"picked":"Sucker Punch","floor":10},{"not_picked":["Sucker Punch","Flying Knee"],"picked":"Tools of the Trade","floor":13},{"not_picked":["Dagger Spray","Sucker Punch"],"picked":"Reflex","floor":14},{"not_picked":["Venomology","Night Terror"],"picked":"Malaise","floor":16},{"not_picked":["Flying Knee","Underhanded Strike","Poisoned Stab"],"picked":"SKIP","floor":18},{"not_picked":["Sucker Punch","Flying Knee","Cloak And Dagger"],"picked":"SKIP","floor":20},{"not_picked":["Flechettes","Sucker Punch"],"picked":"Backstab","floor":21},{"not_picked":["Masterful Stab","Accuracy"],"picked":"Expertise","floor":22}],"player_experience":740145,"relics_obtained":[{"floor":6,"key":"MawBank"},{"floor":9,"key":"War Paint"}],"event_choices":[{"damage_healed":0,"gold_gain":0,"player_choice":"Success","damage_taken":18,"relics_obtained":["Potion Belt"],"max_hp_gain":0,"max_hp_loss":0,"event_name":"Scrap Ooze","floor":3,"gold_loss":0},{"damage_healed":0,"gold_gain":0,"player_choice":"Entered Light","damage_taken":14,"max_hp_gain":0,"max_hp_loss":0,"event_name":"Shining Light","floor":5,"gold_loss":0,"cards_upgraded":["Strike_G","Defend_G"]},{"damage_healed":0,"gold_gain":75,"player_choice":"Gather Gold","damage_taken":11,"max_hp_gain":0,"max_hp_loss":0,"event_name":"World of Goop","floor":7,"gold_loss":0},{"cards_removed":["Strike_G"],"damage_healed":0,"gold_gain":0,"player_choice":"Card Removal","damage_taken":0,"max_hp_gain":0,"max_hp_loss":0,"event_name":"Wheel of Change","floor":11,"gold_loss":0},{"damage_healed":0,"gold_gain":0,"player_choice":"Got Potions","damage_taken":0,"max_hp_gain":0,"max_hp_loss":0,"event_name":"Lab","floor":19,"gold_loss":0}],"is_beta":false,"boss_relics":[{"not_picked":["Lizard Tail","Runic Pyramid"],"picked":"Philosopher\u0027s Stone"}],"items_purged_floors":[],"is_endless":false,"potions_floor_spawned":[2,4,6,10,18,20],"killed_by":"Slavers","ascension_level":0}