{"gold_per_floor":[111,129,109,34,53,53,86,86,86,102,102,116,151,164,164,164],"floor_reached":16,"playtime":571,"items_purged":["Strike_R"],"score":202,"play_id":"93f7af5c-baeb-4d1e-a20c-83b84f0311e5","local_time":"20190623212045","is_ascension_mode":true,"campfire_choices":[{"data":"True Grit","floor":6,"key":"SMITH"},{"floor":8,"key":"REST"},{"data":"Whirlwind","floor":15,"key":"SMITH"}],"neow_cost":"NONE","seed_source_timestamp":304959540244970,"circlet_count":0,"master_deck":["AscendersBane","Strike_R","Strike_R","Strike_R","Defend_R","Defend_R","Defend_R","Defend_R","Bash+1","Pommel Strike","Headbutt","True Grit+1","Whirlwind+1","Carnage","Rampage","Shrug It Off"],"relics":["Burning Blood","Magic Flower","Paper Frog","Sundial"],"potions_floor_usage":[12,13],"damage_taken":[{"damage":9,"enemies":"2 Louse","floor":1,"turns":3},{"damage":6,"enemies":"Cultist","floor":2,"turns":3},{"damage":7,"enemies":"Jaw Worm","floor":5,"turns":2},{"damage":24,"enemies":"Gremlin Nob","floor":7,"turns":4},{"damage":13,"enemies":"Exordium Thugs","floor":10,"turns":5},{"damage":36,"enemies":"Exordium Wildlife","floor":12,"turns":4},{"damage":35,"enemies":"Lagavulin","floor":13,"turns":5},{"damage":6,"enemies":"Looter","floor":14,"turns":3},{"damage":37,"enemies":"Hexaghost","floor":16,"turns":9}],"seed_played":"-8920557621344796923","potions_obtained":[{"floor":3,"key":"Energy Potion"},{"floor":5,"key":"Regen Potion"},{"floor":13,"key":"Dexterity Potion"},{"floor":14,"key":"SmokeBomb"}],"is_trial":false,"path_per_floor":["M","M","?","$","M","R","E","R","T","M","?","M","E","M","R","B"],"character_chosen":"IRONCLAD","items_purchased":[],"campfire_rested":1,"item_purchase_floors":[],"current_hp_per_floor":[65,65,65,65,64,64,46,68,68,64,64,56,30,33,33,0],"gold":164,"neow_bonus":"UPGRADE_CARD","is_prod":false,"is_daily":false,"chose_seed":false,"campfire_upgraded":2,"win_rate":0,"timestamp":1561339245,"path_taken":["M","M","?","?","M","R","E","R","T","M","?","?","E","M","R","BOSS"],"build_version":"2019-01-23","purchased_purges":1,"victory":false,"max_hp_per_floor":[75,75,75,75,75,75,75,75,75,75,75,75,75,75,75,75],"card_choices":[{"not_picked":["Havoc","Bloodletting"],"picked":"Pommel Strike","floor":1},{"not_picked":["Sever Soul","Entrench"],"picked":"Headbutt","floor":2},{"not_picked":["Pommel Strike","Iron Wave"],"picked":"True Grit","floor":5},{"not_picked":["Fire Breathing","Thunderclap"],"picked":"Whirlwind","floor":7},{"not_picked":["Anger","True Grit"],"picked":"Carnage","floor":10},{"not_picked":["Pommel Strike","Metallicize"],"picked":"Rampage","floor":12},{"not_picked":["Perfected Strike","Pommel Strike","Dual Wield"],"picked":"SKIP","floor":13},{"not_picked":["Second Wind","Havoc"],"picked":"Shrug It Off","floor":14}],"player_experience":1046814,"relics_obtained":[{"floor":7,"key":"Magic Flower"},{"floor":9,"key":"Paper Frog"},{"floor":13,"key":"Sundial"}],"event_choices":[{"damage_healed":0,"gold_gain":0,"player_choice":"Bought 1 Potion","damage_taken":0,"max_hp_gain":0,"max_hp_loss":0,"event_name":"The Woman in Blue","floor":3,"gold_loss":0},{"cards_removed":["Strike_R"],"damage_healed":0,"gold_gain":0,"player_choice":"Offered Basic","damage_taken":0,"max_hp_gain":0,"max_hp_loss":0,"event_name":"Bonfire Elementals","floor":11,"gold_loss":0}],"is_beta":false,"boss_relics":[],"items_purged_floors":[4],"is_endless":false,"potions_floor_spawned":[5,10,13,14],"killed_by":"Hexaghost","ascension_level":16}