{"gold_per_floor":[19,38,56,56,76,76,101,101,101,133,83,138,155,3,3,108,108,119,119,218,64,80,80,115,115,142,173,173,188,188,206,206,307,307,320,320,320,98,111,111,139,139,187,199,226,248,260,289,301,313],"floor_reached":51,"playtime":3291,"items_purged":["Strike_B","Pain"],"score":728,"play_id":"63e82b72-4ff0-499e-8511-a9e6fc8aed12","local_time":"20190208225634","is_ascension_mode":false,"campfire_choices":[{"data":"Leap","floor":6.0,"key":"SMITH"},{"data":"Dualcast","floor":8.0,"key":"SMITH"},{"data":"Coolheaded","floor":15.0,"key":"SMITH"},{"data":"Sunder","floor":23.0,"key":"SMITH"},{"data":"Doom and Gloom","floor":25.0,"key":"SMITH"},{"data":"Conserve Battery","floor":28.0,"key":"SMITH"},{"floor":32.0,"key":"REST"},{"data":"Seek","floor":40.0,"key":"SMITH"},{"floor":42,"key":"REST"},{"floor":47,"key":"REST"},{"floor":49,"key":"REST"}],"neow_cost":"NO_GOLD","seed_source_timestamp":1564003714262585,"circlet_count":0,"master_deck":["Strike_B","Strike_B","Defend_B","Defend_B","Defend_B","Defend_B","Zap","Dualcast+1","Ball Lightning","Doom and Gloom+1","Compile Driver","Leap+1","Coolheaded+1","Sunder+1","Conserve Battery+1","Turbo","Seek+1","Rip and Tear+1","Double Energy","Skim","Shame","Leap","Core Surge","Go for the Eyes","Meteor Strike","Doubt","Meteor Strike","Apotheosis","Hologram+1","Coolheaded+1","Clumsy","Undo","Reinforced Body+1"],"special_seed":0,"relics":["Cracked Core","Ice Cream","Odd Mushroom","Cables","Question Card","Tiny Chest","Ancient Tea Set","Cursed Key","Enchiridion","Blue Candle","Calipers","The Courier","Nuclear Battery","Frozen Egg 2","Anchor","Lantern","MawBank"],"potions_floor_usage":[],"damage_taken":[{"damage":1.0,"enemies":"Jaw Worm","floor":1.0,"turns":3.0},{"damage":0.0,"enemies":"Cultist","floor":2.0,"turns":2.0},{"damage":0.0,"enemies":"Small Slimes","floor":3.0,"turns":2.0},{"damage":6.0,"enemies":"3 Louse","floor":5.0,"turns":3.0},{"damage":9.0,"enemies":"The Mushroom Lair","floor":7.0,"turns":2.0},{"damage":15.0,"enemies":"3 Sentries","floor":10.0,"turns":5.0},{"damage":13.0,"enemies":"Lagavulin","floor":12.0,"turns":5.0},{"damage":0.0,"enemies":"Large Slime","floor":13.0,"turns":3.0},{"damage":10.0,"enemies":"The Guardian","floor":16.0,"turns":8.0},{"damage":10.0,"enemies":"3 Byrds","floor":18.0,"turns":4.0},{"damage":0.0,"enemies":"Spheric Guardian","floor":22.0,"turns":2.0},{"damage":1.0,"enemies":"Gremlin Leader","floor":24.0,"turns":4.0},{"damage":10.0,"enemies":"Book of Stabbing","floor":27.0,"turns":4.0},{"damage":0.0,"enemies":"Shelled Parasite and Fungi","floor":29.0,"turns":2.0},{"damage":3.0,"enemies":"Snake Plant","floor":31.0,"turns":4.0},{"damage":34.0,"enemies":"Collector","floor":33.0,"turns":8.0},{"damage":2.0,"enemies":"3 Shapes","floor":35.0,"turns":3.0},{"damage":10.0,"enemies":"Orb Walker","floor":39.0,"turns":3.0},{"damage":36,"enemies":"Nemesis","floor":41,"turns":6},{"damage":4,"enemies":"4 Shapes","floor":44,"turns":3},{"damage":10,"enemies":"Reptomancer","floor":45,"turns":5},{"damage":3,"enemies":"Spire Growth","floor":46,"turns":4},{"damage":0,"enemies":"Writhing Mass","floor":48,"turns":5},{"damage":29,"enemies":"Time Eater","floor":50,"turns":15}],"seed_played":"-3098782748988262660","potions_obtained":[{"floor":1.0,"key":"Fire Potion"},{"floor":5.0,"key":"GamblersBrew"},{"floor":7.0,"key":"SkillPotion"},{"floor":12.0,"key":"Dexterity Potion"},{"floor":24.0,"key":"FairyPotion"},{"floor":29.0,"key":"LiquidBronze"},{"floor":31.0,"key":"Swift Potion"},{"floor":39.0,"key":"LiquidBronze"},{"floor":45,"key":"SpeedPotion"}],"is_trial":false,"path_per_floor":["M","M","M","?","M","R","?","R","T","E","?","E","M","$","R","B",null,"M","?","?","$","M","R","E","R","T","E","R","M","T","M","R","B",null,"M","T","?","$","M","R","E","R","T","M","E","M","R","M","R","B",null],"character_chosen":"DEFECT","items_purchased":["Ancient Tea Set","Double Energy","Apotheosis"],"campfire_rested":4,"item_purchase_floors":[14,21,38],"current_hp_per_floor":[74,74,74,74,68,68,59,59,59,44,44,31,31,31,31,21,75,65,49,49,49,49,49,48,48,48,38,38,38,38,35,57,23,75,73,73,73,73,63,63,27,49,49,45,35,32,54,54,75,46],"gold":325,"neow_bonus":"ONE_RARE_RELIC","is_prod":false,"is_daily":false,"chose_seed":false,"campfire_upgraded":7,"win_rate":0,"timestamp":1549684594,"path_taken":["M","M","M","?","?","R","?","R","T","E","?","E","M","$","R","BOSS","M","?","?","$","M","R","E","R","T","E","R","M","?","?","R","BOSS","M","?","?","$","M","R","E","R","T","M","E","?","R","M","R","BOSS"],"build_version":"2019-01-23","purchased_purges":2,"victory":true,"max_hp_per_floor":[75,75,75,75,75,75,75,75,75,75,75,75,75,75,75,75,75,75,75,75,75,75,75,75,75,75,75,75,75,75,75,75,75,75,75,75,75,75,75,75,75,75,75,75,75,75,75,75,75,75],"card_choices":[{"not_picked":["Force Field","Rebound"],"picked":"Ball Lightning","floor":1.0},{"not_picked":["Chill","Beam Cell"],"picked":"Doom and Gloom","floor":2.0},{"not_picked":["Sweeping Beam","Leap"],"picked":"Compile Driver","floor":3.0},{"not_picked":["Sweeping Beam","Gash"],"picked":"Leap","floor":5.0},{"not_picked":["Redo","Barrage"],"picked":"Coolheaded","floor":7.0},{"not_picked":["Chill","BootSequence"],"picked":"Sunder","floor":10.0},{"not_picked":["Machine Learning","Static Discharge","White Noise"],"picked":"Conserve Battery","floor":12.0},{"not_picked":["Sunder","Fusion","Defragment"],"picked":"Turbo","floor":13.0},{"not_picked":["Creative AI","Rainbow","Machine Learning"],"picked":"Seek","floor":16.0},{"not_picked":["Sweeping Beam","Redo","Reprogram"],"picked":"Rip and Tear+1","floor":18.0},{"not_picked":["Ball Lightning","Cold Snap","Compile Driver"],"picked":"Skim","floor":22.0},{"not_picked":["Darkness","Conserve Battery","Gash","Sweeping Beam"],"picked":"SKIP","floor":24.0},{"not_picked":["Skim+1","Tempest+1","Redo"],"picked":"Leap","floor":27.0},{"not_picked":["Chill+1","Lockon","Ball Lightning"],"picked":"Core Surge","floor":29.0},{"not_picked":["Sunder+1","Sweeping Beam","Streamline"],"picked":"Go for the Eyes","floor":31.0},{"not_picked":["Echo Form","Seek","Fission"],"picked":"Meteor Strike","floor":33.0},{"not_picked":["Rebound","Go for the Eyes+1","Sweeping Beam","Conserve Battery+1"],"picked":"SKIP","floor":35.0},{"not_picked":["Cold Snap+1","Beam Cell+1","Redo+1"],"picked":"Hologram+1","floor":39.0},{"not_picked":["Hologram+1","Fission","Leap+1"],"picked":"Coolheaded+1","floor":41},{"not_picked":["Beam Cell+1","Barrage","Redo+1"],"picked":"Undo","floor":44},{"not_picked":["Heatsinks+1","Conserve Battery+1","Sunder+1"],"picked":"Reinforced Body+1","floor":45},{"not_picked":["Sunder+1","Chaos+1","Recycle+1","Cold Snap"],"picked":"SKIP","floor":46},{"not_picked":["Aggregate+1","Barrage+1","Sunder+1","Sweeping Beam+1"],"picked":"SKIP","floor":48}],"player_experience":672315,"relics_obtained":[{"floor":7.0,"key":"Odd Mushroom"},{"floor":9.0,"key":"Cables"},{"floor":10.0,"key":"Question Card"},{"floor":12.0,"key":"Tiny Chest"},{"floor":19.0,"key":"Enchiridion"},{"floor":24.0,"key":"Blue Candle"},{"floor":27.0,"key":"Calipers"},{"floor":30.0,"key":"The Courier"},{"floor":36.0,"key":"Frozen Egg 2"},{"floor":41,"key":"Anchor"},{"floor":43,"key":"Lantern"},{"floor":45,"key":"MawBank"}],"event_choices":[{"damage_healed":0.0,"max_hp_gain":0.0,"max_hp_loss":0.0,"gold_gain":0.0,"event_name":"NoteForYourself","player_choice":"Ignored","floor":4.0,"gold_loss":0.0,"damage_taken":0.0},{"damage_healed":0.0,"max_hp_gain":0.0,"max_hp_loss":0.0,"gold_gain":0.0,"event_name":"Mushrooms","player_choice":"Fought Mushrooms","floor":7.0,"gold_loss":0.0,"damage_taken":0.0},{"cards_removed":["Strike_B"],"damage_healed":0.0,"max_hp_gain":0.0,"max_hp_loss":0.0,"gold_gain":0.0,"event_name":"The Cleric","player_choice":"Card Removal","floor":11.0,"gold_loss":50.0,"damage_taken":0.0},{"damage_healed":0.0,"max_hp_gain":0.0,"max_hp_loss":0.0,"gold_gain":0.0,"event_name":"Cursed Tome","player_choice":"Obtained Book","floor":19.0,"gold_loss":0.0,"damage_taken":16.0},{"damage_healed":0.0,"max_hp_gain":0.0,"max_hp_loss":0.0,"gold_gain":99.0,"event_name":"Nest","player_choice":"Stole From Cult","floor":20.0,"gold_loss":0.0,"damage_taken":0.0},{"damage_healed":0.0,"max_hp_gain":0.0,"max_hp_loss":0.0,"gold_gain":0.0,"event_name":"Duplicator","player_choice":"Copied","floor":37.0,"gold_loss":0.0,"damage_taken":0.0,"cards_obtained":["Meteor Strike"]}],"is_beta":false,"boss_relics":[{"not_picked":["Runic Pyramid","Tiny House"],"picked":"Cursed Key"},{"not_picked":["Inserter","Pandora\u0027s Box"],"picked":"Nuclear Battery"}],"items_purged_floors":[21,38],"is_endless":false,"potions_floor_spawned":[1,5,7,12,24,29,31,35,39,44,45,46],"ascension_level":0}