{"gold_per_floor":[114,114,127,127,145,145,145,180,180,201,201,236,236,236,236,331,331,356,371,371,371,371,371],"floor_reached":23,"playtime":953,"items_purged":[],"score":419,"play_id":"9d9fc733-70f6-40b1-a7ff-0d2c9b35e0d1","local_time":"20190611195202","is_ascension_mode":true,"campfire_choices":[{"data":"Skewer","floor":7.0,"key":"SMITH"},{"floor":11.0,"key":"REST"},{"data":"Noxious Fumes","floor":13.0,"key":"SMITH"},{"data":"Neutralize","floor":15.0,"key":"SMITH"}],"neow_cost":"NONE","seed_source_timestamp":941275148287707,"circlet_count":0,"master_deck":["AscendersBane","Defend_G","Defend_G","Defend_G","Defend_G","Defend_G","Survivor","Neutralize+1","Skewer+1","Dodge and Roll","Noxious Fumes+1","Terror","Acrobatics","Footwork","Writhe","Bite","Bite","Bite","Bite","Bite"],"special_seed":0,"relics":["Ring of the Snake","NeowsBlessing","Golden Idol","Singing Bowl","Oddly Smooth Stone","Happy Flower","Kunai","Philosopher\u0027s Stone","Gremlin Horn"],"potions_floor_usage":[],"damage_taken":[{"damage":0.0,"enemies":"Jaw Worm","floor":1.0,"turns":1.0},{"damage":0.0,"enemies":"2 Louse","floor":3.0,"turns":1.0},{"damage":0.0,"enemies":"Cultist","floor":5.0,"turns":1.0},{"damage":35.0,"enemies":"3 Sentries","floor":8.0,"turns":16.0},{"damage":0.0,"enemies":"Looter","floor":10.0,"turns":3.0},{"damage":28.0,"enemies":"Gremlin Nob","floor":12.0,"turns":4.0},{"damage":8.0,"enemies":"Hexaghost","floor":16.0,"turns":10.0},{"damage":9.0,"enemies":"Shell Parasite","floor":18.0,"turns":7.0},{"damage":1.0,"enemies":"Chosen","floor":19.0,"turns":5.0},{"damage":13,"enemies":"Colosseum Slavers","floor":21,"turns":4},{"damage":52,"enemies":"Slavers","floor":23,"turns":3}],"seed_played":"6311479171706023760","potions_obtained":[{"floor":1.0,"key":"GamblersBrew"},{"floor":4.0,"key":"Block Potion"},{"floor":10.0,"key":"Poison Potion"},{"floor":16.0,"key":"Weak Potion"},{"floor":19.0,"key":"Swift Potion"}],"is_trial":false,"path_per_floor":["M","?","M","?","M","?","R","E","T","M","R","E","R","T","R","B",null,"M","M","?","?","?","E"],"character_chosen":"THE_SILENT","items_purchased":[],"campfire_rested":1,"item_purchase_floors":[],"current_hp_per_floor":[59,59,59,59,59,59,59,24,24,24,42,16,16,16,16,10,51,42,41,41,28,28,0],"gold":371,"neow_bonus":"THREE_ENEMY_KILL","is_prod":false,"is_daily":false,"chose_seed":false,"campfire_upgraded":3,"win_rate":0,"timestamp":1560275522,"path_taken":["M","?","M","?","?","?","R","E","T","?","R","E","R","?","R","BOSS","M","M","?","?","?","E"],"build_version":"2019-01-23","purchased_purges":0,"victory":false,"max_hp_per_floor":[66,60,60,60,60,60,60,60,60,60,60,62,62,62,62,64,64,64,64,64,64,44,44],"card_choices":[{"not_picked":["Tactician","Quick Slash"],"picked":"Skewer","floor":1.0},{"not_picked":["Riddle With Holes","Accuracy","Bane"],"picked":"SKIP","floor":3.0},{"not_picked":["Bane","Flechettes"],"picked":"Dodge and Roll","floor":5.0},{"not_picked":["Blur","Bouncing Flask"],"picked":"Noxious Fumes","floor":8.0},{"not_picked":["Deflect","Well Laid Plans"],"picked":"Terror","floor":10.0},{"not_picked":["A Thousand Cuts","Bane","Flying Knee"],"picked":"Singing Bowl","floor":12.0},{"not_picked":["Phantasmal Killer","Venomology","Tools of the Trade"],"picked":"Singing Bowl","floor":16.0},{"not_picked":["Heel Hook","Deadly Poison"],"picked":"Acrobatics","floor":18.0},{"not_picked":["Escape Plan","Bane+1"],"picked":"Footwork","floor":19.0}],"player_experience":506438,"relics_obtained":[{"floor":8.0,"key":"Singing Bowl"},{"floor":9.0,"key":"Oddly Smooth Stone"},{"floor":12.0,"key":"Happy Flower"},{"floor":14.0,"key":"Kunai"}],"event_choices":[{"damage_healed":0.0,"max_hp_gain":0.0,"max_hp_loss":6.0,"gold_gain":0.0,"event_name":"Golden Idol","player_choice":"Lose Max HP","floor":2.0,"gold_loss":0.0,"damage_taken":0.0,"relics_obtained":["Golden Idol"]},{"damage_healed":0.0,"max_hp_gain":0.0,"max_hp_loss":0.0,"gold_gain":0.0,"event_name":"Lab","player_choice":"Got Potions","floor":4.0,"gold_loss":0.0,"damage_taken":0.0},{"cards_removed":["Strike_G"],"damage_healed":0.0,"max_hp_gain":0.0,"max_hp_loss":0.0,"gold_gain":0.0,"event_name":"Purifier","player_choice":"Purged","floor":6.0,"gold_loss":0.0,"damage_taken":0.0},{"damage_healed":0.0,"max_hp_gain":0.0,"max_hp_loss":0.0,"gold_gain":0.0,"event_name":"The Mausoleum","player_choice":"Opened","floor":20.0,"gold_loss":0.0,"damage_taken":0.0,"relics_obtained":["Gremlin Horn"],"cards_obtained":["Writhe"]},{"damage_healed":0,"gold_gain":0,"player_choice":"Fight","damage_taken":0,"max_hp_gain":0,"max_hp_loss":0,"event_name":"Colosseum","floor":21,"gold_loss":0},{"damage_healed":0,"gold_gain":0,"player_choice":"Fled From Nobs","damage_taken":0,"max_hp_gain":0,"max_hp_loss":0,"event_name":"Colosseum","floor":21,"gold_loss":0},{"damage_healed":0,"gold_gain":0,"player_choice":"Became a vampire","damage_taken":0,"max_hp_gain":0,"max_hp_loss":20,"event_name":"Vampires","floor":22,"gold_loss":0,"cards_obtained":["Bite","Bite","Bite","Bite","Bite"]}],"is_beta":false,"boss_relics":[{"not_picked":["Tiny House","Empty Cage"],"picked":"Philosopher\u0027s Stone"}],"items_purged_floors":[],"is_endless":false,"potions_floor_spawned":[1,10,16,19,21],"killed_by":"Slavers","ascension_level":20}