{"gold_per_floor":[109,121,121,141,152,180,192,202,284,284,284,159,159,159,159,255,255,279,1,1,16,66,66,66,110,110,125,158,158,158,24,24,24],"floor_reached":33,"playtime":1545,"items_purged":["Strike_B"],"score":649,"play_id":"833bcdca-0580-4a02-8012-f3dfd47eda31","local_time":"20190722185225","is_ascension_mode":true,"campfire_choices":[{"data":"Coolheaded","floor":10,"key":"SMITH"},{"data":"Dualcast","floor":13,"key":"SMITH"},{"floor":15,"key":"REST"},{"data":"Electrodynamics","floor":23,"key":"SMITH"},{"floor":29,"key":"REST"},{"data":"Capacitor","floor":32,"key":"SMITH"}],"neow_cost":"NONE","seed_source_timestamp":675768773822,"circlet_count":0,"master_deck":["AscendersBane","Strike_B","Strike_B","Strike_B","Defend_B","Defend_B","Defend_B","Defend_B","Zap+1","Dualcast+1","Steam","Rebound","Melter","Doom and Gloom","Capacitor+1","Conserve Battery","Coolheaded+1","Cold Snap","Electrodynamics+1","Genetic Algorithm+1","Hologram+1","Static Discharge","Fusion+1","Chaos+1","Compile Driver+1","Echo Form","Multi-Cast+1"],"special_seed":0,"relics":["Cracked Core","DataDisk","Bottled Flame","Darkstone Periapt","Golden Idol","Oddly Smooth Stone","Nuclear Battery","Toxic Egg 2","Dream Catcher","Bottled Tornado","Pocketwatch"],"potions_floor_usage":[7,25,25,33,33],"damage_taken":[{"damage":0.0,"enemies":"Jaw Worm","floor":1.0,"turns":3.0},{"damage":0.0,"enemies":"Cultist","floor":2.0,"turns":3.0},{"damage":2,"enemies":"2 Louse","floor":4,"turns":3},{"damage":11,"enemies":"Exordium Thugs","floor":5,"turns":4},{"damage":25,"enemies":"3 Sentries","floor":6,"turns":5},{"damage":1,"enemies":"Exordium Wildlife","floor":7,"turns":3},{"damage":7,"enemies":"Blue Slaver","floor":8,"turns":3},{"damage":24,"enemies":"Slime Boss","floor":16,"turns":9},{"damage":0,"enemies":"3 Byrds","floor":18,"turns":2},{"damage":0,"enemies":"Spheric Guardian","floor":21,"turns":2},{"damage":0,"enemies":"Slavers","floor":25,"turns":3},{"damage":31,"enemies":"Shelled Parasite and Fungi","floor":27,"turns":3},{"damage":0,"enemies":"Gremlin Leader","floor":28,"turns":6},{"damage":50,"enemies":"Collector","floor":33,"turns":7}],"seed_played":"-943903606979520529","potions_obtained":[{"floor":4,"key":"GamblersBrew"},{"floor":6,"key":"GamblersBrew"},{"floor":16,"key":"Poison Potion"},{"floor":18,"key":"Swift Potion"},{"floor":25,"key":"GamblersBrew"}],"is_trial":false,"path_per_floor":["M","M","?","M","M","E","M","M","T","R","?","$","R","T","R","B",null,"M","$","?","M","?","R","$","E","T","M","E","R","?","$","R","B"],"character_chosen":"DEFECT","items_purchased":["Cold Snap","Toxic Egg 2","Multi-Cast+1","Block Potion"],"campfire_rested":2,"item_purchase_floors":[12,19,31,31],"current_hp_per_floor":[64,64,64,62,51,26,25,18,18,18,18,18,18,18,37,13,51,51,51,51,51,51,51,51,51,51,20,20,39,39,39,39,0],"gold":24,"neow_bonus":"RANDOM_COMMON_RELIC","is_prod":false,"is_daily":false,"chose_seed":false,"campfire_upgraded":4,"win_rate":0,"timestamp":1563835945,"path_taken":["M","M","?","M","M","E","M","?","T","R","?","?","R","?","R","BOSS","M","$","?","M","?","R","$","E","T","M","E","R","?","$","R","BOSS"],"build_version":"2019-07-17","purchased_purges":1,"victory":false,"max_hp_per_floor":[71,71,71,71,71,71,71,71,71,71,64,64,64,64,64,64,64,64,64,64,64,64,64,64,64,64,64,64,64,64,64,64,64],"card_choices":[{"not_picked":["Beam Cell","Hologram"],"picked":"Steam","floor":1.0},{"not_picked":["Barrage","BootSequence"],"picked":"Rebound","floor":2.0},{"not_picked":["Genetic Algorithm","Gash"],"picked":"Melter","floor":4},{"not_picked":["Storm","Redo"],"picked":"Doom and Gloom","floor":5},{"not_picked":["Cold Snap","Skim"],"picked":"Capacitor","floor":6},{"not_picked":["Reprogram","Sweeping Beam"],"picked":"Conserve Battery","floor":7},{"not_picked":["Conserve Battery","Storm"],"picked":"Coolheaded","floor":8},{"not_picked":["Seek","Amplify"],"picked":"Electrodynamics","floor":16},{"not_picked":["Force Field","Turbo+1"],"picked":"Genetic Algorithm+1","floor":18},{"not_picked":["Turbo+1","Streamline"],"picked":"Hologram+1","floor":21},{"not_picked":["Turbo+1","Self Repair"],"picked":"Static Discharge","floor":25},{"not_picked":["Go for the Eyes","Redo+1"],"picked":"Fusion+1","floor":27},{"not_picked":["Go for the Eyes","Gash"],"picked":"Chaos+1","floor":28},{"not_picked":["Darkness+1","Sunder"],"picked":"Compile Driver+1","floor":29}],"player_experience":1142336,"relics_obtained":[{"floor":6,"key":"Bottled Flame"},{"floor":9,"key":"Darkstone Periapt"},{"floor":14,"key":"Oddly Smooth Stone"},{"floor":25,"key":"Dream Catcher"},{"floor":26,"key":"Bottled Tornado"},{"floor":28,"key":"Pocketwatch"}],"event_choices":[{"damage_healed":0.0,"max_hp_gain":0.0,"max_hp_loss":0.0,"gold_gain":0.0,"event_name":"Upgrade Shrine","player_choice":"Upgraded","floor":3.0,"gold_loss":0.0,"damage_taken":0.0,"cards_upgraded":["Zap"]},{"damage_healed":0,"gold_gain":0,"player_choice":"Lose Max HP","damage_taken":0,"relics_obtained":["Golden Idol"],"max_hp_gain":0,"max_hp_loss":7,"event_name":"Golden Idol","floor":11,"gold_loss":0},{"damage_healed":0,"gold_gain":0,"player_choice":"Ignored","damage_taken":0,"max_hp_gain":0,"max_hp_loss":0,"event_name":"Vampires","floor":20,"gold_loss":0},{"damage_healed":0,"gold_gain":50,"player_choice":"Stole From Cult","damage_taken":0,"max_hp_gain":0,"max_hp_loss":0,"event_name":"Nest","floor":22,"gold_loss":0},{"damage_healed":0,"gold_gain":0,"player_choice":"Read","damage_taken":0,"max_hp_gain":0,"max_hp_loss":0,"event_name":"The Library","floor":30,"gold_loss":0,"cards_obtained":["Echo Form"]}],"is_beta":false,"boss_relics":[{"not_picked":["Busted Crown","Empty Cage"],"picked":"Nuclear Battery"}],"items_purged_floors":[12],"is_endless":false,"potions_floor_spawned":[4,6,16,18,25],"killed_by":"Collector","ascension_level":19}