{"gold_per_floor":[109,34,47,322,333,333,360,360,360,510,535,535,535,108,108,186,186,197,108,119,119,34,64,64,95,95,123,135,160,172,284,296,383,445,467,255,255,27,27,55,55,84,84,84,113,130,0,0,0,0],"floor_reached":51,"playtime":3015,"items_purged":["Strike_B","Doubt"],"score":1526,"play_id":"6e7ae602-7506-4c80-bb46-0b05578ad613","local_time":"20190604193027","is_ascension_mode":true,"campfire_choices":[{"data":"Zap","floor":6.0,"key":"SMITH"},{"floor":8.0,"key":"REST"},{"data":"Sunder","floor":13.0,"key":"SMITH"},{"data":"Beam Cell","floor":15.0,"key":"SMITH"},{"floor":24.0,"key":"REST"},{"floor":28.0,"key":"REST"},{"floor":30.0,"key":"REST"},{"floor":32,"key":"REST"},{"floor":41,"key":"REST"},{"data":"Capacitor","floor":44,"key":"SMITH"},{"floor":49,"key":"REST"}],"neow_cost":"NONE","seed_source_timestamp":333049319432567,"circlet_count":0,"master_deck":["AscendersBane","Strike_B+1","Strike_B+1","Strike_B+1","Defend_B+1","Defend_B+1","Defend_B+1","Defend_B+1","Zap+1","Dualcast+1","Beam Cell+1","Conserve Battery","Leap","Sunder+1","Core Surge","Buffer","Coolheaded+1","Defragment","Coolheaded+1","Recycle","Chill","Defragment","Static Discharge+1","Hologram+1","Seek","Glacier","Capacitor+1","Coolheaded","Finesse","Panacea","White Noise","Hologram","Chill"],"special_seed":0,"relics":["Cracked Core","NeowsBlessing","War Paint","Ornamental Fan","Question Card","Dead Branch","Sozu","PreservedInsect","Blue Candle","Mummified Hand","MawBank","Turnip","Letter Opener","Tiny House","DataDisk","ClockworkSouvenir","Thread and Needle","Potion Belt","Darkstone Periapt","Pear","Red Mask"],"potions_floor_usage":[],"damage_taken":[{"damage":0.0,"enemies":"2 Louse","floor":1.0,"turns":1.0},{"damage":0.0,"enemies":"Cultist","floor":3.0,"turns":1.0},{"damage":0.0,"enemies":"Small Slimes","floor":5.0,"turns":1.0},{"damage":39.0,"enemies":"3 Sentries","floor":7.0,"turns":9.0},{"damage":21.0,"enemies":"Lagavulin","floor":11.0,"turns":4.0},{"damage":13.0,"enemies":"Hexaghost","floor":16.0,"turns":9.0},{"damage":8.0,"enemies":"Chosen","floor":18.0,"turns":4.0},{"damage":8.0,"enemies":"Shell Parasite","floor":20.0,"turns":5.0},{"damage":31.0,"enemies":"Book of Stabbing","floor":23.0,"turns":5.0},{"damage":23.0,"enemies":"Gremlin Leader","floor":25.0,"turns":7.0},{"damage":0.0,"enemies":"Shelled Parasite and Fungi","floor":27.0,"turns":4.0},{"damage":18.0,"enemies":"3 Cultists","floor":29.0,"turns":7.0},{"damage":14,"enemies":"Colosseum Slavers","floor":31,"turns":3},{"damage":8,"enemies":"Colosseum Nobs","floor":31,"turns":5},{"damage":0,"enemies":"Collector","floor":33,"turns":8},{"damage":6,"enemies":"3 Darklings","floor":35,"turns":8},{"damage":14,"enemies":"Giant Head","floor":40,"turns":7},{"damage":0,"enemies":"Reptomancer","floor":42,"turns":4},{"damage":24,"enemies":"Nemesis","floor":45,"turns":5},{"damage":0,"enemies":"Orb Walker","floor":46,"turns":4},{"damage":42,"enemies":"Time Eater","floor":50,"turns":17}],"seed_played":"-8414741549144153032","potions_obtained":[{"floor":5.0,"key":"Explosive Potion"},{"floor":16.0,"key":"Poison Potion"}],"is_trial":false,"path_per_floor":["M","$","M","?","M","R","E","R","T","?","E","?","R","$","R","B",null,"M","$","M","?","?","E","R","E","T","M","R","M","R","?","R","B",null,"M","$","?","$","?","E","R","E","T","R","E","M","?","$","R","B",null],"character_chosen":"DEFECT","items_purchased":["Dead Branch","Defragment","DataDisk","Coolheaded","ClockworkSouvenir"],"campfire_rested":7,"item_purchase_floors":[14,19,36,36,38],"current_hp_per_floor":[64,64,64,64,64,64,25,46,46,46,25,25,25,25,25,12,56,48,48,40,40,40,9,30,7,7,7,28,10,31,9,30,30,66,60,60,50,50,50,36,58,58,58,58,44,44,44,44,69,27],"gold":0,"neow_bonus":"THREE_ENEMY_KILL","is_prod":false,"is_daily":false,"chose_seed":false,"campfire_upgraded":4,"win_rate":0,"timestamp":1559669427,"path_taken":["M","$","M","?","?","R","E","R","T","?","E","?","R","$","R","BOSS","M","$","M","?","?","E","R","E","T","M","R","M","R","?","R","BOSS","M","$","?","$","?","E","R","E","T","R","E","M","?","$","R","BOSS"],"build_version":"2019-01-23","purchased_purges":2,"victory":true,"max_hp_per_floor":[71,71,71,71,71,71,71,71,71,71,71,71,71,71,71,71,71,71,71,71,71,71,71,71,71,71,71,71,71,71,71,71,71,76,76,76,76,76,76,76,76,76,76,76,86,86,86,86,86,86],"card_choices":[{"not_picked":["Turbo","Barrage"],"picked":"Beam Cell","floor":1.0},{"not_picked":["Hologram","Redo"],"picked":"Conserve Battery","floor":3.0},{"not_picked":["Rebound","Barrage"],"picked":"Leap","floor":5.0},{"not_picked":["Aggregate","Barrage"],"picked":"Sunder","floor":7.0},{"not_picked":["Force Field","Ball Lightning"],"picked":"Core Surge","floor":11.0},{"not_picked":["Machine Learning","Hyperbeam","Thunder Strike"],"picked":"Buffer","floor":16.0},{"not_picked":["Cold Snap","Ball Lightning","Blizzard"],"picked":"Coolheaded","floor":18.0},{"not_picked":["Skim","Undo","Ball Lightning"],"picked":"Coolheaded+1","floor":20.0},{"not_picked":["Barrage","Lockon","Reinforced Body"],"picked":"Recycle","floor":23.0},{"not_picked":["Melter","Skim","Thunder Strike"],"picked":"Chill","floor":25.0},{"not_picked":["Leap","Conserve Battery","Sweeping Beam+1"],"picked":"Defragment","floor":27.0},{"not_picked":["Steam","Hello World","Tempest"],"picked":"Static Discharge+1","floor":29.0},{"not_picked":["Scrape","BootSequence","Turbo"],"picked":"Hologram+1","floor":31},{"not_picked":["Hyperbeam","Creative AI","Biased Cognition"],"picked":"Seek","floor":33},{"not_picked":["Stack","Cold Snap","Heatsinks"],"picked":"Glacier","floor":34},{"not_picked":["Melter+1","Rebound","Streamline"],"picked":"Capacitor","floor":35},{"not_picked":["Swift Strike","Deep Breath","Trip"],"picked":"Finesse","floor":37},{"not_picked":["Master of Strategy","Bandage Up","Impatience"],"picked":"Panacea","floor":37},{"not_picked":["Barrage","Streamline","Rebound"],"picked":"White Noise","floor":40},{"not_picked":["Turbo+1","Gash","Force Field"],"picked":"Hologram","floor":42},{"not_picked":["Streamline","Multi-Cast","Sweeping Beam"],"picked":"Chill","floor":45},{"not_picked":["Rebound","Stack+1","Recycle","Compile Driver"],"picked":"SKIP","floor":46}],"player_experience":449873,"relics_obtained":[{"floor":7.0,"key":"War Paint"},{"floor":9.0,"key":"Ornamental Fan"},{"floor":11.0,"key":"Question Card"},{"floor":23.0,"key":"Blue Candle"},{"floor":25.0,"key":"Mummified Hand"},{"floor":26.0,"key":"MawBank"},{"floor":31,"key":"Turnip"},{"floor":31,"key":"Letter Opener"},{"floor":40,"key":"Thread and Needle"},{"floor":42,"key":"Potion Belt"},{"floor":43,"key":"Darkstone Periapt"},{"floor":45,"key":"Pear"}],"event_choices":[{"damage_healed":0.0,"max_hp_gain":0.0,"max_hp_loss":0.0,"gold_gain":275.0,"event_name":"Golden Shrine","player_choice":"Desecrate","floor":4.0,"gold_loss":0.0,"damage_taken":0.0,"cards_obtained":["Regret"]},{"damage_healed":0.0,"max_hp_gain":0.0,"max_hp_loss":0.0,"gold_gain":150.0,"event_name":"Liars Game","player_choice":"AGREE","floor":10.0,"gold_loss":0.0,"damage_taken":0.0,"cards_obtained":["Doubt"]},{"cards_removed":["Regret"],"damage_healed":0.0,"max_hp_gain":0.0,"max_hp_loss":0.0,"gold_gain":0.0,"event_name":"Living Wall","player_choice":"Forget","floor":12.0,"gold_loss":0.0,"damage_taken":0.0},{"damage_healed":0.0,"max_hp_gain":0.0,"max_hp_loss":0.0,"gold_gain":0.0,"event_name":"Back to Basics","player_choice":"Simplicity","floor":21.0,"gold_loss":0.0,"damage_taken":0.0,"cards_upgraded":["Strike_B","Strike_B","Strike_B","Defend_B","Defend_B","Defend_B"]},{"damage_healed":0.0,"max_hp_gain":0.0,"max_hp_loss":0.0,"gold_gain":0.0,"event_name":"Addict","player_choice":"Obtained Relic","floor":22.0,"gold_loss":85.0,"damage_taken":0.0,"relics_obtained":["PreservedInsect"]},{"damage_healed":0,"gold_gain":0,"player_choice":"Fight","damage_taken":0,"max_hp_gain":0,"max_hp_loss":0,"event_name":"Colosseum","floor":31,"gold_loss":0},{"damage_healed":0,"gold_gain":0,"player_choice":"Fought Nobs","damage_taken":0,"max_hp_gain":0,"max_hp_loss":0,"event_name":"Colosseum","floor":31,"gold_loss":0},{"damage_healed":0,"gold_gain":0,"player_choice":"Memory 3","damage_taken":10,"max_hp_gain":0,"max_hp_loss":0,"event_name":"SensoryStone","floor":37,"gold_loss":0},{"damage_healed":0,"gold_gain":0,"player_choice":"Ignored","damage_taken":0,"max_hp_gain":0,"max_hp_loss":0,"event_name":"Mysterious Sphere","floor":39,"gold_loss":0},{"damage_healed":0,"gold_gain":0,"player_choice":"Paid","damage_taken":0,"relics_obtained":["Red Mask"],"max_hp_gain":0,"max_hp_loss":0,"event_name":"Tomb of Lord Red Mask","floor":47,"gold_loss":130}],"is_beta":false,"boss_relics":[{"not_picked":["Coffee Dripper","Inserter"],"picked":"Sozu"},{"not_picked":["Pandora\u0027s Box","Velvet Choker"],"picked":"Tiny House"}],"items_purged_floors":[2,14],"is_endless":false,"potions_floor_spawned":[5,16,23,25,29,31,35,40,42,46],"ascension_level":17}