{"gold_per_floor":[114,126,126,145,160,160,191,191,191,206,222,222,235,310,310,408,408,421,452,469,469,487,487,513,513,513,513,523,536,554,469,469,566,566,581,626,726,726,417,446,446,446,473,501,501,521,521,552,552,552,552,552,73,108,108],"floor_reached":56,"playtime":3504,"items_purged":["Strike_R","Defend_R"],"score":1255,"play_id":"ad755d58-3195-47bb-b8d6-df24ae5339ad","local_time":"20191011194707","is_ascension_mode":false,"campfire_choices":[{"data":"Carnage","floor":6,"key":"SMITH"},{"data":"1","floor":8,"key":"LIFT"},{"data":"2","floor":12,"key":"LIFT"},{"data":"3","floor":15,"key":"LIFT"},{"data":"Heavy Blade","floor":23,"key":"SMITH"},{"data":"True Grit","floor":25,"key":"SMITH"},{"data":"Inflame","floor":27,"key":"SMITH"},{"data":"True Grit","floor":32,"key":"SMITH"},{"floor":41,"key":"RECALL"},{"data":"Limit Break","floor":45,"key":"SMITH"},{"data":"Panacea","floor":47,"key":"SMITH"},{"data":"Feel No Pain","floor":49,"key":"SMITH"},{"data":"Feel No Pain","floor":52,"key":"SMITH"}],"neow_cost":"PERCENT_DAMAGE","seed_source_timestamp":445701750458300,"circlet_count":0,"master_deck":["Defend_R","Defend_R","Defend_R","Bash","Carnage+1","Power Through","Metallicize","Clothesline","Thunderclap","Disarm","Feel No Pain+1","Sword Boomerang","Reaper","Heavy Blade+1","Shrug It Off","Battle Trance+1","Ghostly Armor","True Grit+1","Anger+1","Shockwave+1","Feel No Pain+1","Feel No Pain","Inflame+1","Combust+1","Battle Trance+1","True Grit+1","Limit Break+1","Heavy Blade+1","Panacea+1","Fiend Fire","Corruption"],"relics":["Burning Blood","Girya","Bottled Lightning","Orrery","Red Mask","Dodecahedron","Potion Belt","War Paint","Coffee Dripper","Pocketwatch","WingedGreaves","Bag of Marbles","Dream Catcher","Magic Flower","Bottled Tornado","Strawberry","Shuriken","Blood Vial"],"potions_floor_usage":[19,28,33,36,55,55,55,55,55],"damage_taken":[{"damage":0,"enemies":"Small Slimes","floor":1,"turns":3},{"damage":2,"enemies":"2 Louse","floor":2,"turns":3},{"damage":0,"enemies":"Cultist","floor":4,"turns":4},{"damage":22,"enemies":"Exordium Wildlife","floor":5,"turns":6},{"damage":34,"enemies":"Lagavulin","floor":7,"turns":9},{"damage":0,"enemies":"Red Slaver","floor":10,"turns":3},{"damage":0,"enemies":"2 Fungi Beasts","floor":11,"turns":3},{"damage":8,"enemies":"Large Slime","floor":13,"turns":8},{"damage":15,"enemies":"The Guardian","floor":16,"turns":10},{"damage":0,"enemies":"Shell Parasite","floor":18,"turns":7},{"damage":0,"enemies":"Masked Bandits","floor":19,"turns":2},{"damage":14,"enemies":"Spheric Guardian","floor":20,"turns":4},{"damage":0,"enemies":"Shelled Parasite and Fungi","floor":22,"turns":8},{"damage":21,"enemies":"Slavers","floor":24,"turns":4},{"damage":19,"enemies":"3 Cultists","floor":28,"turns":5},{"damage":6,"enemies":"Snecko","floor":29,"turns":4},{"damage":26,"enemies":"Shelled Parasite and Fungi","floor":30,"turns":7},{"damage":70,"enemies":"Automaton","floor":33,"turns":10},{"damage":1,"enemies":"3 Shapes","floor":35,"turns":5},{"damage":4,"enemies":"2 Orb Walkers","floor":36,"turns":4},{"damage":0,"enemies":"Mind Bloom Boss Battle","floor":37,"turns":2},{"damage":14,"enemies":"Giant Head","floor":40,"turns":8},{"damage":21,"enemies":"Nemesis","floor":44,"turns":9},{"damage":0,"enemies":"Orb Walker","floor":46,"turns":2},{"damage":0,"enemies":"Giant Head","floor":48,"turns":5},{"damage":22,"enemies":"Donu and Deca","floor":50,"turns":6},{"damage":26,"enemies":"Shield and Spear","floor":54,"turns":7},{"damage":24,"enemies":"The Heart","floor":55,"turns":7}],"seed_played":"-1741136164798753480","potions_obtained":[{"floor":1,"key":"BloodPotion"},{"floor":7,"key":"AttackPotion"},{"floor":10,"key":"AttackPotion"},{"floor":16,"key":"Strength Potion"},{"floor":22,"key":"Explosive Potion"},{"floor":28,"key":"Energy Potion"},{"floor":29,"key":"FearPotion"},{"floor":35,"key":"Weak Potion"},{"floor":36,"key":"LiquidBronze"},{"floor":48,"key":"PowerPotion"}],"is_trial":false,"path_per_floor":["M","M","?","M","M","R","E","R","T","M","M","R","M","?","R","B",null,"M","?","M","?","M","R","E","R","T","R","M","M","M","?","R","B",null,"M","?","?","?","$","E","R","?","T","E","R","M","R","E","R","B",null,"R","$","E","B",null],"character_chosen":"IRONCLAD","items_purchased":["Bag of Marbles","Panacea","Corruption","Shuriken","SpeedPotion"],"campfire_rested":0,"item_purchase_floors":[39,39,53,53,53],"current_hp_per_floor":[62,66,71,77,61,61,33,33,33,39,45,45,43,32,32,23,85,85,85,77,77,85,85,77,77,77,77,64,79,64,64,64,31,85,85,85,85,85,85,85,85,85,85,85,85,85,85,92,92,92,92,92,92,92,92],"gold":108,"neow_bonus":"REMOVE_TWO","is_prod":false,"is_daily":false,"chose_seed":false,"campfire_upgraded":9,"win_rate":0,"timestamp":1570837627,"path_taken":["M","M","?","M","M","R","E","R","T","M","M","R","M","?","R","BOSS","M","?","M","?","M","R","E","R","T","R","M","M","M","?","R","BOSS","M","?","?","?","$","E","R","?","T","E","R","?","R","E","R","BOSS","R","$","E","BOSS"],"build_version":"2019-07-17","purchased_purges":2,"victory":true,"max_hp_per_floor":[80,80,85,85,85,85,85,85,85,85,85,85,85,85,85,85,85,85,85,85,85,85,85,85,85,85,85,85,85,85,85,85,85,85,85,85,85,85,85,85,85,85,85,85,85,85,85,92,92,92,92,92,92,92,92],"card_choices":[{"not_picked":["Searing Blow","Clash"],"picked":"Carnage","floor":1},{"not_picked":["Pommel Strike","Second Wind"],"picked":"Power Through","floor":2},{"not_picked":["Armaments","Wild Strike"],"picked":"Metallicize","floor":4},{"not_picked":["Perfected Strike","Clash"],"picked":"Clothesline","floor":5},{"not_picked":["Dropkick","Feel No Pain"],"picked":"Thunderclap","floor":7},{"not_picked":["Flame Barrier","Twin Strike"],"picked":"Disarm","floor":10},{"not_picked":["Havoc","Headbutt"],"picked":"Feel No Pain","floor":11},{"not_picked":["Body Slam","Perfected Strike"],"picked":"Sword Boomerang","floor":13},{"not_picked":["Exhume","Double Tap"],"picked":"Reaper","floor":16},{"not_picked":["Havoc","Warcry"],"picked":"Heavy Blade","floor":17},{"not_picked":["Clash","Pummel"],"picked":"Shrug It Off","floor":17},{"not_picked":["Headbutt","Warcry"],"picked":"Battle Trance","floor":17},{"not_picked":["Intimidate","Metallicize"],"picked":"Ghostly Armor","floor":17},{"not_picked":["Battle Trance","Flex"],"picked":"True Grit","floor":18},{"not_picked":["Perfected Strike","Seeing Red"],"picked":"Anger+1","floor":19},{"not_picked":["Evolve","Anger"],"picked":"Shockwave+1","floor":20},{"not_picked":["Barricade","Fire Breathing"],"picked":"Inflame","floor":22},{"not_picked":["Twin Strike","Wild Strike+1"],"picked":"Combust+1","floor":24},{"not_picked":["Cleave+1","Headbutt","Sword Boomerang+1"],"picked":"SKIP","floor":28},{"not_picked":["Headbutt","Burning Pact"],"picked":"Battle Trance","floor":29},{"not_picked":["Warcry","Body Slam"],"picked":"True Grit","floor":30},{"not_picked":["Brutality","Berserk"],"picked":"Limit Break","floor":33},{"not_picked":["Clash","Iron Wave+1","Rampage+1"],"picked":"SKIP","floor":35},{"not_picked":["Rage","Combust+1"],"picked":"Heavy Blade+1","floor":36},{"not_picked":["Shrug It Off","Anger+1","Intimidate"],"picked":"SKIP","floor":40},{"not_picked":["Perfected Strike+1","Infernal Blade","Twin Strike+1"],"picked":"SKIP","floor":44},{"not_picked":["Sever Soul+1","Clash+1","Ghostly Armor"],"picked":"SKIP","floor":46},{"not_picked":["Dropkick+1","Metallicize"],"picked":"Fiend Fire","floor":48},{"not_picked":["Hemokinesis","Cleave","Feel No Pain"],"picked":"SKIP","floor":54}],"player_experience":1350718,"relics_obtained":[{"floor":7,"key":"Girya"},{"floor":9,"key":"Bottled Lightning"},{"floor":19,"key":"Red Mask"},{"floor":24,"key":"Dodecahedron"},{"floor":26,"key":"Potion Belt"},{"floor":36,"key":"Pocketwatch"},{"floor":37,"key":"WingedGreaves"},{"floor":40,"key":"Dream Catcher"},{"floor":44,"key":"Bottled Tornado"},{"floor":48,"key":"Strawberry"},{"floor":54,"key":"Blood Vial"}],"event_choices":[{"damage_healed":0,"gold_gain":0,"player_choice":"Donut","damage_taken":0,"max_hp_gain":5,"max_hp_loss":0,"event_name":"Big Fish","floor":3,"gold_loss":0},{"damage_healed":0,"gold_gain":75,"player_choice":"Gather Gold","damage_taken":11,"max_hp_gain":0,"max_hp_loss":0,"event_name":"World of Goop","floor":14,"gold_loss":0},{"damage_healed":0,"gold_gain":0,"player_choice":"Fought Bandits","damage_taken":0,"max_hp_gain":0,"max_hp_loss":0,"event_name":"Masked Bandits","floor":19,"gold_loss":0},{"damage_healed":0,"gold_gain":0,"cards_transformed":["Strike_R","Strike_R"],"player_choice":"Became Test Subject","damage_taken":0,"max_hp_gain":0,"max_hp_loss":0,"event_name":"Drug Dealer","floor":21,"gold_loss":0,"cards_obtained":["Feel No Pain","Feel No Pain"]},{"damage_healed":0,"gold_gain":0,"player_choice":"Obtained Relic","damage_taken":0,"relics_obtained":["War Paint"],"max_hp_gain":0,"max_hp_loss":0,"event_name":"Addict","floor":31,"gold_loss":85},{"damage_healed":0,"gold_gain":0,"player_choice":"Fight","damage_taken":0,"max_hp_gain":0,"max_hp_loss":0,"event_name":"Mysterious Sphere","floor":36,"gold_loss":0},{"damage_healed":0,"gold_gain":0,"player_choice":"Fight","damage_taken":0,"max_hp_gain":0,"max_hp_loss":0,"event_name":"MindBloom","floor":37,"gold_loss":0},{"damage_healed":0,"gold_gain":0,"player_choice":"Memory 1","damage_taken":0,"max_hp_gain":0,"max_hp_loss":0,"event_name":"SensoryStone","floor":38,"gold_loss":0},{"damage_healed":0,"gold_gain":0,"player_choice":"Gave Potion","damage_taken":0,"relics_obtained":["Magic Flower"],"max_hp_gain":0,"max_hp_loss":0,"event_name":"WeMeetAgain","floor":42,"gold_loss":0}],"is_beta":false,"boss_relics":[{"not_picked":["Philosopher\u0027s Stone","Empty Cage"],"picked":"Orrery"},{"not_picked":["Pandora\u0027s Box","Runic Cube"],"picked":"Coffee Dripper"}],"items_purged_floors":[39,53],"is_endless":false,"potions_floor_spawned":[1,7,10,16,18,22,28,29,35,36,48],"ascension_level":0}