{"gold_per_floor":[116,116,116,66,86,119,119,119,144,155,155,173,173,53,53,154,154,154,154,154,154,154,154,154,154,154,154,154,154,154,154,154,154,154,154,154,154,154,154,154,154,154,154,154,54,54,54,54,54,54],"floor_reached":51,"playtime":1873,"items_purged":["Strike_R","Defend_R+1"],"score":918,"play_id":"9fb1c71f-9fa4-48ed-bbe1-8f5ce2ebd44b","local_time":"20190730213951","is_ascension_mode":false,"campfire_choices":[{"data":"Bash","floor":7.0,"key":"SMITH"},{"data":"Shrug It Off","floor":13.0,"key":"SMITH"},{"data":"Rampage","floor":15.0,"key":"SMITH"},{"data":"Defend_R","floor":23.0,"key":"SMITH"},{"data":"Defend_R","floor":29,"key":"SMITH"},{"data":"Strike_R","floor":32,"key":"SMITH"},{"floor":40,"key":"REST"},{"floor":49,"key":"REST"}],"neow_cost":"NONE","seed_source_timestamp":701456303832777,"circlet_count":0,"master_deck":["Strike_R+1","Bash+1","Shrug It Off+1","Rampage+1","Thunderclap+1","Shrug It Off+1"],"special_seed":0,"relics":["Burning Blood","NeowsBlessing","Toxic Egg 2","Kunai","Potion Belt","Ectoplasm","Juzu Bracelet","Empty Cage","Bottled Lightning","Gambling Chip","Pear"],"potions_floor_usage":[50,50,50],"damage_taken":[{"damage":0.0,"enemies":"2 Louse","floor":1.0,"turns":1.0},{"damage":0.0,"enemies":"Small Slimes","floor":5.0,"turns":1.0},{"damage":0.0,"enemies":"Lagavulin","floor":6.0,"turns":1.0},{"damage":0.0,"enemies":"Cultist","floor":10.0,"turns":3.0},{"damage":6.0,"enemies":"Blue Slaver","floor":12.0,"turns":5.0},{"damage":8.0,"enemies":"The Guardian","floor":16.0,"turns":9.0},{"damage":0.0,"enemies":"Chosen","floor":18.0,"turns":3.0},{"damage":2.0,"enemies":"Shell Parasite","floor":19.0,"turns":5.0},{"damage":0.0,"enemies":"3 Cultists","floor":20.0,"turns":4.0},{"damage":13.0,"enemies":"Snake Plant","floor":22.0,"turns":5.0},{"damage":0.0,"enemies":"Slavers","floor":24.0,"turns":1.0},{"damage":0,"enemies":"Centurion and Healer","floor":31,"turns":6},{"damage":21,"enemies":"Champ","floor":33,"turns":12},{"damage":4,"enemies":"Orb Walker","floor":35,"turns":3},{"damage":0,"enemies":"3 Shapes","floor":37,"turns":6},{"damage":15,"enemies":"Spire Growth","floor":38,"turns":5},{"damage":0,"enemies":"Maw","floor":44,"turns":6},{"damage":0,"enemies":"Mind Bloom Boss Battle","floor":46,"turns":6},{"damage":37,"enemies":"Nemesis","floor":47,"turns":7},{"damage":0,"enemies":"Sphere and 2 Shapes","floor":48,"turns":6},{"damage":0,"enemies":"Awakened One","floor":50,"turns":12}],"seed_played":"-5121194218147833156","potions_obtained":[{"floor":10.0,"key":"PowerPotion"},{"floor":12.0,"key":"Explosive Potion"},{"floor":20.0,"key":"SmokeBomb"},{"floor":31,"key":"Poison Potion"},{"floor":33,"key":"Dexterity Potion"},{"floor":35,"key":"Poison Potion"},{"floor":37,"key":"Energy Potion"},{"floor":47,"key":"FearPotion"}],"is_trial":false,"path_per_floor":["M","?","?","?","M","E","R","?","T","M","$","M","R","$","R","B",null,"M","M","M","$","M","R","E","?","T","?","$","R","?","M","R","B",null,"M","?","M","M","?","R","?","?","T","M","$","?","E","M","R","B",null],"character_chosen":"IRONCLAD","items_purchased":["Shrug It Off+1"],"campfire_rested":2,"item_purchase_floors":[14],"current_hp_per_floor":[80,55,48,48,54,60,60,60,60,66,66,66,66,66,66,64,80,80,80,80,80,73,73,79,79,79,64,64,64,64,70,70,55,85,85,85,85,76,76,85,85,85,85,85,85,85,64,70,95,95],"gold":54,"neow_bonus":"THREE_ENEMY_KILL","is_prod":false,"is_daily":false,"chose_seed":false,"campfire_upgraded":6,"win_rate":0,"timestamp":1564537191,"path_taken":["M","?","?","?","M","E","R","?","T","M","$","M","R","$","R","BOSS","M","M","M","$","M","R","E","?","T","?","$","R","?","M","R","BOSS","M","?","M","M","?","R","?","?","T","M","$","?","E","M","R","BOSS"],"build_version":"2019-07-17","purchased_purges":2,"victory":true,"max_hp_per_floor":[80,80,80,80,80,80,80,80,80,80,80,80,80,80,80,80,80,80,80,80,80,80,80,80,80,80,85,85,85,85,85,85,85,85,85,85,85,85,85,85,85,85,85,85,85,85,95,95,95,95],"card_choices":[{"not_picked":["Clash","Bloodletting"],"picked":"Shrug It Off","floor":1.0},{"not_picked":["Havoc+1","Inflame","Clash"],"picked":"SKIP","floor":5.0},{"not_picked":["Infernal Blade+1","Armaments+1","Intimidate+1"],"picked":"SKIP","floor":6.0},{"not_picked":["Shrug It Off+1","Ghostly Armor+1","Sword Boomerang"],"picked":"SKIP","floor":10.0},{"not_picked":["Evolve","Heavy Blade"],"picked":"Rampage","floor":12.0},{"not_picked":["Heavy Blade","Feel No Pain"],"picked":"Thunderclap+1","floor":18.0},{"not_picked":["Seeing Red+1","Perfected Strike","Havoc+1"],"picked":"SKIP","floor":19.0},{"not_picked":["True Grit+1","Armaments+1","Thunderclap"],"picked":"SKIP","floor":20.0},{"not_picked":["Warcry+1","Pommel Strike","Shrug It Off+1"],"picked":"SKIP","floor":22.0},{"not_picked":["True Grit+1","Wild Strike","Warcry+1"],"picked":"SKIP","floor":31},{"not_picked":["Rampage","Twin Strike","Sword Boomerang+1"],"picked":"SKIP","floor":35},{"not_picked":["Rampage","Intimidate+1","Havoc+1"],"picked":"SKIP","floor":37},{"not_picked":["Warcry+1","Blood for Blood+1","Havoc+1"],"picked":"SKIP","floor":38},{"not_picked":["Feed","Burning Pact+1","Corruption"],"picked":"SKIP","floor":44},{"not_picked":["Sever Soul","Heavy Blade","Seeing Red+1"],"picked":"SKIP","floor":47},{"not_picked":["Anger","Sword Boomerang+1","Thunderclap"],"picked":"SKIP","floor":48}],"player_experience":1190005,"relics_obtained":[{"floor":6.0,"key":"Kunai"},{"floor":9.0,"key":"Potion Belt"},{"floor":26,"key":"Juzu Bracelet"},{"floor":43,"key":"Bottled Lightning"},{"floor":46,"key":"Gambling Chip"},{"floor":47,"key":"Pear"}],"event_choices":[{"damage_healed":0.0,"max_hp_gain":0.0,"max_hp_loss":0.0,"gold_gain":0.0,"event_name":"Scrap Ooze","player_choice":"Success","floor":2.0,"gold_loss":0.0,"damage_taken":25.0,"relics_obtained":["Toxic Egg 2"]},{"cards_removed":["Defend_R"],"damage_healed":0.0,"max_hp_gain":0.0,"max_hp_loss":0.0,"gold_gain":0.0,"event_name":"Golden Wing","player_choice":"Card Removal","floor":3.0,"gold_loss":0.0,"damage_taken":7.0},{"cards_removed":["Strike_R"],"damage_healed":0.0,"max_hp_gain":0.0,"max_hp_loss":0.0,"gold_gain":0.0,"event_name":"The Cleric","player_choice":"Card Removal","floor":4.0,"gold_loss":50.0,"damage_taken":0.0},{"cards_removed":["Strike_R"],"damage_healed":0.0,"max_hp_gain":0.0,"max_hp_loss":0.0,"gold_gain":0.0,"event_name":"Living Wall","player_choice":"Forget","floor":8.0,"gold_loss":0.0,"damage_taken":0.0},{"damage_healed":0,"gold_gain":0,"player_choice":"Read","damage_taken":0,"max_hp_gain":0,"max_hp_loss":0,"event_name":"The Library","floor":25,"gold_loss":0,"cards_obtained":["Shrug It Off"]},{"damage_healed":0,"gold_gain":0,"player_choice":"Shed Blood","damage_taken":20,"max_hp_gain":5,"max_hp_loss":0,"event_name":"Forgotten Altar","floor":27,"gold_loss":0},{"damage_healed":0,"gold_gain":0,"player_choice":"Forge","damage_taken":0,"max_hp_gain":0,"max_hp_loss":0,"event_name":"Accursed Blacksmith","floor":30,"gold_loss":0,"cards_upgraded":["Defend_R"]},{"damage_healed":0,"gold_gain":0,"player_choice":"Ignored","damage_taken":0,"max_hp_gain":0,"max_hp_loss":0,"event_name":"Tomb of Lord Red Mask","floor":36,"gold_loss":0},{"cards_removed":["Defend_R"],"damage_healed":0,"gold_gain":0,"player_choice":"Purged","damage_taken":0,"max_hp_gain":0,"max_hp_loss":0,"event_name":"Purifier","floor":39,"gold_loss":0},{"cards_removed":["Shrug It Off"],"damage_healed":0,"gold_gain":0,"player_choice":"Removed Skill","damage_taken":0,"max_hp_gain":0,"max_hp_loss":0,"event_name":"Falling","floor":41,"gold_loss":0},{"damage_healed":0,"gold_gain":0,"player_choice":"Ignored","damage_taken":0,"max_hp_gain":0,"max_hp_loss":0,"event_name":"Transmorgrifier","floor":42,"gold_loss":0},{"damage_healed":0,"gold_gain":0,"player_choice":"Fight","damage_taken":0,"max_hp_gain":0,"max_hp_loss":0,"event_name":"MindBloom","floor":46,"gold_loss":0}],"is_beta":false,"boss_relics":[{"not_picked":["Tiny House","Lizard Tail"],"picked":"Ectoplasm"},{"not_picked":["Coffee Dripper","Cursed Key"],"picked":"Empty Cage"}],"items_purged_floors":[14,45],"is_endless":false,"potions_floor_spawned":[10,12,20,31,33,35,37,47],"ascension_level":0}