{"gold_per_floor":[112,187,187,255,271,271,24,44,44,44,63,213,213,240,240,240],"floor_reached":16,"playtime":446,"items_purged":["Shame"],"score":191,"play_id":"bbcba4f6-ba04-48bc-8ce1-dda902346d13","local_time":"20190725195036","is_ascension_mode":true,"campfire_choices":[{"floor":6.0,"key":"REST"},{"floor":10.0,"key":"REST"},{"data":"Zap","floor":13,"key":"SMITH"},{"floor":15,"key":"REST"}],"neow_cost":"CURSE","seed_source_timestamp":264466313822318,"circlet_count":0,"master_deck":["AscendersBane","Strike_B","Strike_B","Strike_B","Strike_B","Defend_B+1","Defend_B","Defend_B","Defend_B","Zap+1","Dualcast","Cold Snap+1","Ball Lightning","Sweeping Beam","Conserve Battery","Doubt","Machine Learning"],"special_seed":0,"relics":["Cracked Core","Dodecahedron","Oddly Smooth Stone","Blue Candle","Boot"],"potions_floor_usage":[14,16],"damage_taken":[{"damage":16.0,"enemies":"Small Slimes","floor":1.0,"turns":4.0},{"damage":10.0,"enemies":"Jaw Worm","floor":5.0,"turns":2.0},{"damage":0.0,"enemies":"Cultist","floor":8.0,"turns":2.0},{"damage":18,"enemies":"3 Louse","floor":11,"turns":3},{"damage":27,"enemies":"Gremlin Nob","floor":14,"turns":4},{"damage":52,"enemies":"Slime Boss","floor":16,"turns":9}],"seed_played":"4594767049938382293","potions_obtained":[{"floor":8.0,"key":"Poison Potion"},{"floor":14,"key":"FearPotion"}],"is_trial":false,"path_per_floor":["M","?","?","T","M","R","$","M","T","R","M","?","R","E","R","B"],"character_chosen":"DEFECT","items_purchased":["Oddly Smooth Stone"],"campfire_rested":3,"item_purchase_floors":[7],"current_hp_per_floor":[62,51,25,25,15,40,40,40,40,65,47,47,47,20,45,0],"gold":240,"neow_bonus":"TWENTY_PERCENT_HP_BONUS","is_prod":false,"is_daily":false,"chose_seed":false,"campfire_upgraded":1,"win_rate":0,"timestamp":1564098636,"path_taken":["M","?","?","?","M","R","$","M","T","R","?","?","R","E","R","BOSS"],"build_version":"2019-07-17","purchased_purges":1,"victory":false,"max_hp_per_floor":[85,85,85,85,85,85,85,85,85,85,85,85,85,85,85,85],"card_choices":[{"not_picked":["Compile Driver","Steam Power"],"picked":"Cold Snap","floor":1.0},{"not_picked":["Heatsinks","Beam Cell"],"picked":"Ball Lightning","floor":5.0},{"not_picked":["Cold Snap","Storm"],"picked":"Sweeping Beam","floor":8.0},{"not_picked":["Go for the Eyes","Recycle"],"picked":"Conserve Battery","floor":11},{"not_picked":["BootSequence","Heatsinks"],"picked":"Machine Learning","floor":14}],"player_experience":1158097,"relics_obtained":[{"floor":4.0,"key":"Dodecahedron"},{"floor":9.0,"key":"Blue Candle"},{"floor":14,"key":"Boot"}],"event_choices":[{"damage_healed":0.0,"max_hp_gain":0.0,"max_hp_loss":0.0,"gold_gain":75.0,"event_name":"World of Goop","player_choice":"Gather Gold","floor":2.0,"gold_loss":0.0,"damage_taken":11.0},{"damage_healed":0.0,"max_hp_gain":0.0,"max_hp_loss":0.0,"gold_gain":0.0,"event_name":"Shining Light","player_choice":"Entered Light","floor":3.0,"gold_loss":0.0,"damage_taken":26.0,"cards_upgraded":["Defend_B","Cold Snap"]},{"damage_healed":0,"gold_gain":150,"player_choice":"AGREE","damage_taken":0,"max_hp_gain":0,"max_hp_loss":0,"event_name":"Liars Game","floor":12,"gold_loss":0,"cards_obtained":["Doubt"]}],"is_beta":false,"boss_relics":[],"items_purged_floors":[7],"is_endless":false,"potions_floor_spawned":[8,14],"killed_by":"Slime Boss","ascension_level":19}