{"gold_per_floor":[118,131,56,56,76,76,111,111,111,121,121,133,153,179,179,278,278,297,297,323,293,310,310,1,1,70,70,104,0,0,19,19,119,119,129,129,139,152,152,152,182,182,182,196,196,5,5,21,21,21],"floor_reached":51,"playtime":4212,"items_purged":["Pain"],"score":906,"play_id":"243738cd-ac2d-4627-9636-c347cd4632d9","local_time":"20180814224317","is_ascension_mode":true,"campfire_choices":[{"data":"Zap","floor":6,"key":"SMITH"},{"data":"Seek","floor":11,"key":"SMITH"},{"data":"Doom and Gloom","floor":15,"key":"SMITH"},{"data":"Defragment","floor":23,"key":"SMITH"},{"data":"Conserve Battery","floor":25,"key":"SMITH"},{"floor":30,"key":"REST"},{"data":"Aggregate","floor":32,"key":"SMITH"},{"floor":40,"key":"REST"},{"floor":42,"key":"REST"},{"data":"Doom and Gloom","floor":45,"key":"SMITH"},{"data":"Beam Cell","floor":47,"key":"SMITH"},{"data":"Rainbow","floor":49,"key":"SMITH"}],"neow_cost":"CURSE","seed_source_timestamp":704434037829552,"circlet_count":0,"master_deck":["Strike_B+1","Strike_B+1","Strike_B+1","Defend_B+1","Defend_B+1","Defend_B+1","Defend_B+1","Zap+1","Dualcast","Go for the Eyes","Double Energy+1","Genetic Algorithm","Lockon","Leap","Seek+1","Stack+1","Doom and Gloom+1","Rainbow+1","Compile Driver","Rebound","Undo","Beam Cell+1","Defragment+1","Conserve Battery","Conserve Battery+1","Machine Learning+1","Aggregate+1","Reboot","Ball Lightning+1","Madness","Madness","Doom and Gloom+1","Barrage+1","Coolheaded","Ball Lightning+1","Melter+1","Hologram","Melter+1"],"relics":["Cracked Core","Emotion Chip","Gremlin Horn","Lantern","Pantograph","War Paint","Orrery","Art of War","Unceasing Top","Frozen Egg 2","Vajra","Sozu","Prayer Wheel","Mummified Hand","Runic Capacitor"],"potions_floor_usage":[14,16,16,22,28,33,50],"damage_taken":[{"damage":4,"enemies":"Cultist","floor":1,"turns":3},{"damage":4,"enemies":"2 Louse","floor":2,"turns":2},{"damage":0,"enemies":"Small Slimes","floor":5,"turns":2},{"damage":20,"enemies":"Lagavulin","floor":7,"turns":7},{"damage":0,"enemies":"Gremlin Gang","floor":10,"turns":5},{"damage":0,"enemies":"Looter","floor":12,"turns":2},{"damage":3,"enemies":"Exordium Wildlife","floor":13,"turns":4},{"damage":6,"enemies":"3 Sentries","floor":14,"turns":4},{"damage":25,"enemies":"Slime Boss","floor":16,"turns":10},{"damage":0,"enemies":"Shell Parasite","floor":18,"turns":4},{"damage":2,"enemies":"3 Byrds","floor":22,"turns":4},{"damage":32,"enemies":"Gremlin Leader","floor":28,"turns":7},{"damage":0,"enemies":"3 Cultists","floor":31,"turns":4},{"damage":29,"enemies":"Automaton","floor":33,"turns":9},{"damage":0,"enemies":"Orb Walker","floor":35,"turns":3},{"damage":9,"enemies":"3 Darklings","floor":37,"turns":2},{"damage":0,"enemies":"Spire Growth","floor":38,"turns":3},{"damage":36,"enemies":"Nemesis","floor":41,"turns":7},{"damage":2,"enemies":"Transient","floor":44,"turns":5},{"damage":0,"enemies":"Maw","floor":48,"turns":5},{"damage":15,"enemies":"Donu and Deca","floor":50,"turns":7}],"seed_played":"-5732476848011082366","potions_obtained":[{"floor":2,"key":"Energy Potion"},{"floor":12,"key":"SteroidPotion"},{"floor":13,"key":"Fire Potion"},{"floor":21,"key":"SpeedPotion"},{"floor":21,"key":"Dexterity Potion"},{"floor":22,"key":"AttackPotion"},{"floor":33,"key":"SpeedPotion"}],"is_trial":false,"path_per_floor":["M","M","$","?","M","R","E","?","T","M","R","M","M","E","R","B",null,"M","?","T","?","M","R","$","R","T","?","E","?","R","M","R","B",null,"M","?","M","M","?","R","E","R","T","M","R","$","R","M","R","B"],"character_chosen":"DEFECT","items_purchased":["Unceasing Top","Runic Capacitor"],"campfire_rested":3,"item_purchase_floors":[24,46],"current_hp_per_floor":[64,60,60,60,60,60,40,40,40,40,40,40,37,31,31,31,64,64,64,64,64,62,62,62,62,62,62,30,30,52,52,52,46,68,68,59,50,50,50,72,36,58,58,56,56,56,56,56,56,60],"gold":21,"neow_bonus":"ONE_RARE_RELIC","is_prod":false,"is_daily":false,"chose_seed":false,"campfire_upgraded":9,"win_rate":0,"timestamp":1534300997,"path_taken":["M","?","$","?","?","R","E","?","T","M","R","?","M","E","R","BOSS","M","?","?","?","?","R","?","R","T","?","E","?","R","M","R","BOSS","M","?","M","M","?","R","E","R","T","M","R","$","R","M","R","BOSS"],"build_version":"2018-08-09","purchased_purges":1,"victory":true,"max_hp_per_floor":[75,75,75,75,75,75,75,75,75,75,75,75,75,75,75,75,75,75,75,75,75,75,75,75,75,75,75,75,75,75,75,75,75,75,75,75,75,75,75,75,75,75,75,75,75,75,75,75,75,75],"card_choices":[{"not_picked":["Stack","Skim"],"picked":"Go for the Eyes","floor":1},{"not_picked":["Skim","Gash"],"picked":"Double Energy","floor":2},{"not_picked":["Static Discharge","White Noise"],"picked":"Genetic Algorithm","floor":5},{"not_picked":["Recycle","Barrage"],"picked":"Lockon","floor":7},{"not_picked":["Go for the Eyes","Leap"],"picked":"Seek","floor":10},{"not_picked":["Aggregate","Sunder"],"picked":"Stack","floor":12},{"not_picked":["Stack","Cold Snap"],"picked":"Doom and Gloom","floor":13},{"not_picked":["Leap","Tempest","Beam Cell"],"picked":"SKIP","floor":14},{"not_picked":["Meteor Strike","Machine Learning"],"picked":"Rainbow","floor":16},{"not_picked":["Hologram","Hello World"],"picked":"Compile Driver","floor":17},{"not_picked":["Ball Lightning","Chaos"],"picked":"Rebound","floor":17},{"not_picked":["Storm","Gash"],"picked":"Undo","floor":17},{"not_picked":["Storm","Steam"],"picked":"Beam Cell","floor":17},{"not_picked":["Ball Lightning","Coolheaded"],"picked":"Defragment","floor":17},{"not_picked":["Leap","Reboot"],"picked":"Conserve Battery","floor":18},{"not_picked":["Double Energy+1","Cold Snap"],"picked":"Conserve Battery","floor":22},{"not_picked":["All For One","Storm+1"],"picked":"Machine Learning+1","floor":28},{"not_picked":["Sweeping Beam","Loop+1"],"picked":"Aggregate","floor":31},{"not_picked":["Thunder Strike","Machine Learning+1"],"picked":"Reboot","floor":33},{"not_picked":["Auto Shields","Force Field+1"],"picked":"Ball Lightning+1","floor":35},{"not_picked":["Streamline","Reinforced Body"],"picked":"Doom and Gloom","floor":37},{"not_picked":["Blizzard+1","Force Field"],"picked":"Barrage+1","floor":38},{"not_picked":["Gash","Leap+1"],"picked":"Coolheaded","floor":41},{"not_picked":["Coolheaded+1","Gash"],"picked":"Ball Lightning+1","floor":44},{"not_picked":["Consume+1","Leap"],"picked":"Melter+1","floor":44},{"not_picked":["Lockon","FTL+1"],"picked":"Hologram","floor":48},{"not_picked":["Streamline+1","Force Field+1"],"picked":"Melter+1","floor":48}],"player_experience":283400,"relics_obtained":[{"floor":7,"key":"Lantern"},{"floor":9,"key":"Pantograph"},{"floor":14,"key":"War Paint"},{"floor":20,"key":"Art of War"},{"floor":26,"key":"Frozen Egg 2"},{"floor":28,"key":"Vajra"},{"floor":41,"key":"Prayer Wheel"},{"floor":43,"key":"Mummified Hand"}],"event_choices":[{"event_name":"Accursed Blacksmith","player_choice":"Rummage","floor":4,"damage_taken":0},{"event_name":"Transmorgrifier","player_choice":"Transform","floor":8,"damage_taken":0},{"event_name":"Back to Basics","player_choice":"Simplicity","floor":19,"damage_taken":0},{"event_name":"The Woman in Blue","player_choice":"Bought 2 Potions","floor":21,"damage_taken":0},{"event_name":"Addict","player_choice":"Ignored","floor":27,"damage_taken":0},{"event_name":"Masked Bandits","player_choice":"Paid Fearfully","floor":29,"damage_taken":0},{"event_name":"Winding Halls","player_choice":"Embrace Madness","floor":36,"damage_taken":0},{"event_name":"Tomb of Lord Red Mask","player_choice":"Ignored","floor":39,"damage_taken":0}],"is_beta":false,"boss_relics":[{"not_picked":["White Beast Statue","Lizard Tail"],"picked":"Orrery"},{"not_picked":["Pandora\u0027s Box","Nuclear Battery"],"picked":"Sozu"}],"items_purged_floors":[3],"is_endless":false,"potions_floor_spawned":[2,12,13,22,33,37,38,41,48],"ascension_level":6}