{"gold_per_floor":[115,190,190,56,21,50,50,84,84,84,114,133,166,166,166,245,245,258,273,291,291,291],"floor_reached":22,"playtime":770,"items_purged":["Strike_B"],"score":507,"play_id":"3397aaad-4eb9-4a6b-bf0b-03c71fa35ecd","local_time":"20190722202307","is_ascension_mode":true,"campfire_choices":[{"data":"Zap","floor":7.0,"key":"SMITH"},{"data":"Ball Lightning","floor":10.0,"key":"SMITH"},{"data":"Auto Shields","floor":15,"key":"SMITH"}],"neow_cost":"NONE","seed_source_timestamp":6917551878660,"circlet_count":0,"master_deck":["AscendersBane","Zap+1","Dualcast","Capacitor","Ball Lightning+1","Sweeping Beam+1","Auto Shields+1","Cold Snap","Steam","FTL","Biased Cognition","Tempest","Rainbow","Creative AI","Recycle","Darkness","Beam Cell","Leap","Rip and Tear"],"special_seed":0,"relics":["Cracked Core","NeowsBlessing","Dream Catcher","Vajra","Nunchaku","StoneCalendar","Sundial","Pandora\u0027s Box"],"potions_floor_usage":[11,16,16],"damage_taken":[{"damage":0.0,"enemies":"Small Slimes","floor":1.0,"turns":1.0},{"damage":0.0,"enemies":"3 Sentries","floor":6.0,"turns":1.0},{"damage":0.0,"enemies":"Lagavulin","floor":8.0,"turns":1.0},{"damage":11,"enemies":"Gremlin Nob","floor":11,"turns":3},{"damage":0,"enemies":"Cultist","floor":12,"turns":2},{"damage":19,"enemies":"3 Sentries","floor":13,"turns":7},{"damage":25,"enemies":"Slime Boss","floor":16,"turns":7},{"damage":0,"enemies":"Chosen","floor":18,"turns":2},{"damage":18,"enemies":"3 Byrds","floor":19,"turns":4},{"damage":18,"enemies":"Cultist and Chosen","floor":20,"turns":3},{"damage":22,"enemies":"3 Cultists","floor":22,"turns":4}],"seed_played":"6831164368834275459","potions_obtained":[{"floor":1.0,"key":"GamblersBrew"},{"floor":8.0,"key":"AttackPotion"},{"floor":12,"key":"Regen Potion"},{"floor":13,"key":"Explosive Potion"},{"floor":18,"key":"EssenceOfSteel"},{"floor":19,"key":"Swift Potion"}],"is_trial":false,"path_per_floor":["M","?","?","$","?","E","R","E","T","R","E","M","E","?","R","B",null,"M","M","M","?","M"],"character_chosen":"DEFECT","items_purchased":["Ball Lightning"],"campfire_rested":0,"item_purchase_floors":[4],"current_hp_per_floor":[64,53,46,46,63,63,63,63,63,63,52,52,33,33,33,20,58,58,40,22,22,0],"gold":291,"neow_bonus":"THREE_ENEMY_KILL","is_prod":false,"is_daily":false,"chose_seed":false,"campfire_upgraded":3,"win_rate":0,"timestamp":1563841387,"path_taken":["M","?","?","$","?","E","R","E","T","R","E","M","E","?","R","BOSS","M","?","M","?","M"],"build_version":"2019-07-17","purchased_purges":1,"victory":false,"max_hp_per_floor":[71,71,71,71,71,71,71,71,71,71,71,71,71,71,71,71,71,71,71,71,71,71],"card_choices":[{"not_picked":["Hologram","Turbo"],"picked":"Capacitor","floor":1.0},{"not_picked":["Force Field","Barrage"],"picked":"Sweeping Beam","floor":6.0},{"not_picked":["Steam","Gash"],"picked":"Auto Shields","floor":8.0},{"not_picked":["Scrape","Creative AI"],"picked":"Cold Snap","floor":11},{"not_picked":["Melter","Rebound"],"picked":"Steam","floor":12},{"not_picked":["Streamline","Barrage"],"picked":"FTL","floor":13},{"not_picked":["Buffer","Multi-Cast"],"picked":"Biased Cognition","floor":16},{"not_picked":["Hologram","Redo"],"picked":"Leap","floor":18},{"not_picked":["Genetic Algorithm","Doom and Gloom"],"picked":"Rip and Tear","floor":19},{"not_picked":["Streamline","Gash","Scrape"],"picked":"SKIP","floor":20}],"player_experience":1146216,"relics_obtained":[{"floor":6.0,"key":"Dream Catcher"},{"floor":8.0,"key":"Vajra"},{"floor":9.0,"key":"Nunchaku"},{"floor":11,"key":"StoneCalendar"},{"floor":13,"key":"Sundial"}],"event_choices":[{"damage_healed":0.0,"max_hp_gain":0.0,"max_hp_loss":0.0,"gold_gain":75.0,"event_name":"World of Goop","player_choice":"Gather Gold","floor":2.0,"gold_loss":0.0,"damage_taken":11.0},{"cards_removed":["Strike_B"],"damage_healed":0.0,"max_hp_gain":0.0,"max_hp_loss":0.0,"gold_gain":0.0,"event_name":"Golden Wing","player_choice":"Card Removal","floor":3.0,"gold_loss":0.0,"damage_taken":7.0},{"damage_healed":17.0,"max_hp_gain":0.0,"max_hp_loss":0.0,"gold_gain":0.0,"event_name":"The Cleric","player_choice":"Healed","floor":5.0,"gold_loss":35.0,"damage_taken":0.0},{"damage_healed":0,"gold_gain":0,"player_choice":"Upgraded","damage_taken":0,"max_hp_gain":0,"max_hp_loss":0,"event_name":"Upgrade Shrine","floor":14,"gold_loss":0,"cards_upgraded":["Sweeping Beam"]},{"damage_healed":0,"gold_gain":0,"player_choice":"Ignored","damage_taken":0,"max_hp_gain":0,"max_hp_loss":0,"event_name":"Cursed Tome","floor":21,"gold_loss":0}],"is_beta":false,"boss_relics":[{"not_picked":["Calling Bell","Runic Dome"],"picked":"Pandora\u0027s Box"}],"items_purged_floors":[4],"is_endless":false,"potions_floor_spawned":[1,8,12,13,18,19],"killed_by":"3 Cultists","ascension_level":19}