{"gold_per_floor":[113,113,133,150,170,170,199,199,199,209,267,267,287,318,318,396,396,336,352,352,379,34,60,60],"floor_reached":24,"playtime":1682,"items_purged":[],"score":392,"play_id":"57d5639d-2082-4eda-bbe2-4d7178826ce3","local_time":"20190711105955","is_ascension_mode":true,"campfire_choices":[{"data":"Skewer","floor":6.0,"key":"SMITH"},{"floor":8.0,"key":"REST"},{"floor":12.0,"key":"REST"},{"floor":15.0,"key":"REST"}],"neow_cost":"NONE","seed_source_timestamp":5225728126017,"circlet_count":0,"master_deck":["AscendersBane","Strike_G","Strike_G","Strike_G","Strike_G","Defend_G","Defend_G","Defend_G","Defend_G","Defend_G","Survivor","Neutralize","Backflip","Skewer+1","PiercingWail","Calculated Gamble","Leg Sweep","Burst","Deadly Poison","After Image","PiercingWail","Blur"],"special_seed":0,"relics":["Ring of the Snake","Kunai","Matryoshka","Dodecahedron","Fusion Hammer","Dream Catcher","Centennial Puzzle","Regal Pillow","Medical Kit","Pocketwatch"],"potions_floor_usage":[16,23],"damage_taken":[{"damage":0.0,"enemies":"2 Louse","floor":1.0,"turns":5.0},{"damage":3.0,"enemies":"Cultist","floor":3.0,"turns":5.0},{"damage":2.0,"enemies":"Jaw Worm","floor":4.0,"turns":5.0},{"damage":16.0,"enemies":"Large Slime","floor":5.0,"turns":10.0},{"damage":37.0,"enemies":"Gremlin Nob","floor":7.0,"turns":6.0},{"damage":7.0,"enemies":"Exordium Thugs","floor":10.0,"turns":8.0},{"damage":22.0,"enemies":"Exordium Wildlife","floor":13.0,"turns":10.0},{"damage":17.0,"enemies":"Lagavulin","floor":14.0,"turns":9.0},{"damage":18,"enemies":"Hexaghost","floor":16,"turns":13},{"damage":2,"enemies":"2 Thieves","floor":18,"turns":4},{"damage":10,"enemies":"Chosen","floor":19,"turns":9},{"damage":44,"enemies":"Slavers","floor":23,"turns":14},{"damage":25,"enemies":"3 Cultists","floor":24,"turns":5}],"seed_played":"1841992644877085441","potions_obtained":[{"floor":3.0,"key":"Weak Potion"},{"floor":13.0,"key":"Weak Potion"},{"floor":14.0,"key":"LiquidBronze"},{"floor":16,"key":"Regen Potion"}],"is_trial":false,"path_per_floor":["M","?","M","M","M","R","E","R","T","M","?","R","M","E","R","B",null,"M","M","?","T","$","E","M"],"character_chosen":"THE_SILENT","items_purchased":["Regal Pillow","Medical Kit"],"campfire_rested":3,"item_purchase_floors":[22,22],"current_hp_per_floor":[65,65,62,60,44,44,7,28,28,21,21,42,20,3,24,6,56,54,44,44,44,44,15,0],"gold":60,"neow_bonus":"TEN_PERCENT_HP_BONUS","is_prod":false,"is_daily":false,"chose_seed":false,"campfire_upgraded":1,"win_rate":0,"timestamp":1562835595,"path_taken":["M","?","M","M","M","R","E","R","T","?","?","R","M","E","R","BOSS","M","M","?","?","?","E","M"],"build_version":"2019-07-05","purchased_purges":0,"victory":false,"max_hp_per_floor":[72,72,72,72,72,72,72,72,72,72,72,72,72,72,72,72,72,72,72,72,72,72,72,72],"card_choices":[{"not_picked":["Deflect","Sucker Punch"],"picked":"Backflip","floor":1.0},{"not_picked":["Reflex","Accuracy","Prepared"],"picked":"SKIP","floor":3.0},{"not_picked":["Dagger Throw","Riddle With Holes"],"picked":"PiercingWail","floor":4.0},{"not_picked":["Underhanded Strike","Outmaneuver"],"picked":"Calculated Gamble","floor":5.0},{"not_picked":["Flying Knee","Crippling Poison"],"picked":"Leg Sweep","floor":7.0},{"not_picked":["Acrobatics","Bane"],"picked":"Burst","floor":10.0},{"not_picked":["Outmaneuver","Poisoned Stab"],"picked":"Deadly Poison","floor":13.0},{"not_picked":["Tactician","Distraction","Slice"],"picked":"SKIP","floor":14.0},{"not_picked":["Venomology","Phantasmal Killer"],"picked":"After Image","floor":16},{"not_picked":["Slice","Sucker Punch+1"],"picked":"PiercingWail","floor":18},{"not_picked":["Outmaneuver","Expertise","Sucker Punch+1"],"picked":"SKIP","floor":19},{"not_picked":["Bane","Outmaneuver"],"picked":"Blur","floor":23}],"player_experience":642098,"relics_obtained":[{"floor":7.0,"key":"Kunai"},{"floor":9.0,"key":"Matryoshka"},{"floor":14.0,"key":"Dodecahedron"},{"floor":21,"key":"Dream Catcher"},{"floor":21,"key":"Centennial Puzzle"},{"floor":23,"key":"Pocketwatch"}],"event_choices":[{"damage_healed":0.0,"max_hp_gain":0.0,"max_hp_loss":0.0,"gold_gain":0.0,"cards_transformed":["Strike_G"],"event_name":"Transmorgrifier","player_choice":"Transformed","floor":2.0,"gold_loss":0.0,"damage_taken":0.0,"cards_obtained":["Skewer"]},{"damage_healed":0.0,"max_hp_gain":0.0,"max_hp_loss":0.0,"gold_gain":58.0,"event_name":"Golden Wing","player_choice":"Gained Gold","floor":11.0,"gold_loss":0.0,"damage_taken":0.0},{"damage_healed":0,"gold_gain":0,"player_choice":"Ignored","damage_taken":0,"max_hp_gain":0,"max_hp_loss":0,"event_name":"Ghosts","floor":20,"gold_loss":0}],"is_beta":false,"boss_relics":[{"not_picked":["WristBlade","Tiny House"],"picked":"Fusion Hammer"}],"items_purged_floors":[],"is_endless":false,"potions_floor_spawned":[3,13,14,16],"killed_by":"3 Cultists","ascension_level":15}