{"gold_per_floor":[17,17,17,29,46,46,77,77,145,160,160,160,173,207,207,304,304,315,315,326,326,342,372,372,405,405,422,108,108,108,128,128,225,225,244,244,295,295,295,295,315,331,331,342,373,3,3,14,14,14],"floor_reached":51,"playtime":7274,"items_purged":[],"score":895,"play_id":"bb681565-53b2-4bc6-9c94-126bd5b5d3c9","local_time":"20180807210828","is_ascension_mode":true,"campfire_choices":[{"data":"Defragment","floor":6,"key":"SMITH"},{"data":"Auto Shields","floor":8,"key":"SMITH"},{"floor":12,"key":"REST"},{"data":"Defragment","floor":15,"key":"SMITH"},{"data":"Sweeping Beam","floor":24,"key":"SMITH"},{"data":"Streamline","floor":29,"key":"SMITH"},{"floor":32,"key":"REST"},{"data":"Seek","floor":40,"key":"SMITH"},{"data":"Machine Learning","floor":47,"key":"SMITH"},{"data":"Mind Blast","floor":49,"key":"SMITH"}],"neow_cost":"NO_GOLD","seed_source_timestamp":90870013274009,"circlet_count":0,"master_deck":["Strike_B+1","Strike_B+1","Strike_B+1","Strike_B+1","Defend_B+1","Defend_B+1","Defend_B+1","Zap+1","Dualcast","Echo Form","Defragment+1","Genetic Algorithm+1","Auto Shields+1","Auto Shields","Defragment+1","Coolheaded","Steam","Core Surge","Seek+1","Doom and Gloom+1","Sweeping Beam+1","Streamline+1","Coolheaded","Chaos","Stack+1","Aggregate","Echo Form","Rebound+1","Compile Driver+1","Bandage Up","Rip and Tear+1","Hologram","Streamline+1","Aggregate+1","Capacitor","Machine Learning+1","Mind Blast+1"],"relics":["Cracked Core","Lantern","Letter Opener","Bottled Lightning","Nuclear Battery","Blue Candle","Oddly Smooth Stone","Pantograph","Bottled Tornado","Philosopher\u0027s Stone","StoneCalendar","Dead Branch","Du-Vu Doll","War Paint"],"potions_floor_usage":[16,23,25,25,33,39,41,45,50,50,50],"damage_taken":[{"damage":9,"enemies":"Jaw Worm","floor":1,"turns":4},{"damage":4,"enemies":"Small Slimes","floor":4,"turns":4},{"damage":1,"enemies":"Cultist","floor":5,"turns":4},{"damage":24,"enemies":"Gremlin Nob","floor":7,"turns":4},{"damage":11,"enemies":"Exordium Thugs","floor":10,"turns":4},{"damage":5,"enemies":"Blue Slaver","floor":13,"turns":4},{"damage":0,"enemies":"Lagavulin","floor":14,"turns":6},{"damage":16,"enemies":"The Guardian","floor":16,"turns":11},{"damage":2,"enemies":"Chosen","floor":18,"turns":6},{"damage":0,"enemies":"Shell Parasite","floor":20,"turns":4},{"damage":0,"enemies":"Chosen and Byrds","floor":22,"turns":5},{"damage":29,"enemies":"Gremlin Leader","floor":23,"turns":8},{"damage":2,"enemies":"Slavers","floor":25,"turns":5},{"damage":9,"enemies":"Cultist and Chosen","floor":27,"turns":4},{"damage":4,"enemies":"Centurion and Healer","floor":31,"turns":5},{"damage":13,"enemies":"Collector","floor":33,"turns":8},{"damage":1,"enemies":"3 Darklings","floor":35,"turns":2},{"damage":7,"floor":37,"turns":4},{"damage":18,"floor":39,"turns":6},{"damage":5,"enemies":"3 Shapes","floor":41,"turns":4},{"damage":0,"enemies":"Flame Bruiser 2 Orb","floor":42,"turns":5},{"damage":7,"enemies":"3 Darklings","floor":44,"turns":3},{"damage":0,"enemies":"Nemesis","floor":45,"turns":5},{"damage":7,"enemies":"Transient","floor":48,"turns":5},{"damage":56,"enemies":"Time Eater","floor":50,"turns":9}],"seed_played":"6610585878334060009","potions_obtained":[{"floor":1,"key":"LiquidBronze"},{"floor":13,"key":"SteroidPotion"},{"floor":16,"key":"Swift Potion"},{"floor":20,"key":"Dexterity Potion"},{"floor":23,"key":"Poison Potion"},{"floor":25,"key":"FearPotion"},{"floor":31,"key":"Weak Potion"},{"floor":37,"key":"Block Potion"},{"floor":42,"key":"Ancient Potion"}],"is_trial":false,"path_per_floor":["M","?","$","M","M","R","E","R","T","M","?","R","M","E","R","B",null,"M","?","M","?","M","E","R","E","T","M","$","R","?","M","R","B",null,"M","?","?","?","?","R","M","M","T","M","E","$","R","M","R","B"],"character_chosen":"DEFECT","items_purchased":["Bottled Tornado","Aggregate","FocusPotion","SteroidPotion","Machine Learning","Mind Blast"],"campfire_rested":2,"item_purchase_floors":[28,28,46,46,46,46],"current_hp_per_floor":[66,66,66,62,61,61,37,37,37,26,26,48,43,43,43,27,75,73,73,73,73,73,44,44,42,42,33,33,33,33,29,51,62,75,74,74,67,67,65,65,60,68,68,65,69,69,69,66,66,23],"gold":14,"neow_bonus":"THREE_RARE_CARDS","is_prod":false,"is_daily":false,"chose_seed":false,"campfire_upgraded":8,"win_rate":0,"timestamp":1533690508,"path_taken":["M","?","?","M","M","R","E","R","T","?","?","R","M","E","R","BOSS","M","?","M","?","?","E","R","E","T","M","$","R","?","?","R","BOSS","M","?","?","?","?","R","M","?","T","M","E","$","R","M","R","BOSS"],"build_version":"2018-08-02","purchased_purges":0,"victory":true,"max_hp_per_floor":[75,75,75,75,75,75,75,75,75,75,75,75,75,75,75,75,75,75,75,75,75,75,75,75,75,75,75,75,75,75,75,75,75,75,75,75,75,75,75,75,75,75,75,75,75,75,75,75,75,75],"card_choices":[{"not_picked":["Meteor Strike","Amplify"],"picked":"Echo Form","floor":0},{"not_picked":["Heatsinks","Storm"],"picked":"Defragment","floor":1},{"not_picked":["Leap","Gash"],"picked":"Genetic Algorithm","floor":4},{"not_picked":["Hologram","Capacitor"],"picked":"Auto Shields","floor":5},{"not_picked":["Sunder","Beam Cell"],"picked":"Auto Shields","floor":7},{"not_picked":["Compile Driver","Doom and Gloom"],"picked":"Defragment","floor":10},{"not_picked":["Redo","Static Discharge"],"picked":"Steam","floor":13},{"not_picked":["Ball Lightning","Gash"],"picked":"Core Surge","floor":14},{"not_picked":["Core Surge","Multi-Cast"],"picked":"Seek","floor":16},{"not_picked":["Lockon","Heatsinks"],"picked":"Doom and Gloom+1","floor":18},{"not_picked":["Turbo","Consume"],"picked":"Sweeping Beam","floor":20},{"not_picked":["Undo","Beam Cell"],"picked":"Streamline","floor":22},{"not_picked":["Rebound","Aggregate"],"picked":"Coolheaded","floor":23},{"not_picked":["FTL","Sunder"],"picked":"Chaos","floor":25},{"not_picked":["Redo","Storm"],"picked":"Stack+1","floor":27},{"not_picked":["Ball Lightning","Turbo"],"picked":"Rebound+1","floor":31},{"not_picked":["Chill","Stack"],"picked":"Compile Driver+1","floor":35},{"not_picked":["Finesse","Good Instincts"],"picked":"Bandage Up","floor":36},{"not_picked":["Turbo","Redo"],"picked":"Rip and Tear+1","floor":37},{"not_picked":["Turbo","Scrape"],"picked":"Hologram","floor":39},{"not_picked":["Barrage+1","Sweeping Beam+1"],"picked":"Streamline+1","floor":41},{"not_picked":["Fusion+1","Sunder"],"picked":"Aggregate+1","floor":42},{"not_picked":["Fusion+1","Steam Power+1","Doom and Gloom+1"],"picked":"SKIP","floor":44},{"not_picked":["Beam Cell","Ball Lightning+1"],"picked":"Capacitor","floor":45},{"not_picked":["Fusion","Coolheaded+1","Conserve Battery"],"picked":"SKIP","floor":48}],"player_experience":242953,"relics_obtained":[{"floor":7,"key":"Lantern"},{"floor":9,"key":"Letter Opener"},{"floor":14,"key":"Bottled Lightning"},{"floor":23,"key":"Blue Candle"},{"floor":25,"key":"Oddly Smooth Stone"},{"floor":26,"key":"Pantograph"},{"floor":37,"key":"StoneCalendar"},{"floor":39,"key":"Dead Branch"},{"floor":43,"key":"Du-Vu Doll"},{"floor":45,"key":"War Paint"}],"event_choices":[{"event_name":"The Cleric","player_choice":"Leave","floor":2,"damage_taken":0},{"event_name":"Transmorgrifier","player_choice":"Transform","floor":11,"damage_taken":0},{"event_name":"N\u0027loth","player_choice":"Ignored","floor":19,"damage_taken":0},{"event_name":"Back to Basics","player_choice":"Simplicity","floor":21,"damage_taken":0},{"event_name":"Duplicator","player_choice":"One dupe","floor":30,"damage_taken":0},{"event_name":"SensoryStone","player_choice":"Memory 1","floor":36,"damage_taken":0},{"event_name":"Mysterious Sphere","player_choice":"Fight","floor":37,"damage_taken":0},{"event_name":"Tomb of Lord Red Mask","player_choice":"Ignored","floor":38,"damage_taken":0},{"event_name":"MindBloom","player_choice":"Fight","floor":39,"damage_taken":0}],"is_beta":false,"boss_relics":[{"not_picked":["Black Star","Tiny House"],"picked":"Nuclear Battery"},{"not_picked":["Astrolabe","Fusion Hammer"],"picked":"Philosopher\u0027s Stone"}],"items_purged_floors":[],"is_endless":false,"potions_floor_spawned":[1,13,16,20,23,25,31,37,42,48],"ascension_level":4}